2477 3643
199 713 280 751 111.
296 712 393 749 Con-

164 764 362 815 glutinatio

161 816 291 869 liuguae
311 828 394 853 cum

162 869 320 920 glstglVlS
335 896 345 910 ,

161 920 361 970 gingivarfi

161 983 246 1008 cum
261 972 394 1017 buccis,

160 1024 281 1060 uvulae
309 1037 391 1061 cum

161 1075 289 1113 vicinis
301 1089 390 1129 par-

162 1127 269 1166 tibus.

185 1431 204 1467 1
223 1426 265 1467 V.
299 1429 390 1469 Oris

158 1481 326 1520 mistura

159 1533 219 1571 seu
246 1535 366 1586 capis-

155 1587 283 1630 tmtio,
305 1589 390 1627 vul-

149 1634 207 1690 go
223 1639 377 1680 bridure.

430 129 528 183 374·
783 118 894 164 DE
958 115 1325 162 MoRss1s
1392 115 1888 165 VENERms.

432 196 609 240 coCtum
645 193 801 241 radicis
835 194 1047 257 graminis
1068 194 1138 240 vel
1162 191 1351 239 cichorii
1368 190 1567 240 silvestris
1589 192 1702 256 aqua
1719 192 1880 240 eadem
1898 192 2076 242 Rabelii
2095 195 2276 264 imprae3

432 274 619 323 gnatum
636 260 689 305 ad
706 276 874 324 gratam
893 260 1164 305 aciditatem.

505 326 565 386 3⁰.
596 326 789 371 Memini
821 325 868 370 in
893 323 990 370 casu
1023 317 1376 386 similiprofuiffe
1396 319 1444 366 in
1467 336 1708 384 aegrotante
1724 321 1919 387 quodam
1957 323 2130 371 narium
2150 325 2271 375 inte-

436 388 557 435 riora
577 423 589 444 ,
602 407 697 454 quae
729 389 929 436 faucibus
946 387 1148 453 proxima
1168 386 1336 433 adstant
1355 420 1368 439 ‚
1400 386 1521 433 unde
1537 385 1905 451 haemorrhagiam
1924 405 2106 452 gravem
2127 391 2270 456 patie-
2321 411 2332 415 ”

436 453 566 500 batur
584 489 595 507 ‚
621 454 744 501 ferro
771 453 977 500 tenuiore
994 486 1005 504 ‚
1035 469 1224 498 recurvo
1254 458 1299 498 δε
1318 452 1478 498 leviter
1498 452 1715 498 candente
1730 487 1742 505 ‚
1765 454 1923 500 canalis
1943 472 2028 519 ope
2051 454 2097 500 in
2115 456 2270 504 nasum

437 518 708 566 extrinsecus
728 517 918 564 immiffo
934 551 947 571 ,
967 516 1262 569 comburere3
1286 516 1399 563 duro
1426 516 1610 579 quidem
1644 517 1828 563 consilio
1843 552 1855 570 ,
1877 518 1950 566 sed
1971 520 2094 583 quod
2111 520 2270 569 durior

439 584 663 631 necessitas
689 583 924 635 suadebat,
947 587 992 628 δε
1021 583 1145 646 quod
1175 581 1299 629 felici
1331 581 1674 645 comprobatum
1699 581 1783 627 fuit
1804 585 1954 637 exitu,
1985 584 2086 630 cum
2118 585 2169 632 ea
2199 604 2273 643 ra<

439 648 565 695 tione
583 655 627 695 δε
647 647 969 712 haemorrhagia
988 647 1184 694 restincta
1202 681 1213 700 ‚
1238 652 1282 692 &
1300 664 1412 710 aeger
1436 646 1490 692 ab
1507 646 1602 692 orci
1620 645 1820 693 faucibus
1836 666 2067 695 revocatus
2080 649 2236 697 fuerit.

500 718 599 760 III.
626 712 873 776 Contingit
906 730 1243 776 nonnumquam
1271 746 1282 764 ‚
1310 728 1357 757 ut
1388 710 1488 758 cum
1522 711 1611 756 oris
1645 712 1794 757 ulcera
1819 713 1876 758 ad
1908 713 2162 762 cicatricem
2191 733 2269 762 ve-

439 778 568 824 niunt
598 812 611 832 ‚
643 777 775 824 erosae
813 778 974 840 linguae
1014 778 1151 823 latera
1180 775 1420 842 praesertim
1451 777 1569 822 circa
1608 776 1806 823 radicem
1845 794 1946 823 cum
1977 778 2269 829 interioribus

439 843 633 905 gingivis
651 860 745 906 quae
777 842 976 907 appositae
1013 842 1110 888 sunt
1135 876 1147 895 ,
1177 842 1367 905 gingivae
1388 841 1632 888 exteriores
1653 859 1755 887 cum
1781 840 1972 888 adversis
1994 843 2173 900 buccis,
2190 861 2265 894 aut

440 925 494 953 uv
504 908 573 954 ula
591 907 679 955 sive
708 908 942 955 columella
967 926 1067 954 cum
1091 907 1284 953 finitimo
1304 907 1520 952 lacunaris
1538 904 1715 953 fornice
1736 905 2000 954 coalescant.

503 977 622 1020 Leve
644 974 828 1037 quidem
858 973 1020 1019 malum
1055 978 1100 1017 Sc
1123 972 1246 1035 quod
1280 972 1429 1018 omitti
1458 972 1598 1035 potest
1618 1006 1630 1023 ,
1660 971 1689 1016 fi
1713 972 1883 1018 nullum
1917 971 2071 1019 afferat
2093 973 2273 1020 incom-

438 1037 641 1084 modum.
683 1039 761 1084 Sin
797 1038 920 1084 aliter
952 1037 1061 1084 verb
1094 1053 1274 1100 oportet
1300 1036 1572 1083 medicinam
1604 1036 1822 1084 adhibere
1866 1042 1910 1082 δέ
1939 1054 2188 1102 promptam
2220 1045 2272 1087 δε

436 1101 617 1150 facilem
636 1136 648 1155 ‚
670 1120 829 1167 nempe
852 1103 961 1148 dum
986 1102 1168 1147 cicatrix
1187 1120 1337 1149 recens
1360 1103 1418 1148 est
1433 1136 1446 1155 ,
1469 1117 1612 1164 partes
1629 1102 1742 1148 male
1762 1101 1930 1148 coalitae
1949 1102 2104 1149 adacto
2123 1103 2271 1166 digito

438 1165 720 1214 diffociandae
739 1187 750 1221 3
769 1167 799 1212 si
817 1168 925 1214 vero
947 1167 1119 1212 firmior
1140 1172 1183 1212 δέ
1205 1167 1430 1230 antiquior
1455 1165 1505 1211 sit
1525 1200 1538 1219 ‚
1561 1166 1766 1231 scalpello
1787 1184 1840 1213 ex
1863 1184 1956 1214 arte
1983 1167 2270 1222 diffecandae3

436 1249 487 1277 ac
508 1232 654 1297 postea
671 1234 920 1280 cavendum
941 1249 997 1279 ne
1017 1231 1149 1279 semel
1166 1231 1362 1279 discretae
1383 1231 1743 1278 denuoinvicem
1759 1232 2091 1295 agglutinentur
2110 1267 2121 1285 ‚
2143 1233 2274 1280 ideo-

436 1313 524 1359 que
544 1297 777 1358 interje&o
799 1297 1010 1362 penicillo
1030 1296 1236 1344 molliore
1255 1330 1267 1350 ‚
1301 1297 1377 1361 qui
1400 1296 1587 1343 decocto
1608 1297 1871 1360 detergente
1892 1298 1963 1344 vel
1996 1298 2101 1344 vino
2130 1297 2266 1345 rubro

439 1359 635 1409 imbutus
655 1363 703 1408 sit
718 1395 732 1415 ,
749 1363 911 1409 blande
932 1362 1093 1427 pluries
1112 1362 1157 1407 in
1172 1362 1246 1408 die
1266 1361 1473 1409 fovendae
1493 1360 1591 1407 sunt
1610 1395 1623 1414 ,
1641 1361 1787 1408 donec
1800 1362 1982 1407 cicatrix
1997 1362 2263 1410 obducatur.

496 1431 513 1472 I
532 1432 585 1475 V.
623 1427 831 1474 Tandem
866 1427 1054 1488 superest
1087 1426 1326 1490 aliquando
1365 1429 1457 1492 post
1488 1441 1637 1472 curata
1658 1427 1806 1472 ulcera
1840 1445 1890 1473 ea
1923 1426 2013 1473 oris
2042 1428 2237 1474 st1·i6l:ura
2252 1460 2268 1481 ,

437 1491 572 1555 vulgo
589 1491 757 1538 bridure
776 1530 789 1546 ,
810 1491 895 1555 qua
918 1491 1094 1537 maxilla
1112 1490 1311 1540 inferior
1324 1490 1418 1538 fere
1448 1490 1692 1537 immobilis
1722 1497 1766 1537 ὅ(
1786 1490 1903 1554 quali
1939 1490 2166 1555 capistrata
2189 1510 2270 1540 ne-

434 1557 534 1621 quit
551 1557 574 1602 a
596 1555 823 1620 superiore
853 1557 1017 1604 deduci
1045 1555 1133 1602 ulla
1158 1557 1330 1603 ratione
1346 1590 1359 1609 ,
1381 1556 1452 1602 vel
1479 1553 1633 1602 saltem
1653 1556 1712 1601 ita
1742 1556 1896 1619 parum
1927 1555 2191 1608 deducitur,
2221 1572 2269 1604 ut

435 1639 484 1669 os
514 1620 724 1668 adstrictis
758 1621 937 1668 fortiter
974 1620 1182 1668 dentibus
1212 1621 1334 1667 nullo
1363 1621 1434 1667 vel
1470 1622 1651 1684 angusto
1680 1620 1853 1666 tantum
1880 1620 2003 1666 hiatu
2070 1620 2231 1667 atescat
2252 1654 2267 1674 ‚

434 1686 553 1734 unde
580 1686 791 1733 alimenta
811 1686 1023 1733 solidiora
1042 1687 1088 1731 'm
1110 1703 1159 1731 os
1176 1685 1273 1732 indi
1288 1720 1301 1740 ‚
1315 1686 1517 1733 inditave
1535 1684 1750 1731 masticari
1767 1719 1780 1738 ‚
1797 1702 1871 1731 aut
1889 1686 2010 1733 vocis
2028 1639 2160 1732 sonus
2179 1685 2271 1742 dii}

432 1751 568 1797 tinore
595 1752 785 1815 exprimi
809 1752 880 1798 vix
903 1750 1091 1816 poisunt.

495 1817 618 1863 Solet
639 1816 725 1863 hoc
751 1816 915 1862 malum
934 1815 1027 1863 fere
1049 1832 1312 1881 perpetuum
1327 1815 1413 1863 esse
1435 1849 1446 1868 ,
1468 1814 1837 1879 quotiescumque
1860 1813 2064 1861 tendines
2086 1813 2265 1861 muscu-

431 1880 580 1927 lorum
616 1880 940 1927 mansoriotum
956 1915 969 1934 ‚
990 1883 1068 1945 qui
1088 1881 1133 1928 in
1149 1882 1427 1927 maxillarum
1450 1878 1740 1926 commiffiuis
1762 1879 1928 1924 adstant
1953 1913 1965 1931 ‚
1994 1879 2105 1924 male
2120 1877 2266 1925 affecti

430 1945 530 1991 sunt
554 1945 625 1991 vel
655 1946 708 1990 ab
729 1946 961 1991 altioribus
981 1946 1204 1992 ulceribus
1236 1964 1289 1993 ea
1319 1947 1408 1991 oris
1429 1945 1529 1990 loca
1560 1943 1897 2008 depascentibus
1917 1977 1929 1995 ,
1949 1944 2021 1990 vel
2043 1943 2097 1989 ab
2118 1945 2263 1990 acrio-

429 2010 551 2056 ribus
578 2010 892 2060 cathaereticis‚
911 2028 1004 2073 qua:
1032 2010 1086 2055 ad
1117 2010 1379 2073 extirpanda
1406 2027 1559 2055 earum
1579 2010 1774 2073 partium
1805 2008 1953 2054 ulcera
1981 2006 2256 2055 affricantur.

430 2074 552 2120 Hinc
573 2076 690 2122 enim
711 2074 881 2120 elastica
904 2073 1084 2119 stamina
1100 2107 1111 2126 ,
1131 2074 1289 2136 quibus
1306 2073 1509 2119 tendinei
1536 2072 1724 2118 funiculi
1748 2073 1946 2117 constant
1963 2104 1974 2123 ‚
1997 2075 2157 2136 puncta
2172 2107 2183 2126 ‚
2202 2074 2267 2119 ir-

429 2138 560 2185 ritata
576 2173 588 2191 ‚
610 2137 798 2185 laceffita
817 2138 1229 2202 quomodocunque
1249 2136 1430 2201 crispari
1463 2143 1508 2183 δε
1537 2137 1585 2182 in
1604 2136 1785 2184 brevius
1805 2135 2010 2183 contrahi
2038 2137 2262 2185 necessum

427 2205 488 2251 est
504 2238 516 2256 ‚
538 2203 656 2250 haud
672 2202 835 2260 dispari
853 2202 945 2250 fere
965 2202 1103 2248 modo
1122 2222 1169 2248 ac
1187 2202 1339 2249 cartha
1354 2219 1621 2267 pergamena
1634 2201 1687 2247 ad
1709 2202 1860 2264 ignem
1881 2199 2058 2265 propius
2080 2202 2260 2250 admota

426 2284 706 2330 corrugatur.
734 2263 1021 2331 Quapropter
1053 2267 1237 2312 minime
1263 2268 1424 2312 mirum
1453 2264 1483 2312 fi
1516 2266 1690 2312 retracti
1720 2284 1775 2311 eo
1804 2266 1943 2312 modo
1975 2266 2181 2314 tendines
2210 2286 2260 2314 ac

426 2332 695 2380 extensionis
719 2334 905 2396 pristina·
925 2337 1010 2394 jam
1028 2331 1163 2379 nescii
1183 2331 1449 2378 inferiorem
1470 2331 1692 2377 maxillam
1727 2329 1944 2394 superiori
1965 2346 2054 2376 tam
2075 2330 2265 2379 firmiter

424 2398 678 2462 applicitam
711 2397 964 2449 detineant,
991 2402 1034 2442 ὃς
1072 2398 1163 2442 oris
1183 2397 1430 2443 diduetioni
1458 2412 1549 2441 tam
1580 2395 1726 2442 valide
1756 2395 1927 2453 obstent
1947 2427 1959 2446 ,
1979 2412 2026 2440 ut
2050 2396 2262 2457 quantus-

424 2480 617 2525 cumque
637 2461 752 2508 nisus
768 2462 813 2508 in
833 2460 1069 2508 adversum
1088 2461 1162 2508 fiat
1179 2495 1191 2515 ‚
1213 2462 1460 2508 renitantur
1480 2460 1557 2526 ipsi
1574 2476 1808 2506 momento
1828 2457 2056 2524 superiore
2075 2493 2089 2513 ,
2107 2461 2256 2511 donec

427 2525 751 2590 discerpantur.

490 2595 639 2639 Grave
671 2590 857 2654 quidem
888 2590 1052 2636 malum
1071 2592 1155 2641 est,
1176 2591 1386 2654 tantoque
1407 2588 1584 2654 gravius
1615 2588 1737 2652 quod
1768 2587 2115 2636 inemendabile.
2146 2593 2259 2638 Sunt

459 2656 503 2702 ui
523 2654 847 2719 gargarismatis
874 2655 1208 2702 emollientibus
1236 2673 1290 2702 ex
1313 2655 1507 2702 decoctis
1530 2654 1752 2700 radicibus
1768 2653 1930 2698 althaeae
1949 2686 1960 2705 ,
1978 2652 2152 2700 brancae
2179 2673 2259 2703 ur·-

423 2674 547 2772 iinae,
569 2720 736 2770 malvae,
753 2719 1080 2783 seminibusque
1100 2720 1179 2765 lini
1198 2753 1210 2771 ,
1232 2719 1371 2782 psyllii
1390 2725 1476 2765 &c.
1493 2721 1743 2765 contraCtos
1764 2717 1968 2763 tendines
1986 2733 2159 2765 tentent
2179 2738 2254 2767 re-

426 2784 572 2831 laxare
584 2818 597 2836 ,
614 2783 689 2830 sed
706 2782 859 2830 frustra
875 2803 886 2837 ·,
904 2801 1046 2847 neque
1067 2785 1188 2830 enim
1203 2783 1516 2831 observatione
1535 2783 1741 2830 hactenus
1758 2797 2039 2846 compertum
2057 2784 2115 2829 est
2129 2785 2252 2849 poffe

426 2865 504 2896 eos
524 2867 717 2913 unquam
735 2849 892 2895 nativae
912 2848 1120 2895 mollitiei
1141 2848 1234 2895 ullo
1256 2849 1394 2895 modo
1415 2848 1594 2895 restitui.

488 2917 600 2961 Sunt
617 2914 689 2959 alii
711 2914 788 2977 qui
805 2914 966 2960 adastis
989 2913 1105 2959 intra
1128 2914 1283 2960 dentes
1307 2914 1503 2960 cuneolis
1525 2912 1683 2976 ligneis
1699 2910 1923 2957 maxillam
1945 2910 1991 2958 vi
2013 2910 2255 2966 diducere,

426 2995 476 3024 ac
505 2979 830 3025 mansoriorum
850 2979 1054 3025 tendines
1068 2979 1122 3024 ad
1143 2979 1337 3025 nativam
1356 2978 1658 3025 extenlionem
1678 2992 1892 3024 revocare
1909 2993 2128 3022 conentur
2143 3011 2155 3030 ,
2170 2992 2252 3024 nec

424 3042 629 3090 feliciore
655 3059 802 3089 tamen
820 3044 940 3089 exitu
955 3063 966 3098 ¹>
982 3043 1092 3088 nihil
1113 3044 1234 3090 enim
1252 3044 1320 3091 vel
1343 3042 1575 3089 minimum
1590 3041 1829 3107 'proficiunt
1846 3039 1999 3087 labore
2019 3041 2213 3086 maximo
2234 3070 2251 3091 ,

427 3125 475 3153 ac
493 3108 569 3153 ubi
589 3106 782 3172 primum
811 3109 866 3155 ab
893 3125 1030 3174 opere
1063 3108 1244 3157 taedioso
1268 3107 1476 3157 cessatum
1496 3110 1555 3156 est
1570 3141 1583 3163 ,
1602 3107 1693 3156 cito
1715 3106 1833 3173 perit
1859 3104 2059 3154 diuturni
2083 3103 2252 3152 laboris
2278 3128 2283 3134 ·

426 3172 606 3221 utilitas.
