2477 3643
616 155 1504 214 L1nnn1V.,CA1›u11X.
1881 169 1978 223 '3⁹77

201 234 281 284 'Sic
302 249 412 298 ergo
442 232 490 279 in
518 232 600 280 hac
619 234 754 280 etiam
776 234 995 281 methodo
1023 237 1333 300 aegrotantium
1358 237 1704 300 intemperantia
1734 242 1848 288 mala
1875 244 1983 309 saepe

147 307 349 347 creantur
372 298 649 362 graviffima3
671 315 765 361 quae
781 315 825 344 ut
846 301 1001 346 natura
1028 302 1184 365 eadem
1207 302 1304 348 sunt
1334 320 1436 349 cum
1455 302 1682 349 affeetibus
1701 304 1781 358 iis,
1800 306 1857 352 de
1882 311 1987 370 qui—1

147 364 227 411 bus
243 363 367 429 supra
384 397 396 416 ,
412 365 489 426 qui
507 364 553 408 in
575 363 776 428 pleniore
796 364 1107 429 hydrargyrosi
1130 368 1345 414 eveniunt
1363 401 1374 421 ,
1392 367 1447 414 fic
1467 386 1568 413 cum
1581 367 1739 415 iisdem
1757 387 1985 417 nonnum-

146 446 280 492 quam
313 428 453 492 gradu
479 434 526 474 δε
562 427 810 475 intensione
840 429 933 476 fere
969 432 1090 494 paria
1120 432 1257 485 fiunt,
1278 449 1410 497 atque
1445 433 1559 480 adeo
1591 432 1749 481 iisdem
1776 437 1986 483 remediis

146 493 452 557 impugnanda
472 493 573 539 sunt
595 527 607 545 ‚
631 493 686 538 de
713 493 871 556 quibus
883 493 1016 559 staprlz
1032 535 1044 549 ‚
1065 499 1144 541 loco
1165 499 1326 543 laudas.
1508 520 1532 542 ο

209 564 258 604 ΙΙ
278 564 310 603 l.
345 559 463 604 l-luic
484 558 608 605 alteri
627 558 939 622 hydrargyrosi
957 593 969 611 ,
993 560 1048 606 de
1068 561 1151 623 qua
1178 580 1294 607 nunc
1324 562 1500 626 quaestio
1528 564 1616 616 est,
1635 579 1683 609 ut
1708 581 1800 627 quae
1828 565 1884 611 ad
1913 584 1985 630 pa-

147 622 351 668 tiendum
374 627 418 668 δε
442 623 726 669 tolerandum
751 625 892 669 multo
923 623 1099 671 facilior
1122 625 1170 670 sit
1186 661 1197 679 ,
1230 628 1366 673 moris
1387 629 1445 674 est
1474 629 1635 674 novitii
1661 631 1845 692 quidem
1869 664 1880 683 ‚
1912 631 1985 677 sed

148 690 237 750 jam
266 687 434 752 recepti
453 705 717 752 aegrotantes
746 688 959 752 plurimos
985 690 1171 736 credere
1206 693 1360 738 natura
1392 692 1593 739 infirmos
1610 728 1621 745 ,
1642 694 1810 741 viribus
1831 697 1985 759 panim

149 752 348 800 valentes
366 786 379 805 ,
401 755 565 800 morbo
597 753 814 799 habituali
848 753 1077 800 exhaustos
1094 789 1104 806 ‚
1126 771 1174 800 ut
1195 757 1498 820 pulmonarios
1517 792 1527 808 ,
1551 758 1726 805 tabidos
1743 793 1756 812 ‚
1791 760 1986 826 lia-‘mop-

149 816 292 863 toicos
312 851 323 870 ,
355 818 616 883 epilepticos
634 852 645 870 ,
668 817 944 864 scorbuticos
961 853 972 870 ,
996 821 1265 883 podagricos
1282 856 1292 875 ,
1313 823 1607 886 mulieresque
1635 841 1811 871 uterum
1826 842 1989 888 geren-

151 897 241 933 teS,
263 882 423 945 quibus
442 883 661 948 plerisque
680 882 884 947 pleniore
905 883 1217 947 hydrargyrofi
1239 887 1348 932 olim
1367 886 1656 934 interdicstum
1675 907 1782 936 erat.
1819 895 1989 952 Neque

150 946 253 992 sane
283 948 439 992 mutati
472 948 640 994 consilii
674 947 984 1011 poenitendum
1019 949 1102 996 effe
1129 950 1308 997 videtur
1327 985 1339 1003 ,
1368 969 1458 1014 quo
1493 970 1582 998 non
1616 952 1756 1000 solum
1787 955 1988 1001 usitatum

153 1011 230 1058 sed
255 1013 390 1058 etiam
417 1013 734 1075 quotidianum
758 1013 816 1058 est
832 1015 1141 1075 aegrotantium
1163 1016 1376 1078 plurimos
1397 1016 1450 1062 ab
1469 1017 1721 1065 inveterato
1740 1020 1901 1067 morbo
1921 1020 1992 1068 se-

152 1075 300 1123 liciter
328 1077 638 1125 convalescere
656 1110 668 1129 ‚
696 1078 772 1139 qui
801 1093 1011 1140 tanquam
1035 1079 1258 1143 deplorati
1288 1096 1450 1127 naturae
1472 1082 1641 1139 viribus
1661 1119 1672 1136 ,
1705 1086 1775 1131 vel
1797 1086 1850 1130 ad
1871 1086 1989 1131 sum-

152 1159 278 1188 mum
305 1142 590 1205 mitigatoriis
609 1141 684 1189 sed
702 1139 1003 1189 inefficacibus
1025 1143 1288 1207 quibusdam
1314 1146 1484 1192 auxiliis
1501 1149 1731 1209 quondam
1757 1151 1990 1214 permitte-

153 1205 317 1252 bantur
336 1240 348 1259 ,
375 1207 521 1255 donec
552 1206 765 1273 paulatim
792 1206 956 1254 morbo
989 1207 1185 1255 confecti
1219 1227 1414 1257 mortem
1435 1212 1641 1260 miseram
1670 1215 1992 1264 occumberent

155 1287 259 1317 ante
291 1271 428 1318 diem.

217 1339 278 1381 At
297 1337 405 1383 vero
423 1371 436 1390 ‚
470 1337 572 1383 cum
591 1336 704 1385 nihil
730 1354 938 1386 occurrat
967 1339 1090 1403 quod
1111 1356 1163 1385 ex
1195 1339 1320 1385 omni
1342 1356 1463 1406 parte
1483 1341 1504 1386 a
1527 1343 1722 1406 periculo
1747 1359 1892 1390 tutum
1914 1345 1993 1399 sit,

155 1399 264 1447 inde
292 1400 415 1448 simul
440 1401 647 1449 effectum
677 1406 737 1450 est
755 1419 803 1450 ut
822 1404 976 1450 mitior
1001 1405 1092 1450 liaec
1111 1402 1203 1468 ipsa
1218 1405 1595 1470 hydrargyroseos
1623 1408 1787 1473 species
1806 1443 1817 1461 ‚
1837 1425 1997 1455 utcun-

154 1483 245 1530 que
271 1467 427 1512 natura
454 1466 619 1514 blanda
649 1468 699 1514 fit
721 1502 733 1522 ‚
766 1467 1028 1515 infortuniis
1059 1486 1209 1515 tamen
1242 1487 1335 1515 non
1367 1473 1515 1535 paucis
1541 1473 1740 1519 obnoxia
1765 1474 1997 1521 interdum

154 1529 240 1578 esse
260 1531 394 1579 soleat
416 1566 428 1584 ,
450 1551 544 1596 quae
569 1536 673 1579 cum
693 1533 831 1581 altera
853 1534 1111 1580 communia
1128 1533 1263 1580 habet
1283 1567 1296 1587 ,
1321 1551 1368 1581 ut
1401 1535 1527 1600 sputo
1560 1538 1780 1602 sau-guinis
1820 1540 1867 1584 in
1906 1540 1998 1584 hae-

152 1597 424 1662 moptoicis,
452 1597 686 1644 insultibus
721 1598 871 1644 morbi
890 1599 1046 1645 caduci
1079 1597 1168 1644 sive
1191 1598 1351 1646 sontici
1377 1600 1424 1646 in
1456 1601 1701 1667 epilepticis
1726 1638 1739 1666 ³.
1775 1603 1998 1651 ulceribus

157 1663 248 1707 oris
268 1662 593 1725 phagedaenicis
626 1664 674 1709 in
708 1662 969 1709 scorbuticis
988 1697 1000 1716 ,
1021 1662 1293 1728 paroxysmis
1320 1665 1573 1728 podagricis
1592 1701 1604 1719 ‚
1636 1668 1817 1714 abortui
1836 1702 1848 1720 ‚
1871 1684 1999 1716 caete-

159 1727 308 1790 risque
335 1727 381 1772 id
414 1743 552 1790 genus
584 1745 774 1774 numero
801 1727 862 1772 sat
886 1728 1052 1773 multis.
1088 1730 1405 1786 Quamturnvis
1435 1731 1555 1777 enim
1579 1737 1624 1778 δι’
1649 1733 1791 1796 parcis
1819 1733 2000 1779 dofibus

160 1797 207 1839 δέ
224 1792 369 1855 longis
383 1791 626 1838 intervallis
644 1792 897 1838 Mercurius
915 1793 1194 1844 adhibeatur,
1210 1796 1495 1855 quantumvis
1510 1796 1641 1842 tacite
1658 1797 1749 1843 vim
1765 1796 1883 1845 suam
1900 1815 1999 1845 exe-

159 1873 227 1904 rat
242 1858 288 1902 in
307 1856 593 1922 profligando
610 1858 800 1903 seminio
817 1856 1049 1909 morboso,
1065 1858 1140 1903 vix
1156 1874 1348 1920 unquam
1364 1858 1459 1905 fieri
1474 1863 1616 1925 potest
1629 1876 1675 1907 ut
1693 1879 1772 1908 nec
1793 1862 1840 1907 in
1859 1863 1999 1926 liqui-

158 1921 229 1969 dis
260 1921 511 1985 orgasmum
536 1956 549 1975 ‚
577 1939 660 1969 nec
689 1923 737 1968 in
766 1921 918 1968 solidis
942 1921 1231 1969 eretliismum
1265 1923 1402 1968 ullum
1436 1926 1629 1978 excitet3
1657 1942 1868 1972 neutrum
1889 1928 1999 1974 vero

159 1987 352 2036 excitare
376 2004 572 2050 unquam
604 1988 744 2052 potest
765 1987 813 2032 in
832 1986 1147 2050 aegrotantibus
1168 1987 1324 2032 natura
1344 1987 1532 2035 infirmis
1549 2023 1560 2042 ,
1581 1990 1840 2037 cachefflcis
1856 2025 1868 2044 ‚
1894 2010 2001 2037 cor-

163 2070 275 2118 pore
300 2052 415 2098 male
438 2052 683 2098 constitutis
703 2086 715 2105 ,
743 2052 851 2115 quin
876 2051 1123 2116 periculum
1147 2052 1391 2097 maximum
1410 2053 1517 2101 inde
1539 2055 1772 2102 immineat
1788 2090 1800 2108 ,
1827 2075 1884 2103 ne
1902 2056 2001 2103 the-

163 2118 313 2182 rapeia
340 2118 386 2164 in
411 2116 713 2163 infortunium
739 2116 971 2180 quoddam
999 2132 1210 2180 eruptura
1239 2115 1289 2162 sit
1310 2151 1322 2170 ‚
1345 2118 1518 2165 varium
1551 2119 1735 2184 quidem
1762 2139 1845 2185 pro
1868 2123 1998 2169 vario

159 2183 269 2247 aegri
286 2184 394 2228 statu
409 2216 422 2235 ‚
446 2181 523 2228 sed
542 2200 786 2246 numquam
808 2182 832 2227 εὶ
854 2181 1057 2246 periculo
1082 2198 1284 2226 vacuum.

229 2248 301 2294 Sic
322 2264 428 2311 ergo
447 2247 493 2292 in
513 2248 716 2312 parciore
743 2264 924 2309 quoque
945 2244 1260 2308 hydrargyrosi
1280 2279 1293 2298 ,
1314 2247 1626 2309 aegrotantium
1644 2248 1906 2297 infirmitate
1926 2250 1998 2297 in-

161 2311 366 2359 fortunia
387 2313 546 2359 eadem
569 2312 800 2359 interdum
824 2312 1094 2374 contingunt
1111 2344 1122 2362 ‚
1143 2328 1192 2355 ac
1223 2310 1269 2355 in
1299 2311 1501 2375 pleniore
1526 2333 1534 2358 :
1566 2313 1830 2378 Plerumque
1849 2331 1999 2362 tamen

163 2377 297 2441 paulo
328 2377 508 2423 mitiora
535 2378 696 2439 quibus
716 2376 909 2440 proinde
928 2374 1203 2422 medendum
1232 2376 1291 2423 est
1322 2376 1492 2423 auxiliis
1521 2377 1680 2425 iisdem
1699 2414 1712 2433 ,
1746 2395 1842 2443 quae
1871 2381 1999 2426 allata

164 2441 266 2487 sunt
298 2446 446 2504 Capite
476 2443 682 2505 fhperiore
698 2479 714 2494 ,
751 2451 788 2498 ξ.
829 2459 870 2486 2.

223 2511 314 2553 IV.
352 2510 523 2551 Rarum
542 2507 602 2551 est
620 2505 710 2551 oris
734 2505 881 2551 ulcera
907 2504 1036 2551 altius
1055 2520 1294 2570 penetrare
1315 2505 1362 2552 in
1391 2506 1473 2555 hac
1501 2507 1881 2571 hydrargyroseos
1905 2508 1999 2574 spe-

166 2571 235 2619 cie
251 2604 264 2624 ,
287 2570 424 2616 rarius
443 2570 593 2616 ulcera
611 2570 770 2616 eadem
791 2569 890 2616 fieri
910 2570 1105 2633 maligna
1122 2604 1133 2623 ,
1157 2572 1398 2619 caco'e'thea
1415 2607 1427 2625 ,
1453 2572 1729 2637 dysepulota.
1773 2577 1918 2621 Potest
1934 2592 1998 2621 ta-

163 2654 274 2685 men
306 2652 546 2699 utrumque
581 2635 862 2681 medentium
894 2635 1178 2698 indiligentia
1209 2637 1450 2699 aliquando
1486 2639 1778 2701 contingere3
1813 2644 1860 2685 δέ
1892 2655 1997 2686 tunc

167 2702 328 2749 eadem
348 2701 500 2746 omnia
518 2698 764 2746 infortunia
785 2700 985 2747 timenda
1004 2699 1128 2754 sunt,
1151 2701 1208 2748 de
1227 2702 1388 2764 quibus
1409 2705 1616 2767 ficperiore
1649 2706 1796 2767 Capite
1827 2703 1996 2752 dietum

168 2769 230 2813 est
250 2799 262 2816 ‚
284 2777 322 2823 ξ.
349 2788 387 2827 3.
1567 2831 1592 2839 ss
1766 2831 1774 2840 .

233 2829 321 2876 Sed
351 2845 398 2875 ut
424 2830 500 2876 illa
525 2829 773 2877 infortunia
799 2829 985 2882 natura,
1014 2831 1141 2877 caus&
1160 2865 1172 2884 ,
1203 2831 1402 2895 periculo
1434 2849 1534 2879 cum
1565 2849 1617 2877 ns
1681 2834 1850 2879 roxnne
1883 2851 1995 2883 con-

169 2894 359 2942 veniunt
378 2928 390 2946 ,
416 2912 511 2957 quae
540 2895 721 2941 laudato
744 2896 846 2941 loco
877 2893 1163 2941 recensentur
1179 2929 1191 2946 ,
1217 2896 1272 2941 fic
1295 2897 1521 2943 medicina
1540 2898 1594 2943 ad
1614 2897 1642 2942 il
1666 2915 1689 2941 a
1719 2896 1871 2943 efficax
1892 2918 1995 2946 cum

167 2960 223 3008 ea
253 2961 497 3016 convenit,
526 2977 622 3025 quae
649 2959 821 3008 ibidem
849 2957 1074 3023 proposita
1093 2958 1206 3015 fuit,
1239 2965 1286 3008 ὃς
1307 2979 1359 3016 ex
1380 2962 1544 3016 eodem
1562 2961 1724 3025 Capite
1754 2966 1996 3029 repetenda

170 3026 254 3076 est.

1658 3289 1780 3335 Bbb

2033 579 2095 616 111
2138 582 2262 618 Εσπε-

2032 643 2071 667 ra
2095 631 2264 684 pleraque

2032 684 2239 735 p1aecedeu-

2032 737 2078 771 tis
2108 735 2264 773 metho-

2031 787 2066 826 di
2101 786 2268 826 infor-tu-

2033 840 2092 877 nia
2108 867 2119 884 ‚
2145 839 2169 876 si
2187 839 2209 876 h
2218 854 2265 891 y·-

2034 893 2268 944 drargyrofis

2035 948 2181 997 parcior
2199 959 2266 984 ca-

2035 997 2210 1035 cbefficis
2229 1027 2239 1040 ,

2037 1062 2079 1086 ac
2110 1062 2269 1103 corpore

2036 1103 2131 1141 male
2157 1103 2266 1140 cous-

2037 1156 2154 1192 titutis
2171 1155 2243 1192 ad-

2036 1208 2276 1255 ministretuq,

2093 2522 2157 2561 iv.
2189 2523 2276 2562 Ali-

2044 2575 2191 2625 quando
2215 2576 2278 2612 ul·-

2044 2638 2127 2663 cera
2140 2629 2210 2665 oris
2225 2628 2278 2665 al-

2045 2678 2116 2715 tius
2135 2693 2246 2730 pene-

2043 2740 2140 2767 trant
2153 2738 2186 2769 ὃ(
2203 2732 2275 2770 fit‘it:

2045 2783 2205 2835 maligna

2042 2835 2264 2876 medentium

2043 2886 2279 2941 negligentia.
