2477 3643
452 193 551 234 412
817 169 926 218 DE
988 167 1366 216 MORBIS
1430 160 1937 213 VENEREIS.

461 253 595 304 bustis
619 252 933 319 aegrotantibus
952 244 1148 314 ‚quibus
1178 247 1314 294 latera
1333 245 1463 293 firma
1491 245 1573 291 fint
1590 278 1604 298 ,
1632 243 1711 309 qui
1740 242 1978 291 tolerando
2006 241 2170 292 acriori
2191 245 2293 291 me}

465 319 681 368 dicamini
710 336 836 385 pates
856 317 941 365 else
960 315 1198 363 videantur
1213 344 1229 367 ,
1259 315 1305 357 &
1332 311 1493 377 quibus
1509 328 1602 358 non
1627 309 1759 358 liceat
1784 308 1994 358 iubeatve
2022 311 2187 359 tutiora
2211 306 2289 358 sed

468 384 668 435 tardiora
687 383 888 433 remedia
907 377 1115 448 experiri.
1774 370 1783 374 ”

1369 486 1389 531 Ι
1408 486 1443 530 Ι.

617 600 894 666 Praecipimtus
910 596 1060 659 solaris
1088 596 1173 656 (a)
1203 589 1402 642 Gervafii
1427 591 1556 653 Ucay
1584 590 1708 638 Dori.
1736 590 1908 641 Medici
1933 591 2141 654 Totofimi.

558 725 612 766 132.
645 709 764 755 Auri
782 705 988 771 purtficati
1012 716 1123 766 part.
1142 703 1173 762 j.

184 639 195 686 t
218 641 265 687 a)
287 634 419 674 Traite

188 691 279 728 dela
299 688 420 726 mala-

186 742 243 780 die
268 741 396 781 vene-

189 794 307 831 rienne
327 821 340 838 ‚
385 806 420 841 3.
650 774 864 820 Mercurii
894 768 912 816 ὲ
940 766 1153 814 cinnabari
1184 764 1373 811 redivivi
1402 776 1510 826 part.
1543 760 1606 823 iij.

186 847 329 890 e'dition,
341 853 420 895 Pag-
530 838 621 886 Fiat
638 840 868 901 amalgama
886 872 900 887 ‚
928 831 1054 895 quod
1069 830 1118 876 in
1134 829 1348 875 mortario
1365 827 1459 873 luto
1477 826 1718 890 diligenter
1734 825 1931 873 obducto
1947 839 2191 891 exponatur
2207 838 2298 872 tres

195 909 260 946 ⁹⁰·
467 903 639 952 menses
657 902 752 967 igni
771 898 989 964 lampadis
1003 929 1015 949 ‚
1032 893 1227 960 primum
1244 893 1429 964 quidem
1448 892 1537 938 levi
1554 926 1565 943 ,
1585 909 1690 938 mox
1708 909 1786 957 per
1807 892 1967 954 gradus
1984 889 2264 938 intendendo
2276 922 2294 943 ,

468 968 615 1017 donec
634 966 879 1030 amalgarna
898 962 1098 1009 colorem
1119 959 1310 1025 pulveris
1331 956 1518 1002 obscure
1541 956 1663 1002 rubri
1686 955 1966 1020 adipiscatur.

245 1060 320 1108 (b)
346 1057 423 1101 Ubi
531 1037 592 1080 Ea
620 1031 838 1079 Mercurii
867 1026 1124 1094 praeparatio
1145 1024 1268 1070 miris
1296 1022 1480 1070 effertur
1501 1021 1705 1067 laudibus
1726 1021 1781 1066 ab
1801 1024 1996 1067 Auctore
2025 1019 2106 1080 (b)
2140 1017 2299 1065 lauda·

179 1109 308 1162 supra,
469 1115 518 1146 to
539 1133 552 1153 ‚
579 1097 699 1163 quasi
733 1095 936 1142 omnium
965 1089 1316 1157 praestantissima.
1364 1091 1576 1133 Attamen
1597 1085 1697 1133 cum
1728 1086 1911 1133 drastice
1942 1099 2100 1150 purget
2131 1087 2204 1139 ἅνω
2233 1083 2300 1145 224}

467 1164 602 1217 κάτω,
633 1168 679 1210 δε
710 1160 931 1208 deleteriae
958 1155 1211 1203 acrimoniae
1239 1171 1392 1219 expers
1419 1169 1511 1198 non
1539 1151 1587 1197 fit
1608 1186 1620 1204 ,
1652 1151 1823 1198 nemini
1852 1152 2002 1198 auctor
2025 1148 2110 1197 effe
2133 1149 2302 1203 velim,

469 1246 518 1278 ut
550 1229 596 1278 id
631 1225 857 1294 praeparati
891 1239 1029 1288 genus
1061 1219 1189 1266 facile
1224 1218 1463 1270 adhibeat,
1499 1215 1601 1265 cum
1633 1232 1700 1263 rot
1736 1217 1821 1262 alia
1854 1215 2086 1280 suppetant
2122 1214 2303 1262 mitiora

469 1294 797 1344 medicamina,
826 1306 920 1354 quae
949 1286 1148 1353 periculo
1175 1300 1348 1331 vacant.
1385 1284 1429 1329 Si
1453 1281 1523 1328 cui
1545 1299 1694 1328 tamen
1720 1280 1841 1327 secus
1865 1280 2015 1327 facere
2034 1276 2180 1325 visum
2198 1278 2304 1325 fue-

472 1361 530 1408 rit
551 1394 562 1412 ‚
585 1357 748 1424 poterit
768 1353 1028 1422 praepatatio
1062 1351 1137 1397 illa
1169 1348 1373 1396 exhiberi
1393 1348 1417 1393 a
1438 1364 1562 1410 gran.
1598 1346 1661 1408 iij.
1697 1345 1753 1391 ad
1783 1346 1857 1406 xij.
1891 1345 1947 1391 ad
1982 1360 2115 1407 quam
2153 1358 2304 1392 tamen

471 1424 615 1471 dofim
648 1439 889 1484 numquam
918 1415 1248 1464 ascendendum
1276 1448 1288 1466 ‚
1319 1412 1397 1460 nisi
1421 1412 1468 1456 in
1495 1410 1820 1462 robustiffimis3
1843 1415 1889 1455 ὃς
1920 1406 2176 1474 permisceri
2198 1425 2301 1456 cum

473 1489 620 1556 pilulis
654 1483 935 1552 polychrestis
954 1498 1027 1530 aut
1047 1479 1277 1529 catholicis
1294 1513 1308 1536 ‚
1326 1475 1497 1548 ffllstlffi
1520 1474 1781 1543 praecipitati
1816 1475 1881 1523 vis
1915 1473 2129 1523 inferiora
2152 1472 2302 1524 versus

475 1555 681 1605 ducatur.
1302 1543 1315 1550 ²

1326 1655 1345 1700 Ῑ
1368 1656 1386 1699 Ι
1407 1655 1443 1699 I.

1057 1763 1292 1828 {Aithiopes
1324 1759 1566 1808 Minerales
1594 1759 1726 1804 varii.

540 1873 791 1923 Mercurius
819 1890 920 1920 cum
946 1871 1184 1938 pinguibus
1210 1888 1259 1916 ac
1289 1866 1484 1916 refinofis
1505 1862 1860 1928 quibuscumque
1887 1861 2151 1929 corporibus
2177 1862 2308 1911 tritus

476 1941 754 1989 convertitur
783 1940 855 1987 seu
880 1956 927 1985 ut
953 1938 1089 2000 vulgo
1137 1936 1263 1999 loqui
1291 1949 1438 1980 amant
1455 1965 1468 1985 ,
1499 1928 1771 1991 extinguitur
1798 1931 1846 1973 in
1883 1930 2037 1992 nigros
2062 1946 2136 1975 aut
2158 1927 2307 1977 fuscos

476 2006 680 2071 pulveres
699 2038 711 2058 ,
735 2004 894 2066 quibus
920 2002 1071 2049 habita
1093 2018 1188 2047 rum
1214 2000 1378 2047 coloris
1403 2013 1498 2044 tum
1526 1994 1712 2058 originis
1738 1994 1912 2042 ratione
1932 2011 2100 2041 nomen
2118 1995 2306 2042 <Aithio-

476 2086 573 2137 pum
594 2070 876 2118 Mineralinm
895 2066 1090 2111 inditum
1111 2063 1213 2109 fuit.

544 2136 611 2179 Ur
632 2133 804 2178 varium
825 2133 883 2177 est
902 2149 951 2176 ac
971 2128 1202 2192 multiplex
1222 2125 1508 2172 mater-iesum
1530 2139 1693 2187 genus,
1708 2138 1801 2184 quae
1825 2138 1925 2166 cum
1947 2122 2180 2169 Mercurio
2197 2122 2307 2172 tritu

478 2197 694 2260 conjungi
716 2195 890 2260 possunt
907 2229 919 2247 ,
940 2194 996 2241 fic
1021 2195 1141 2240 varia
1163 2208 1344 2256 quoque
1364 2208 1411 2236 ac
1432 2187 1661 2251 multiplex
1685 2186 1948 2250 AEtliiopum
1969 2184 2146 2249 species.

541 2268 574 2309 1.
607 2263 651 2309 Si
672 2261 922 2311 Mercurius
942 2277 1044 2305 cum
1061 2255 1259 2304 balsamo
1286 2254 1533 2301 Peruviano
1560 2251 1673 2300 sicco
1695 2267 1767 2296 aut
1788 2268 1888 2297 cum
1919 2249 2116 2299 balsamo
2138 2252 2310 2316 Copaia

482 2345 599 2383 runo
622 2328 692 2374 vel
712 2324 962 2376 Canadenfi
983 2324 1266 2386 extinguatur
1283 2354 1294 2373 ‚
1315 2320 1524 2381 AEthiops
1540 2317 1895 2380 anti-phthistcu53

548 2398 616 2439 ΙΙ.
656 2392 700 2438 Si
731 2409 831 2437 cum
862 2404 1089 2456 gummate
1115 2386 1362 2436 Guaiacino
1382 2418 1395 2438 ‚
1426 2383 1634 2446 &Ethiops
1665 2381 2047 2428 anti-rheumaticus
2076 2378 2165 2427 sive
2194 2384 2310 2428 antia·

472 2457 724 2521 scorbuticus
744 2477 755 2504 5
2279 2476 2284 2485 .

548 2526 656 2568 ΙΙΙ,
692 2521 738 2569 Si
762 2537 864 2566 cum
891 2520 1054 2567 manna
1084 2513 1311 2568 calabrina
1340 2528 1412 2561 aut
1440 2528 1542 2559 cum
1559 2507 1699 2561 resina
1726 2508 1907 2576 jalappii
1925 2542 1937 2563 ‚
1971 2510 2183 2572 eAEthiops
2202 2526 2310 2575 pura

480 2603 620 2653 gamm

549 2656 638 2697 IV.
676 2649 722 2696 Si
742 2666 844 2700 cum
873 2662 1099 2713 gummate
1117 2643 1398 2710 juniperino,
1426 2640 1498 2689 vel
1526 2657 1627 2687 cum
1646 2638 1732 2688 sale
1753 2638 2063 2690 ammoniaco,
2096 2639 2310 2706 &Ethiops

490 2718 730 2763 &arcticum
1677 2706 1682 2712 “

547 2786 601 2826 V.
640 2777 834 2824 Demum
861 2777 889 2822 fi
910 2793 1009 2821 cum
1027 2774 1166 2821 oculis
1185 2772 1255 2821 vel
1273 2770 1455 2836 pulvere
1476 2785 1740 2815 cancrorum
1761 2765 2069 2819 fluviatilium,
2091 2782 2165 2814 aut
2195 2767 2311 2817 testis

488 2846 736 2899 ostreorum
749 2876 761 2896 ‚
782 2842 993 2905 eAEthiops
1021 2841 1254 2900 alkalifinus
1272 2836 1344 2883 vel
1362 2834 1569 2894 abfhrbens
1588 2833 1843 2898 appellatur.

548 2908 728 2957 Poffunt
766 2906 996 2968 AEthiopes
1038 2904 1103 2949 illi
1137 2903 1251 2949 varii
1285 2900 1404 2948 varie
1443 2898 1646 2946 exhiberi
1673 2896 1827 2943 debita
1857 2895 2144 2958 congruaque
2185 2895 2308 2949 dofi,

488 2991 622 3039 prout
639 2971 822 3019 diversis
847 2968 1205 3017 satisfaciendum
1222 2967 1283 3014 est
1300 2963 1652 3017 iudicationibus
1667 2996 1680 3018 ,
1710 2960 1783 3009 sed
1815 2976 1961 3006 tamen
1983 2961 2188 3007 Medicos
2207 2978 2309 3006 mo-

487 3040 605 3089 nitos
631 3038 766 3084 velim
788 3070 800 3089 ‚
830 3035 878 3081 in
908 3032 1298 3099 praeparationibus
1324 3028 1634 3091 hujuscemodi
1663 3026 1881 3074 Mercurii
1909 3042 2050 3088 guttas
2080 3024 2173 3070 solo
2200 3023 2307 3070 tritu

485 3104 599 3161 male
634 3100 848 3147 coercitas
866 3134 878 3152 ,
911 3100 1057 3146 calore
1079 3098 1416 3146 interaneorum
1441 3093 1572 3140 facile
1601 3092 1749 3139 denuo
1778 3091 1901 3136 coire
1933 3096 1978 3136 &
2007 3086 2272 3135 reviviscere
2293 3120 2309 3142 ,

486 3185 618 3232 atque
649 3165 704 3212 ab
737 3161 928 3228 ingressu
959 3165 1005 3210 in
1035 3163 1252 3223 chylifera
1282 3160 1382 3206 vasa
1410 3157 1636 3223 praeclusas
1658 3156 1750 3202 tum
1772 3155 1916 3205 mole,
1946 3153 2037 3199 tum
2068 3151 2302 3214 pondere,

485 3251 588 3283 cum
612 3229 791 3285 faecibus
821 3246 874 3278 cx
895 3243 993 3279 toro
1013 3226 1154 3279 ferme
1176 3224 1382 3290 excludi,
1415 3221 1533 3279 unde
1563 3221 1641 3279 fit,
1672 3237 1720 3269 ut
1751 3233 1992 3283 praeparata
2026 3214 2304 3285 istiusmodi.³
