2477 3643
708 116 1149 163 anzn'iil.
1217 115 1684 170 C'APtrr1V;''
1949 145 2036 193 2¹3

205 198 318 247 'ciffis
336 215 384 245 ac
403 195 644 245 vulneratis
666 197 861 254 ejusdem
892 195 1052 243 tunicis
1076 196 1123 242 in
1146 196 1332 244 veslcam
1365 198 1608 248 introduci,
1645 204 1732 251 Sed
1764 207 1873 268 quid
1906 225 2000 258 tum
2020 226 2036 260 Ξ

212 264 258 312 Si
288 265 334 309 in
366 262 564 328 praesenti
586 262 741 308 mortis
773 261 972 325 periculo
1002 261 1130 308 satius
1150 261 1199 307 sit
1226 280 1384 326 anceps
1411 266 1659 314 remedium
1688 272 1880 333 experiri
1902 277 2036 336 quam

210 328 379 375 nullum
397 361 409 380 ,
439 328 611 374 licitum
646 327 706 372 est
735 325 759 371 a
792 325 1003 378 fortiori,
1026 326 1126 371 cum
1149 343 1304 374 caetera
1325 327 1540 378 deficiunt
1559 364 1572 383 ,
1609 334 1769 379 auxilia
1795 335 1906 381 dura
1933 341 2036 400 qui-

208 392 313 438 dem
342 392 416 439 sed
441 409 589 438 tamen
614 391 871 455 plerumque
902 406 994 436 tuta
1016 390 1231 438 adhibere
1262 411 1274 445 3
1306 409 1452 456 neque
1481 396 1602 442 enim
1627 398 1812 445 vulnera
1844 401 2034 448 urethrae

205 456 373 502 inflicta
398 462 487 519 ejus
515 473 677 502 naturae
704 454 802 501 sunt
820 489 832 507 ‚
857 472 952 518 quat
983 456 1257 502 curationem
1291 473 1382 502 non
1418 459 1574 523 poffint
1603 462 1855 510 admittere.
1886 468 2033 513 Caete·

206 521 306 567 rum
332 537 379 566 ut
406 521 451 568 in
477 520 824 585 praecedentibus
844 519 1007 565 casibus
1024 553 1039 572 .
1059 519 1116 564 sic
1141 521 1277 567 etiam
1296 522 1343 565 in
1363 522 1442 568 isto
1469 525 1667 573 catheter
1692 527 1739 573 in
1766 528 1903 575 veslcsl
1932 545 2032 576 tan-

205 584 282 631 diu
305 585 571 632 detinendus
589 620 600 638 ‚
626 584 733 631 dum
754 585 824 631 via
843 584 1028 630 uretlirae
1045 584 1185 630 libera
1202 619 1216 637 ,
1242 590 1287 631 δέ
1309 601 1440 633 tonus
1467 589 1614 637 veficae
1642 592 1834 655 perfecte
1862 595 2031 640 restitu-

207 665 274 695 tus
301 649 436 696 fuerit
457 669 467 704 3
488 668 538 696 ac
574 649 757 696 demum
778 649 938 696 educto
969 649 1195 695 cathetere
1225 651 1407 696 vulnera
1436 655 1625 702 urethrae
1657 657 1864 722 detergi,
1897 677 2030 708 carne

205 714 378 779 oppleri
396 749 408 767 ‚
429 716 633 761 cicatrice
657 715 824 760 obduci
853 713 1017 759 debent
1037 746 1049 765 ‚
1077 717 1198 775 juxta
1224 716 1327 760 artis
1349 717 1534 778 regulas.

272 788 364 838 13⁰.
406 781 612 827 Tandem
650 778 1064 842 quomodocunque
1099 777 1289 825 ischuria
1328 780 1499 828 cellerit
1530 816 1543 835 ‚
1577 784 1653 830 ubi
1685 785 1877 850 primum
1913 788 2029 836 liber

204 842 288 889 erit
310 845 444 889 urim:
464 845 635 896 fluxus,
667 862 715 889 ac
743 842 880 890 febris
909 849 953 888 &
975 841 1269 888 inflammatio
1297 844 1555 893 cellaverint
1577 849 1648 894 vel
1677 851 1936 898 notabiliter
1958 871 2029 900 re-

204 907 404 954 miserint
424 942 437 961 ,
456 926 569 972 a‘ger
591 908 840 954 identidem
860 908 1112 970 purgandus
1136 907 1276 953 diluto
1295 908 1427 954 caffiae
1460 912 1514 958 ad
1535 911 1653 977 {jst
1680 914 1727 960 in
1751 914 1848 962 sero
1878 917 1998 964 lacius
2014 951 2035 971 ‚1

203 973 330 1035 quod
357 973 444 1020 sine
466 976 555 1020 ullo
578 971 816 1020 erethismo
838 972 1002 1017 blande
1032 972 1147 1017 eluat
1177 971 1489 1034 salsuginosam
1523 984 1569 1022 δι’
1605 980 1883 1027 muriaticam
1917 984 2029 1028 acri-

203 1037 402 1083 moniam
431 1072 444 1091 ,
485 1056 617 1102 quam
659 1037 751 1084 tum
787 1035 991 1100 sanguis,
1026 1035 1120 1082 tum
1149 1038 1422 1085 ventriculus
1458 1040 1513 1086 ab
1549 1042 1677 1088 urina
1709 1045 1882 1092 retenta
1919 1065 2030 1095 con-

210 1116 398 1149 traxere.

264 1172 333 1212 ΙΙ.
369 1168 594 1212 Ηαᾶειπιις
623 1166 679 1212 de
708 1164 939 1211 curatione
969 1166 1167 1228 urgentis
1194 1166 1409 1213 ischuriae.
1444 1172 1646 1234 Superest
1667 1182 1782 1220 nunc
1803 1190 1852 1221 ut
1871 1175 1929 1223 de
1956 1195 2034 1226 re*
2103 1188 2158 1226 Π.
2179 1186 2306 1227 Hau-1

201 1230 362 1276 mediis
381 1230 612 1277 habitualis
636 1231 886 1293 stranguriae
905 1230 1157 1276 difleramus
1175 1264 1187 1282 ‚
1207 1249 1300 1294 qua:
1322 1238 1422 1278 cum
1453 1235 1594 1297 prima
1626 1235 1675 1280 fit
1707 1240 1855 1286 morbi
1875 1242 2001 1289 causa
2016 1277 2029 1296 ,

201 1294 448 1341 recidivam
480 1294 717 1340 ischuriam
746 1295 866 1341 facili
898 1294 1082 1357 negotio
1103 1296 1252 1341 denuo
1270 1297 1409 1360 posset
1433 1298 1628 1352 inferre,
1657 1300 1686 1346 fi
1711 1305 2027 1368 negligeretur.

200 1359 445 1405 Medentur
475 1375 621 1405 autem
646 1359 692 1406 in
720 1376 880 1421 genere
901 1359 1003 1404 huic
1036 1361 1287 1423 stranguriae
1318 1362 1469 1409 omnia
1491 1381 1781 1428 quaecumque
1814 1370 1961 1416 varios
1982 1372 2030 1419 in

200 1424 381 1469 urethra
411 1424 562 1470 obices
582 1457 596 1476 2
623 1424 782 1486 quibus
812 1424 1040 1469 inducitur
1060 1459 1071 1476 ,
1091 1425 1267 1489 poliunt
1289 1424 1528 1475 efficaciter
1562 1434 1608 1474 ὃ(
1641 1432 1737 1476 tuto
1769 1435 1993 1498 extirpare
2012 1471 2028 1490 ,

198 1487 430 1537 absumere-
445 1523 457 1541 ,
480 1489 717 1552 suppurare
738 1523 750 1541 ,
774 1488 926 1535 delere
944 1523 956 1541 ‚
978 1490 1274 1553 comprimere
1293 1524 1304 1542 ,
1323 1493 1605 1556 complanare
1624 1527 1637 1546 ,
1664 1513 1738 1541 aut
1757 1500 1998 1548 retundere
2013 1535 2025 1555 ,

198 1552 246 1598 in
276 1571 467 1616 quorum
489 1553 614 1599 usum
640 1570 830 1618 quatuor
862 1553 1100 1601 methodos
1123 1554 1343 1618 usurpatas
1364 1557 1491 1604 fuisse
1509 1558 1708 1606 invenio.

260 1622 295 1662 Ι.
333 1618 620 1680 Antiquiores
640 1651 652 1669 ‚
681 1617 780 1662 cum
807 1618 853 1662 in
875 1633 1023 1663 meatu
1043 1619 1242 1664 urinario
1274 1620 1382 1666 alios
1417 1621 1568 1668 obices
1589 1640 1681 1669 non
1703 1626 1995 1687 agnoscerent
2013 1665 2025 1684 ‚

196 1696 354 1745 praeter
379 1681 629 1728 carunculas
646 1715 658 1733 ,
680 1681 810 1727 callos
832 1687 875 1726 δεῖ
897 1699 1103 1731 verrucas
1119 1717 1130 1735 ,
1149 1684 1195 1728 in
1217 1683 1263 1728 id
1284 1685 1412 1730 unice
1433 1686 1663 1733 studebant
1683 1722 1695 1740 ,
1722 1704 1771 1734 ut
1790 1708 1840 1737 ea
1859 1695 2028 1741 excres-

198 1746 444 1792 centiarum
466 1763 627 1809 genera
648 1747 782 1792 urinae
801 1746 969 1792 fluxum
992 1748 1263 1793 retardantia
1284 1748 1570 1797 absumerent
1590 1752 1880 1802 cathaereticis
1901 1791 1913 1809 ,
1931 1777 2026 1822 quae

201 1827 286 1873 ope
311 1811 596 1858 candelarum
615 1827 845 1856 cereatum
864 1811 1266 1857 introducebantur
1285 1847 1297 1864 ‚
1330 1819 1375 1858 &
1398 1815 1620 1862 ulcuscula
1639 1835 1730 1880 quae
1759 1819 1804 1864 in
1834 1821 1922 1867 basi
1954 1824 2026 1870 su-

198 1892 408 1938 pererant
438 1874 770 1921 consolidarent
799 1875 1033 1938 epuloticis
1065 1876 1221 1922 eadem
1256 1878 1488 1924 methodo.
1519 1881 1664 1926 Multa
1685 1883 1868 1945 quidem
1898 1888 2026 1950 pros-

197 1954 293 1984 tant
323 1940 440 2003 apud
474 1941 688 1985 Austores
713 1939 919 1986 Medicos
955 1940 1261 2004 Chirurgosve
1289 1942 1751 1993 machinamentorum
1783 1965 1945 2011 genera
1978 1953 2025 2001 in

196 2003 318 2049 hunc
348 2004 481 2051 finem
504 2020 758 2068 comparata
776 2039 789 2056 ‚
812 2009 857 2049 &
877 2004 1024 2049 multa:
1046 2023 1378 2068 unguentorum
1410 2024 1483 2053 aut
1503 2009 1794 2071 collyriorum
1813 2015 2026 2064 cathaere-

200 2068 394 2114 ticorum
415 2069 486 2116 vel
505 2067 815 2115 exficcantium
833 2069 1035 2114 formulae
1062 2070 1207 2116 eidem
1229 2071 1363 2136 scopo
1387 2072 1610 2119 destinatae
1626 2108 1640 2127 ‚
1663 2076 1780 2122 circa
1808 2096 1903 2142 quae
1920 2079 2024 2145 pos-

196 2131 297 2178 sunt
325 2134 442 2179 inter
470 2149 650 2179 caeteros
681 2132 860 2181 consuli
884 2136 1067 2179 Amatus
1104 2134 1355 2187 Lusitanus,
1389 2139 1588 2184 Centum}
1621 2159 1664 2197 4.
1704 2147 1925 2190 Curatione
1958 2163 2020 2206 19.

197 2198 361 2244 Daniel
385 2202 623 2245 Sennertus
640 2233 652 2251 ‚
676 2197 772 2245 Lib.
796 2218 832 2258 3.
856 2213 970 2261 part.
992 2206 1029 2246 8.
1054 2201 1223 2258 fieb-lione
1251 2218 1280 2245 1.
1312 2206 1444 2262 capite
1473 2221 1513 2259 9.
1542 2203 1799 2252 Ambrosius
1821 2212 1986 2257 Paraeus
2007 2245 2021 2264 ,

195 2262 294 2308 Lib..
328 2280 387 2320 19.
425 2278 516 2327 cap.
560 2280 625 2319 17.
661 2264 752 2310 &a
797 2263 884 2308 Sed
915 2262 1003 2308 haec
1041 2262 1261 2325 sigillatim
1297 2264 1467 2311 referre
1492 2267 1616 2331 piget
1651 2271 2019 2329 necimmerito,

198 2326 298 2372 cum
324 2331 409 2388 jam
437 2345 489 2374 ea
516 2326 753 2372 methodus
775 2327 947 2389 penitus
965 2326 1214 2374 exoleverit
1234 2329 1470 2392 multiplici
1498 2331 1555 2378 de
1585 2333 1725 2379 causa.

266 2399 326 2434 1⁰.
353 2392 473 2447 Quia
500 2392 712 2437 convenit
738 2389 840 2435 solis
869 2390 1041 2436 tantum
1076 2393 1322 2438 carunculis
1357 2400 1403 2440 &
1436 2398 1631 2443 verrucis
1658 2414 1852 2456 meatum
1871 2403 2022 2450 urina-

199 2447 314 2498 rium
337 2454 641 2501 obsidentibus
662 2488 674 2506 ‚
699 2454 884 2500 minime
907 2456 1016 2501 vero
1047 2458 1211 2503 caeteris
1239 2457 1444 2504 obicibus
1475 2462 1685 2508 eumdem
1712 2466 1910 2512 canalem
1941 2485 2022 2513 an·-

192 2518 464 2581 gustantibus
477 2552 489 2571 ,
516 2519 539 2563 εὶ
570 2519 729 2581 quibus
749 2535 895 2565 tamen
917 2520 1203 2582 stranguriam
1231 2523 1512 2585 gonorrhoeae
1540 2525 1824 2589 pedisequam
1842 2564 1854 2582 ,
1876 2530 1904 2575 si
1925 2549 2020 2579 non

195 2584 368 2647 semper
397 2618 409 2635 ,
454 2599 495 2629 at
535 2582 685 2629 saltem
725 2583 1074 2647 frequentissime
1117 2587 1305 2651 produci
1350 2592 1436 2649 jam
1476 2589 1593 2653 apud
1623 2608 1780 2639 omnes
1812 2593 1860 2640 in
1909 2614 2022 2643 con-

196 2646 305 2693 fesso
340 2650 412 2694 est.
1584 2704 1589 2707 ,

257 2721 319 2756 2⁰.
350 2711 470 2769 Quia
499 2730 741 2776 numquam
773 2727 866 2759 tuta
897 2715 986 2767 est3
1015 2731 1117 2759 nam
1151 2714 1458 2770 ca'thaeretica,
1485 2735 1581 2781 quae
1611 2722 1866 2768 carunculas
1893 2723 2020 2772 absu-

196 2792 323 2820 munt
342 2809 354 2827 ,
387 2776 554 2823 debent
591 2778 676 2824 unzi
710 2777 834 2823 snnnl
868 2777 1014 2823 sanam
1045 2779 1231 2824 uretlirae
1263 2798 1434 2843 partem
1458 2783 1764 2836 inflammare,
1796 2788 1984 2835 erodere
2005 2824 2019 2842 ,

194 2839 462 2887 exulcerare.
494 2843 719 2888 Novimus
741 2842 921 2904 quidem
963 2842 1065 2887 huic
1095 2843 1389 2890 incommodo
1425 2847 1696 2909 antiquiores
1733 2848 1915 2895 obviam
1952 2853 2020 2901 ire

197 2920 381 2950 conatos
406 2904 532 2951 fuisse
563 2906 796 2967 multiplici
822 2906 1215 2952 instrumentorum
1243 2914 1287 2953 &
1323 2910 1628 2955 remediorum
1655 2929 1863 2974 apparatu
1884 2948 1896 2966 ‚
1941 2915 2019 2963 sed

195 2968 402 3014 novimus
425 2986 604 3031 quoque
623 2969 849 3014 cautiones
869 2986 1024 3014 omnes
1045 2970 1306 3033 plerumque
1325 2972 1582 3019 frustraneas
1602 2973 1728 3020 fuiss‘e
1750 3009 1762 3028 ‚
1785 2977 1882 3023 cum
1902 2981 2017 3043 apud

191 3033 309 3095 ipsos
335 3051 427 3078 non
462 3050 556 3078 tara
585 3033 785 3094 exempla
812 3034 1008 3096 reperire
1026 3032 1076 3078 sit
1094 3067 1105 3083 ,
1132 3051 1290 3081 eorum
1326 3037 1404 3100 qui
1431 3037 1511 3084 hac
1540 3038 1756 3085 methodo
1783 3042 1915 3106 virgae
1946 3045 2016 3090 in-

195 3098 528 3150 flammatione,
548 3097 805 3143 absceffibus
826 3097 1003 3161 perinaei
1019 3131 1032 3150 ‚
1057 3098 1149 3143 imo
1177 3101 1409 3165 gangraenfi
1427 3104 1623 3167 correpti
1644 3103 1755 3151 sunt.
1912 3108 1915 3109 ⁷

261 3171 323 3226 3⁰.
359 3161 553 3211 Demum
572 3196 586 3216 ‚
611 3162 714 3227 quia
746 3162 1009 3227 plerumque
1044 3163 1106 3209 ita
1138 3181 1272 3214 nocet
1301 3198 1315 3220 ‚
1350 3181 1398 3214 ut
1426 3168 1669 3232 stranguria
1696 3169 1800 3279 {inde
1829 3171 2014 3235 ,gravior

1637 3236 1680 3280 D
1747 3237 1795 3297 iij

2075 1241 2184 1278 tualis
2210 1242 2306 1281 sthi.-

2075 1305 2207 1345 gunae..

2126 1637 2248 1676 Prima

2075 1686 2285 1733 Therapeia.

2073 1738 2135 1776 usu
2155 1737 2301 1781 catha:-

2073 1792 2286 1837 reticorum.

2102 2419 2295 2474 Rejicituffl
