2477 3643
451 144 551 190 ‘21'2'
797 141 916 189 DE
986 139 1371 189 MORBIS
1439 140 1968 189 VENEREIS.

507 228 572 277 90.
609 219 778 267 Verum
797 221 826 266 fi
846 220 1029 267 morbus
1050 220 1214 266 diutius
1233 218 1517 283 protrahatur
1534 253 1546 271 2
1568 219 1598 264 s1
1630 221 1774 268 vefica
1803 221 1917 267 lotio
1949 220 2133 269 distenta
2163 223 2281 270 ultra‘.

445 286 633 332 modum
666 300 833 332 tumeat
861 319 874 338 ‚
900 285 928 330 fx
956 286 1083 331 urina
1111 285 1158 330 in
1188 283 1450 346 sanguinem
1481 284 1618 330 reflua
1648 286 1944 334 ventriculum
1971 286 2161 335 inundet
2187 322 2200 342 ,
2229 294 2278 334 δε

445 351 747 398 vomitionem
769 351 966 396 concitet
983 383 995 400 ‚
1022 347 1179 394 omissa
1205 348 1331 393 omni
1356 349 1636 406 cunctatione
1662 368 1748 415 ope
1777 350 2012 397 catheteris
2040 351 2112 398 via
2139 353 2278 399 urinae

447 415 650 462 celeriter
672 415 910 478 aperienda
935 415 1007 460 est.
1043 412 1285 460 Noluerim
1307 411 1491 475 quidem
1509 412 1621 460 hanc
1642 415 1953 479 operationem
1969 415 2112 479 primo
2133 418 2276 463 statim

444 479 594 532 morbi
617 478 782 524 insultu
807 479 972 525 temere
992 482 1038 523 δε
1065 477 1389 542 praecipitanter
1409 478 1596 530 tentari,
1618 480 1689 525 vel
1714 478 1867 525 saltem
1884 479 1933 525 ea
1951 480 2114 526 tentari
2132 481 2274 544 perti·

445 543 571 590 nacia
590 578 602 596 ,
624 559 670 588 ut
696 543 826 603 vulgo
855 543 1015 587 tentari
1048 541 1158 588 solet
1174 575 1186 594 ,
1210 543 1423 605 quoniam
1451 544 1617 587 constat
1641 543 1790 589 inutili
1812 550 1857 590 δε
1892 545 2167 608 imprudenti
2203 547 2276 591 fo-

443 608 671 653 dicatione
713 607 1110 652 inflammationem
1143 624 1236 653 non
1263 607 1363 652 raro
1384 607 1579 668 graviter
1599 606 1776 653 intendi
1798 642 1811 660 ‚
1845 614 1891 654 δε
1913 609 1969 654 ad
2000 608 2276 673 suppuratio-

447 690 553 719 nem
577 672 739 718 deduci
766 705 778 723 ‚
813 670 1084 734 quaeforsan
1122 671 1200 716 fibi
1226 671 1427 735 permiffa
1455 669 1725 718 resolutione
1757 671 1949 719 feliciter
1983 673 2273 738 dissiparetur.

444 737 532 784 Sed
554 736 775 782 noluerim
793 743 973 799 quoque
998 735 1307 800 operationem
1328 736 1531 782 eamdem
1551 734 1718 781 diutius
1739 735 1937 788 differri,
1966 754 2022 784 ne
2049 738 2190 785 vesica
2220 756 2274 786 ex

444 800 705 848 distensione
733 800 1012 846 diuturniore
1045 800 1241 846 atoniam
1268 800 1502 846 contrahat
1537 833 1550 851 ‚
1593 799 1664 845 cui
1702 800 1877 846 mederi
1910 799 2041 846 facile
2066 820 2158 848 non
2188 805 2276 857 est3

440 862 534 910 imo
558 865 663 910 vero
680 898 691 916 ‚
710 865 833 927 quod
852 864 1014 911 lethale
1032 866 1091 911 est
1105 899 1118 917 ‚
1140 882 1195 911 ne
1215 865 1358 912 vesica
1375 863 1618 928 gangroenz'i
1644 862 1858 910 afficiatur
1877 864 2216 912 immedicabili.

510 938 603 975 100.
634 930 851 976 Catheter
877 929 1028 975 solerti
1049 934 1095 975 ὃς
1118 930 1243 975 cauta
1265 946 1397 975 manu
1432 929 1740 975 immittendus
1762 931 1820 975 est
1836 964 1850 981 ,
1872 945 1963 976 non
1996 947 2110 976 caeco
2131 932 2277 995 impe-

445 1007 494 1038 tu
515 1027 528 1046 ,
556 994 634 1057 qui
664 993 756 1040 vim
791 993 983 1046 inferat,
1008 993 1083 1040 sed
1112 994 1318 1058 prudenti
1346 993 1627 1040 cilnCtatione
1656 1011 1750 1056 quae
1781 994 1900 1039 viam
1932 992 2087 1040 senfim
2120 996 2276 1058 explo-

442 1073 527 1104 ret,
568 1058 693 1104 Utile
713 1060 770 1105 est
790 1075 988 1105 meatum
1009 1059 1253 1105 urinarium
1284 1058 1401 1123 prius
1428 1057 1660 1104 lubricasse
1693 1058 1934 1119 injectione
1966 1059 2056 1105 olei
2085 1061 2277 1107 recentis

440 1123 780 1186 amygdalarum
812 1123 1038 1176 dulcium,
1075 1123 1147 1170 vel
1182 1123 1425 1186 mucaginis
1462 1124 1485 1168 ὲ
1520 1121 1686 1168 semine
1713 1123 1860 1168 lini&
1885 1122 2043 1187 psyllii.
2082 1125 2277 1172 Demum

440 1186 500 1232 ab
528 1187 721 1234 instituta
752 1188 1016 1251 operatione
1038 1188 1266 1235 deterrere
1292 1206 1383 1233 non
1405 1187 1571 1233 debent
1602 1187 1772 1249 aliquot
1805 1188 1984 1251 guttulae
2018 1189 2240 1252 sanguinis
2260 1224 2276 1243 ,

441 1268 537 1315 quse
565 1252 777 1316 profundi
796 1252 939 1299 solent
955 1287 968 1305 ,
988 1252 1066 1297 nifi
1084 1253 1209 1298 fimul
1231 1253 1362 1298 dolor
1384 1251 1563 1316 gravior
1597 1250 1815 1297 inferatur
1839 1271 1848 1297 :
1871 1252 1957 1298 Vix
1988 1253 2106 1298 enim
2135 1256 2275 1317 potest

439 1334 640 1379 unquam
660 1316 858 1363 catheter
888 1317 934 1362 in
956 1319 1228 1380 angustatum
1248 1318 1443 1363 canalem
1477 1315 1687 1361 insinuari
1719 1316 1808 1362 fine
1830 1316 1920 1362 levi
1948 1319 2273 1365 cruentatione.

438 1381 487 1427 Si
518 1381 569 1427 ea
589 1381 806 1428 methodo
841 1382 1039 1428 catheter
1073 1381 1129 1427 ad
1161 1382 1348 1427 veficam
1376 1381 1514 1444 usque
1542 1380 1724 1426 tandem
1753 1380 2049 1445 perducatur,
2077 1388 2124 1428 δε
2146 1384 2275 1431 urina

440 1444 617 1497 effluat,
638 1447 790 1491 omnia
808 1446 1052 1510 derepente
1073 1447 1333 1499 remittent3
1357 1446 1431 1492 sed
1466 1445 1711 1492 cavendum
1747 1461 1795 1490 ut
1828 1445 2024 1492 catheter
2053 1446 2100 1493 in
2133 1447 2274 1494 vesica

440 1509 599 1555 tandiu
622 1511 874 1558 detineatur
895 1545 907 1562 ‚
927 1510 1035 1556 dum
1057 1511 1360 1559 remediorum
1387 1510 1465 1556 usu
1483 1510 1669 1555 urethrae
1686 1510 1981 1556 inflammatio
2000 1510 2274 1559 resolutione

440 1575 515 1620 vel
548 1574 859 1640 suppuratione
885 1575 1118 1621 evanuerit
1138 1594 1150 1624 ·,
1172 1575 1277 1620 dum
1310 1575 1460 1620 atonia
1484 1573 1658 1625 veficae‚
1690 1573 1719 1617 fi
1749 1592 1836 1637 qua
1865 1573 2001 1626 adlit,
2038 1576 2274 1624 emendata

441 1638 577 1684 fuerit
605 1658 616 1693 3
649 1658 740 1686 uno
770 1639 911 1687 verbo
949 1639 1055 1685 dum
1083 1639 1139 1686 ad
1169 1639 1427 1687 meiendum
1451 1638 1592 1686 vesica
1622 1636 1776 1685 efficax
1827 1643 1874 1686 &
1910 1638 2093 1686 urethra
2130 1640 2274 1689 libera.

443 1703 594 1750 fuerit.

513 1786 528 1814 1
549 1777 607 1813 10.
643 1772 702 1814 At
734 1768 763 1814 fi
794 1770 992 1816 catheter
1022 1769 1069 1815 in
1095 1768 1282 1815 vesicam
1310 1768 1538 1816 introduci
1564 1767 1681 1814 nullst
1705 1767 1883 1832 prorsus
1911 1767 2082 1816 ratione
2115 1770 2242 1833 poffit
2258 1781 2279 1825 ,'

449 1850 608 1896 urgeat
631 1834 740 1879 vero
761 1851 896 1897 grave
916 1852 1157 1898 gangraenae
1184 1835 1431 1898 periculum
1450 1867 1463 1886 ‚
1485 1850 1588 1879 tunc
1621 1833 1676 1878 ad
1697 1832 1779 1878 alia
1799 1834 2146 1897 properandum.
2183 1840 2274 1882 Ita-

443 1914 532 1959 que
560 1896 726 1944 sulcato
754 1899 978 1946 cathetere
994 1933 1006 1951 ‚
1027 1900 1168 1962 qualis
1195 1899 1250 1944 ad
1277 1897 1579 1944 lithotomiam
1607 1897 1844 1943 adhibetur
1863 1931 1876 1950 ,
1895 1899 1940 1944 in
1964 1914 2158 1944 meatum
2179 1901 2273 1945 uri-

446 1961 623 2006 narium
642 1996 654 2013 ‚
679 1963 811 2024 quam
848 1962 1045 2009 altiffime
1079 1963 1175 2008 fieri
1209 1963 1373 2027 poterit
1394 1997 1405 2014 ‚
1426 1962 1644 2013 immisso,
1669 1962 1932 2007 alterutrum
1953 1963 2130 2025 perinaei
2160 1963 2274 2011 latus

446 2025 641 2071 sectione
676 2027 799 2073 lineae
820 2027 976 2090 raphes
1000 2026 1207 2091 parallel&
1239 2028 1291 2073 ad
1315 2043 1559 2073 extremum
1582 2025 1854 2071 catheterem
1887 2025 2132 2073 lithotomo
2160 2027 2275 2075 inci-

447 2089 648 2135 dendum
669 2125 681 2143 ‚
702 2107 749 2136 ut
770 2091 817 2136 in
838 2091 991 2136 calculi
1013 2092 1284 2138 extr-afflone
1309 2091 1488 2137 solenne
1514 2092 1587 2136 est.
1623 2089 1743 2135 Dein
1765 2107 1841 2153 per
1869 2089 2087 2136 inflictum
2116 2093 2276 2140 vulnus

428 2153 730 2214 insinuandus
757 2155 804 2200 in
826 2155 1048 2201 urethram
1071 2155 1270 2202 catheter
1290 2189 1301 2207 ‚
1324 2174 1416 2201 non
1443 2159 1530 2215 jam
1546 2152 1763 2200 flexuosus
1785 2169 1831 2199 ut
1852 2154 1899 2199 in
1928 2155 2034 2200 viris
2060 2174 2169 2220 opus
2187 2159 2274 2212 est,

443 2217 522 2264 sed
554 2222 692 2265 rectus
712 2253 724 2271 ,
751 2219 871 2283 quali
899 2218 1088 2266 foeminae
1122 2220 1266 2266 solent
1300 2219 1535 2283 explorari.
1573 2219 1742 2264 Docuit
1767 2220 1887 2264 enim
1912 2218 2121 2282 frequens
2139 2239 2276 2286 expe-

445 2283 610 2329 rientia
629 2284 679 2331 ea
702 2285 875 2330 ratione
903 2285 1136 2330 catheteris
1156 2284 1539 2332 introductionem
1557 2282 1729 2329 felicius
1752 2282 1987 2330 succedere
2006 2318 2018 2336 ‚
2039 2284 2132 2330 tum
2150 2286 2275 2348 quod
2322 2299 2323 2302 ’

446 2347 707 2395 breviorem
738 2348 1010 2395 catheterem
1036 2348 1385 2412 quaquaversum
1415 2349 1688 2411 detorquere
1707 2352 1753 2392 δέ
1771 2349 1947 2410 angusta
1966 2349 2137 2395 viarum
2173 2369 2275 2397 cer-

446 2411 529 2456 tius
559 2412 666 2459 inde
686 2413 915 2475 explorare
935 2414 1064 2460 liceat
1084 2447 1096 2466 ,
1118 2412 1212 2459 tum
1232 2413 1354 2476 quod
1374 2412 1571 2458 catheter
1591 2429 1682 2457 non
1704 2411 1886 2475 obliqua
1905 2445 1917 2463 ,
1938 2428 1986 2457 ut
2019 2413 2146 2459 antea
2161 2447 2175 2466 ,
2198 2414 2276 2461 sed

445 2476 564 2522 rest-:i
595 2476 856 2540 impulfione
880 2477 927 2522 in
948 2478 1174 2524 urethram
1207 2479 1409 2540 adigatur
1428 2510 1440 2529 ‚
1461 2476 1660 2539 adeoque
1692 2476 1812 2522 viam
1842 2476 1967 2522 tanto
1996 2476 2164 2523 facilius
2193 2477 2274 2527 fibi

446 2541 628 2604 aperiat.
656 2541 876 2587 Caeteritm
896 2541 926 2585 fi
946 2560 996 2588 ea
1020 2560 1099 2606 pro
1119 2544 1235 2587 votis
1261 2541 1541 2587 successerint
1558 2574 1570 2592 ,
1592 2540 1787 2587 catheter
1823 2540 1870 2585 in
1902 2539 2041 2587 vesica
2067 2542 2274 2589 detinen-

447 2605 527 2650 dus
548 2639 559 2655 ,
579 2605 724 2652 donec
752 2605 940 2651 resoluta
974 2606 1023 2651 fit
1056 2606 1244 2653 urethrae
1276 2605 1570 2650 inflammatio
1591 2638 1603 2656 ,
1631 2610 1676 2650 δε
1703 2605 1920 2651 restitutus
1942 2604 2090 2651 veficae
2109 2621 2270 2662 t011us;

448 2672 646 2714 exn-aeto
672 2670 852 2716 denium
880 2671 1103 2717 cathetere
1123 2670 1305 2723 vulnus,
1324 2669 1448 2733 quod
1469 2669 1658 2733 superest
1677 2669 1724 2714 in
1742 2669 1936 2733 perinaeo
1951 2702 1964 2721 ‚
1989 2670 2159 2732 vulgari
2179 2690 2275 2720 me-

451 2733 596 2777 thodo
619 2734 861 2779 sanandum
882 2736 955 2779 est.

517 2815 531 2842 1
550 2806 608 2842 20-
648 2797 813 2843 Verum
832 2798 859 2842 si
882 2797 1078 2844 catheter
1097 2797 1221 2844 nullo
1239 2798 1364 2862 pacto
1382 2798 1507 2861 poffit
1525 2795 1780 2848 introduci,
1801 2795 1930 2841 unica
1951 2795 2138 2861 superest
2159 2800 2272 2846 ratio

447 2863 700 2923 aegrotantis
719 2861 842 2906 saluti
874 2861 1134 2908 consulendi
1156 2896 1168 2914 ,
1192 2861 1221 2906 s1
1248 2879 1408 2925 nempe
1434 2862 1570 2908 fistula
1596 2877 1807 2923 argentea
1827 2879 1935 2906 cava
1953 2895 1966 2913 ,
1986 2862 2163 2925 cuspide
2185 2864 2270 2909 fer-

450 2926 523 2971 rea
548 2926 890 2989 quadrangulari
910 2932 955 2973 &c
976 2927 1259 2991 prominente
1276 2926 1392 2973 intus
1419 2942 1584 2972 armata
1600 2959 1612 2979 ‚
1632 2925 1756 2988 quod
1777 2925 2113 2972 instrumentum
2134 2927 2267 2989 vulgo

451 2990 646 3048 Trotscar
671 2990 835 3037 dicitur
856 3025 868 3043 ,
895 3009 971 3054 per
996 2992 1153 3037 vulnus
1189 2991 1368 3054 perinaei
1394 2992 1510 3037 tedia
1534 2991 1582 3036 in
1610 2989 1794 3036 vesicam
1820 2989 2080 3036 demittatur
2114 2991 2269 3037 secun-

452 3053 558 3099 dum
585 3069 734 3099 notam
765 3056 953 3102 urethrae
982 3055 1274 3101 directionem
1291 3089 1303 3107 ‚
1330 3073 1378 3101 ac
1406 3055 1563 3102 educta
1593 3055 1699 3101 dein
1726 3054 1933 3117 cuspide,
1963 3072 2056 3117 quae
2085 3055 2266 3101 fistulam

453 3118 602 3180 opplet
621 3150 633 3170 ‚
659 3136 735 3181 per
753 3119 947 3164 mediam
968 3119 1150 3164 fistulam
1170 3120 1241 3165 via
1261 3119 1395 3171 urinae
1425 3120 1659 3183 aperiatur.
1710 3122 1822 3164 Non
1846 3117 2086 3163 diffitemur
2120 3119 2266 3163 intru-

453 3180 543 3231 ssim
565 3181 613 3228 in
638 3182 721 3240 hac
748 3184 1007 3247 operatione
1033 3183 1214 3231 fistulam
1233 3184 1258 3230 a
1277 3184 1464 3232 naturali
1483 3183 1672 3232 urethrae
1692 3182 1824 3234 dustu
1846 3181 2051 3228 aberrare
2066 3214 2081 3235 ‚
2111 3187 2155 3228 ὃς
2175 3183 2272 3247 dis-3
