2477 3643
182 434 392 474 Infortunia
402 461 413 478 ,

183 502 263 541 quae
275 488 413 540 plenio-

185 554 263 578 rem
282 542 357 592 hy-

185 592 396 643 drargyro..

186 646 250 682 sun
264 644 416 694 sequun-

182 710 244 734 tur
263 724 273 739 ,
292 709 326 732 in
344 708 415 731 tres

181 746 310 787 classes
346 747 416 783 dis-

184 801 302 852 tingui
325 798 383 835 so-

184 854 257 890 lent
277 863 341 902 prc·
356 850 419 886 tri—

186 905 268 957 plici
286 904 341 939 thr
353 914 417 938 ta-

188 957 272 1010 peiae
292 956 419 992 statuo-

229 1350 262 1385 1.
293 1342 419 1381 Subita

189 1398 316 1449 capitis
357 1409 421 1433 tu-

191 1449 367 1489 mefaffio

188 1515 273 1539 cum
303 1501 423 1537 calore

189 1553 381 1593 &dolore-

452 133 549 202 3²64·
801 121 904 182 DE
971 131 1337 182 MoR131s
1413 109 1911 179 VENERErs.·

460 218 586 286 pedit
606 251 619 271 ,
651 216 751 264 cum
780 231 933 262 omnes
964 214 1152 278 perinde
1182 210 1434 275 pertineant
1459 207 1516 254 ad
1547 208 1650 254 artis
1677 206 1868 255 Medicae
1896 205 2292 271 complementum?

461 301 510 331 ut
551 301 645 346 quae
676 299 768 328 non
797 279 941 326 minus
976 278 1150 342 obliqui
1180 275 1303 339 quod
1332 273 1476 326 male,
1504 272 1639 336 quarn
1671 272 1778 320 recti
1819 272 1944 334 quod
1974 271 2089 327 bene
2125 273 2243 320 cedit
2261 275 2285 325 ,'

462 347 704 395 consultrix
725 345 808 393 effe
829 343 1006 391 debeat.

525 411 776 459 Infortunia
815 443 828 462 ,
863 423 956 470 quae
987 406 1034 450 in
1063 400 1375 465 hydrargyrosi
1399 400 1581 447 evenire
1621 399 1795 455 solent,
1837 417 2026 448 numero
2059 401 2197 447 multa
2233 404 2281 446 δε

468 477 624 525 natura
666 473 888 521 dissimilia
920 470 1044 521 sunt,
1076 485 1270 532 quorum
1303 465 1518 512 nonnulla
1560 465 1738 527 utrique
1782 464 2156 529 hydrargyroseos
2193 471 2289 510 mes

466 543 636 593 rhodo,
669 538 857 604 pleniori
888 540 932 581 &
958 533 1176 598 parciori,
1203 531 1484 582 communia3
1514 529 1721 593 pleraque
1742 530 1946 577 alterutri
1977 529 2146 576 tantum
2176 539 2288 593 ptos

460 609 556 674 pria
587 605 698 651 sunt.
728 606 804 647 ’Ut
837 616 945 661 ergo
975 598 1141 661 singula
1169 596 1330 642 ordine
1363 608 1670 660 proponantur
1693 627 1704 646 ,
1737 594 1880 641 visum
1912 596 1970 641 est
1997 594 2204 641 universa
2234 594 2289 641 in,

462 674 568 719 duas
596 668 742 715 classes
768 664 1031 711 distribuere
1051 696 1063 714 ‚
1098 668 1143 708 δε
1171 678 1222 706 ea
1252 678 1346 722 quae
1370 659 1620 724 pleniorem
1647 657 1695 702 in
1724 657 1810 703 hoc
1829 692 1843 711 ,
1874 675 2027 705 caetera
2055 676 2150 722 quae
2180 675 2286 723 Par-

463 737 632 783 ciorem
658 727 1019 794 hydrargyrosim
1045 725 1170 790 sequi
1198 724 1344 771 solent
1365 758 1378 777 ,
1411 724 1459 769 in
1486 721 1696 787 sequente
1726 722 1886 787 Capite
1914 722 2136 787 figillatim
2166 739 2286 769 trac-

465 817 572 847 tare.

530 864 738 911 Solemne
759 862 818 907 est
836 859 882 904 in
913 857 1113 922 pleniore
1133 852 1446 916 hydrargyrosi
1467 851 1548 897 tria
1566 848 1699 896 stadia
1718 849 1954 915 distingui,
1974 866 2022 896 ut
2041 849 2171 915 supra
2189 849 2290 905 dic-g

463 945 559 977 tum
577 930 635 976 est
649 962 662 981 ‚
682 943 877 991 quorum
897 921 1250 984 unumquodque
1270 917 1344 963 sua
1360 916 1521 963 habeat
1542 914 1806 961 infortunia.

702 1064 741 1122 ς.
775 1058 810 1100 Ι.
868 1049 1401 1099 INFORTUNIA
1456 1047 1691 1092 PRIMI
1753 1044 2056 1091 STADII.

528 1192 582 1233 In
607 1185 754 1250 primo
788 1216 801 1235 ‚
843 1181 950 1227 dum
985 1177 1236 1226 Mercurius
1273 1175 1473 1239 sanguini
1509 1175 1700 1221 latenter
1734 1171 1963 1219 instillatus
1999 1167 2289 1218 tumultuatur

465 1254 633 1299 exitum
655 1249 735 1296 sibi
755 1247 988 1293 moliturus
1009 1244 1096 1307 qua
1117 1243 1219 1289 data
1239 1257 1367 1305 porta
1384 1274 1398 1294 3
1924 1282 1926 1285 ,

531 1323 563 1363 Ι.
591 1314 767 1360 Accidit
793 1309 1032 1374 aliquando
1061 1310 1153 1373 post
1174 1307 1351 1353 tertiam
1373 1317 1630 1368 quartanive
1654 1301 1961 1348 inunctionem
1980 1333 1992 1353 ‚
2024 1315 2072 1346 ut
2099 1297 2295 1344 salivales

467 1380 684 1445 glandula:
705 1395 798 1423 tum
829 1375 1076 1421 maxillares
1099 1407 1111 1425 3
1131 1389 1226 1417 tum
1248 1369 1470 1434 parotides
1492 1367 1761 1429 tonfillaeque
1790 1366 2033 1429 derepente
2062 1376 2262 1409 tumeant
2280 1393 2295 1413 ‚

469 1446 637 1492 caleant
656 1478 668 1497 ,
695 1443 878 1489 doleant
900 1458 910 1492 3
937 1439 1089 1500 lingua
1117 1435 1317 1482 tumefiat
1349 1440 1394 1480 &
1423 1432 1543 1479 foras
1575 1432 1826 1496 promineat
1853 1449 1865 1483 3
1892 1429 2028 1476 facies
2059 1442 2296 1489 totumque

476 1525 606 1575 caput
631 1506 906 1571 turgescant,
932 1503 1054 1548 unde
1089 1500 1325 1563 deglutitio
1357 1503 1402 1544 <Sc
1439 1496 1668 1560 respiratio
1691 1493 1884 1540 difficilis
1915 1512 1927 1546 3
1958 1512 2045 1539 vox
2078 1488 2295 1556 suppressa

468 1577 543 1623 vel
576 1572 839 1621 incondita,
864 1573 910 1614 &
943 1565 1134 1629 mugitui
1168 1563 1314 1609 similis
1342 1580 1354 1615 3
1382 1562 1513 1626 sopor
1530 1594 1542 1612 ,
1577 1576 1811 1606 veternum
1832 1592 1844 1610 ‚
1880 1558 2134 1620 lethargus3
2157 1554 2296 1601 febris

470 1647 558 1687 &c.
584 1654 681 1702 quae
703 1635 733 1682 si
755 1651 848 1681 non
869 1632 1021 1679 omnia
1049 1630 1221 1694 semper
1244 1626 1383 1674 adsint
1397 1659 1410 1680 ,
1431 1642 1474 1672 at
1495 1624 1648 1671 saltem
1668 1624 1876 1689 pleraque
1911 1621 2055 1669 solent
2074 1619 2161 1667 una
2186 1635 2301 1674 con-1

471 1718 665 1751 currere.

541 1765 813 1832 Dependent
833 1761 946 1808 mala
964 1760 1053 1806 haec
1073 1757 1224 1805 omnia
1245 1755 1269 1801 a
1288 1753 1516 1801 Mercurio
1550 1752 1698 1799 nimiis
1716 1757 1761 1799 &
1783 1748 2163 1815 frequentioribus
2182 1747 2302 1795 dofi-

468 1833 553 1880 bus
570 1830 871 1878 administrato
891 1860 902 1877 ,
921 1843 1011 1888 quo
1031 1821 1260 1887 glandulas
1286 1819 1484 1866 salivales
1522 1818 1800 1880 tonsillasque
1816 1851 1828 1870 ‚
1860 1818 1907 1863 in
1934 1833 2040 1879 quas
2076 1813 2301 1878 impetuo-

470 1898 550 1944 sius
572 1897 684 1947 ruit,
705 1893 849 1939 subito
869 1890 1073 1940 dilatari,
1102 1884 1396 1947 cohibitoque
1419 1883 1609 1947 proinde
1631 1882 1852 1945 sanguinis
1874 1881 2046 1928 refluxu
2067 1878 2090 1923 a
2114 1877 2300 1924 cerebro

470 1980 549 2026 per
568 1959 780 2024 appositas
799 1955 1014 2016 jugulares
1044 1969 1204 2002 venas,
1225 1965 1379 1995 caetera
1403 1948 1559 1993 omnia
1584 1946 1794 2009 consequi
1818 1945 2037 1992 necessum
2059 1944 2130 1988 est.

535 2029 643 2070 Una
668 2023 777 2068 salus
817 2021 907 2070 est,
948 2017 1123 2080 quoties
1154 2013 1377 2075 contingit
1400 2027 1448 2057 ut
1477 2011 1581 2073 aegri
1613 2010 1778 2056 funesta
1810 2011 1991 2056 illorum
2026 2007 2301 2070 symptoma4

473 2106 568 2137 tum
594 2087 832 2149 syndrome
854 2083 1162 2146 opprimantur
1182 2097 1193 2132 3
1216 2094 1373 2141 nempe
1402 2076 1588 2121 nimium
1611 2074 1827 2120 Mercurii
1850 2075 2064 2138 impetum
2091 2069 2299 2131 ocyffime

472 2153 715 2201 retundere
736 2155 779 2195 δέ
802 2164 1012 2194 coercere
1030 2179 1042 2196 ‚
1064 2145 1136 2191 vel
1169 2142 1323 2188 saltem
1349 2139 1556 2186 aliorsum
1585 2139 1813 2185 divertere
1831 2172 1843 2190 ,
1876 2154 1924 2184 ut
1953 2134 2302 2186 detumescentie

472 2219 553 2265 bus
576 2213 824 2262 salivalibus
846 2210 1062 2275 glandulis
1080 2207 1254 2254 lethalis
1274 2206 1320 2251 in
1341 2204 1529 2251 cerebro
1554 2202 1812 2249 haemostafia
1832 2202 2094 2250 declinetur.

535 2288 688 2344 Itaque
721 2287 780 2325 10.
807 2282 934 2324 Vena
961 2273 1084 2321 illico
1113 2271 1336 2318 incidatur
1363 2270 1408 2316 in
1428 2268 1614 2314 brachio
1634 2301 1646 2320 ,
1667 2268 1739 2314 vel
1760 2268 1883 2330 quod
1906 2268 2070 2330 praestat
2089 2265 2135 2309 in
2158 2261 2271 2326 pede
2292 2294 2307 2314 ‚

475 2346 737 2411 sangnisque
757 2359 849 2388 non
870 2339 1005 2386 semel
1024 2373 1036 2391 ,
1060 2338 1134 2385 sed
1154 2334 1316 2382 iterum
1335 2349 1465 2396 atque
1485 2332 1648 2380 iterum
1680 2332 1880 2378 mittatur
1903 2338 1949 2378 &
1970 2329 2090 2392 larga
2123 2325 2308 2391 quidem

473 2429 611 2458 manu
629 2445 641 2463 ,
662 2411 690 2454 fi
714 2406 897 2454 morbus
917 2419 1070 2467 urgeat
1091 2436 1103 2454 ,
1125 2407 1169 2448 &
1199 2399 1454 2463 aegrotantis
1485 2398 1604 2444 vires
1622 2396 1858 2443 tolerando
1886 2410 2009 2460 pares
2037 2393 2132 2439 sint.

475 2482 486 2532 ζ
539 2479 601 2521 2⁰.
635 2472 942 2520 Detrahantur
968 2466 1196 2530 extemplo
1213 2463 1380 2511 indufia
1399 2462 1551 2508 omnia
1569 2461 1799 2509 Mercurio
1820 2461 2001 2507 intinera
2018 2493 2030 2511 3
2062 2469 2313 2502 mutentur-

477 2557 567 2604 que
596 2539 697 2585 lecti
716 2538 885 2587 lintea-3
911 2534 1002 2579 imo
1029 2532 1057 2577 s1
1077 2529 1316 2577 commode
1346 2527 1443 2574 fieri
1461 2526 1587 2590 possit
1607 2559 1619 2577 ,
1647 2524 1923 2572 mercurialis
1948 2523 2152 2569 sordities
2170 2553 2182 2571 ,
2215 2536 2312 2581 quae

480 2605 572 2650 cuti
602 2600 850 2650 inhaerescit
868 2633 881 2653 >
909 2598 1195 2660 detergatur,
1222 2611 1278 2640 ne
1301 2591 1531 2639 Mercurio
1548 2589 1665 2638 intus
1683 2589 1853 2636 furenti
1885 2590 2037 2637 tacitas
2068 2588 2182 2634 ferat
2214 2583 2316 2648 sup-1

483 2670 635 2732 petias.

550 2742 609 2792 3¹³.
638 2730 907 2777 Immittatur
926 2760 937 2779 ,
959 2726 988 2773 fi
1010 2742 1086 2789 per
1108 2738 1279 2786 tempus
1300 2720 1433 2766 liceat
1450 2753 1462 2772 ‚
1489 2719 1643 2779 clyster
1671 2736 1863 2783 purgans
1884 2735 1937 2764 ex
1963 2717 2152 2762 decocto
2174 2713 2315 2760 folio-

483 2815 583 2843 rum
615 2796 755 2841 sennae
776 2828 787 2845 ,
807 2810 909 2838 cum
941 2789 1227 2853 diaphoenico
1265 2801 1337 2831 aut
1363 2783 1492 2831 ‘hiera
1507 2783 1630 2846 picra
1648 2801 1659 2835 3
1679 2784 1772 2828 imo
1806 2801 1907 2828 cum
1941 2781 2051 2843 aqua
2079 2778 2313 2826 benedidla

484 2860 697 2909 Rullandi
728 2856 903 2903 turbida
924 2889 934 2906 ‚
965 2870 1012 2899 ut
1037 2852 1192 2916 egestis
1221 2850 1400 2898 faecibus
1420 2882 1432 2900 ,
1460 2865 1552 2910 quae
1575 2848 1623 2893 in
1649 2846 1925 2894 crassioribus
1943 2845 2158 2892 intestinis
2177 2844 2313 2890 indu-

484 2942 586 2972 ratae
611 2926 777 2970 haerent
796 2957 808 2974 ‚
834 2922 992 2967 futurae
1014 2916 1268 2982 purgationi
1288 2915 1361 2961 via
1381 2913 1455 2958 fiat
1475 2912 1670 2958 liberior.

549 2999 615 3047 40.
656 2989 876 3051 Deinceps
908 2985 993 3030 Gne
1029 2982 1156 3027 mora
1189 2978 1451 3028 exhibeatur
1488 2976 1781 3022 catharticum
1799 3010 1811 3029 ,
1833 2993 1916 3040 pro
1936 2972 2085 3019 morbi
2105 2970 2242 3033 gradu
2263 2972 2311 3013 δε

487 3054 735 3117 aegrotantis
764 3067 888 3097 aetate
913 3049 981 3095 vel
1004 3046 1169 3093 vitibus
1198 3044 1371 3090 varium
1390 3076 1401 3094 ‚
1434 3040 1509 3087 sed
1542 3040 1802 3105 plerumque
1830 3058 1883 3090 ex
1910 3037 2057 3084 infuso
2085 3032 2309 3082 folliculo-

489 3137 588 3167 rum
621 3117 762 3163 sennae
785 3150 795 3166 ,
824 3114 983 3159 radieis
1012 3111 1107 3157 rhei
1126 3144 1138 3162 ‚
1163 3115 1209 3156 δε
1244 3108 1339 3154 salis
1366 3105 1578 3167 vegetalis
1607 3123 1705 3151 cum
1740 3104 1892 3150 addita
1922 3100 2082 3147 manna
2113 3117 2122 3143 :
2156 3095 2250 3142 Imo
2275 3095 2304 3139 si

491 3200 627 3246 grave
647 3179 895 3245 periculum
916 3176 1149 3228 immineat
1166 3208 1179 3229 ,
1199 3191 1303 3223 cum
1320 3170 1433 3234 aqua
1452 3168 1685 3220 benedidia
1702 3167 1914 3218 Rullandi
1930 3199 1943 3218 ,
1965 3164 2038 3212 seu
2051 3162 2163 3210 ,vino
2186 3176 2306 3212 eme-3
