2477 3643
447 117 546 183 546
786 105 1900 175 >DEMORBISVENE-*RE18

481 199 549 237 20.
574 189 598 217 ²*
615 187 756 237 Simul
772 189 909 237 etiam
925 189 1003 235 usu
1019 189 1084 236 rei
1100 206 1300 236 venereae
1314 205 1417 234 cum
1435 189 1658 257 indigenis
1673 190 1936 240 mulieribus
1947 188 2158 240 morbum
2171 196 2282 246 altea

439 274 542 304 rum
561 255 615 301 ab
632 255 791 303 iisdem
811 257 1089 303 contractum
1108 253 1236 300 fuisse
1256 252 1558 303 difficiliorem
1576 288 1589 308 ‚
1608 257 1862 320 graviorem
1879 291 1892 311 ,
1913 257 2244 308 diuturniorem
2260 294 2274 315 .
2316 301 2324 307 .

439 321 748 385 contagiosum
771 356 784 374 ,
801 320 1006 383 notisque
1027 320 1236 366 remediis
1268 324 1484 381 majorem
1502 353 1516 372 ,
1547 338 1637 367 uno
1673 322 1816 368 verbo
1846 323 1963 371 luem
1998 341 2236 373 veneream
2255 358 2272 380 ,

436 404 535 451 quae
552 387 669 432 inter
692 386 827 432 Indos
848 385 1033 448 quidem
1049 384 1280 431 familiaris
1300 419 1312 438 ,
1334 384 1409 431 sed
1427 385 1684 432 Castellanis
1705 388 1760 432 ad
1781 388 1894 434 illud
1914 405 2085 453 tempus
2112 390 2270 453 ignota

439 468 535 500 erat
557 471 566 496 :
586 452 778 498 Suborta
795 451 880 497 effe
911 450 1078 497 scilicet
1106 450 1154 496 in
1179 450 1379 515 corporis
1404 449 1561 496 habitu
1581 450 1809 498 tubercula
1832 453 1944 499 dura
1959 487 1972 505 ‚
1994 454 2233 502 renitentia
2251 487 2269 509 ,

441 535 544 563 cum
571 517 803 562 doloribus
825 515 1078 569 atrocibus,
1105 534 1158 562 ex
1185 533 1274 579 quo
1301 515 1470 562 fad‘cum‘
1493 532 1541 561 ut
1567 516 1640 579 spe
1666 515 1806 562 futuri
1827 518 1884 563 ad
1909 518 2077 564 bonam
2102 521 2268 566 valetu-
2306 553 2309 557 s

440 582 595 628 dinem
631 581 828 628 recursus
859 582 906 626 in
937 582 1053 626 coelo
1085 582 1221 627 natali
1251 581 1381 626 multi
1412 582 1461 626 in
1491 583 1678 645 patriam
1708 580 1869 628 reversi
1898 582 1979 628 sint
1997 617 2012 638 ,
2047 583 2096 629 in
2129 602 2267 649 quam

441 647 655 694 morbum
673 647 881 692 eumdem
896 647 982 692 una
1003 646 1070 692 sec
1082 664 1156 691 um
1174 646 1494 710 importavere.

504 720 568 773 3⁰·
602 711 689 758 Sed
719 713 900 757 tandem
927 711 1086 756 divino
1111 710 1332 757 beneficio
1359 709 1611 756 concessum
1630 707 1739 763 esse,
1760 725 1809 757 ut
1827 710 2053 773 aliquanto
2074 716 2165 778 post
2191 715 2266 763 in-

440 777 631 824 tervallo
652 777 902 823 remedium
922 776 1092 822 ibidem
1118 777 1388 840 reperiretur
1406 815 1421 830 ‚
1443 774 1520 821 ubi
1540 775 1724 821 morbus
1744 792 1943 841 repertus
1962 776 2107 823 fuerat
2126 813 2139 831 ,
2165 797 2267 826 mu-

442 843 565 889 lieris
594 842 713 888 Indae
751 842 984 888 Castellani
1017 839 1243 902 cujusdam
1273 842 1421 887 uxoris
1454 840 1656 892 indicio,
1685 859 1780 904 quae
1821 840 1948 888 usum
1979 842 2090 905 ligni
2123 846 2269 893 Sanffl

442 908 499 954 ab
523 908 683 952 incolis
714 912 936 953 Guaiacan
967 907 1073 951 didi
1104 904 1313 970 patefecit
1342 905 1551 954 adversus
1572 906 1622 953 id
1644 906 1795 952 morbi
1826 924 1966 971 genus
2004 906 2231 956 efficacem
2250 943 2269 964 ‚

399 1016 402 1017 γ
442 973 564 1020 unde
586 990 677 1017 non
696 973 806 1018 levis
826 971 997 1017 acceffit
1024 970 1229 1017 remiffio.

491 1037 579 1083 Sed
594 1037 756 1083 horum
771 1037 975 1082 omnium
989 1037 1100 1081 nihil
1115 1036 1358 1100 quidquam
1373 1038 1447 1089 est,
1460 1035 1584 1099 quod
1602 1034 1657 1081 acl
1670 1052 1954 1100 annum15o3.
1971 1037 2269 1087 referendum

439 1101 504 1148 fit.
525 1111 577 1147 10.
594 1106 703 1149 Non
720 1101 874 1154 fames,
888 1119 980 1164 quae
994 1103 1110 1147 inter
1128 1101 1349 1166 Hispanos
1363 1101 1548 1147 morbos
1563 1102 1763 1164 vulgavit
1782 1118 1794 1152 ς
1815 1104 1982 1148 constat
2003 1105 2121 1150 enim
2143 1105 2270 1152 illam.

440 1167 634 1214 evenisse
654 1185 770 1213 anno
800 1185 934 1229 1495.
953 1175 1012 1212 20.
1037 1169 1148 1213 Non
1169 1166 1460 1231 deprehensio
1479 1167 1690 1229 ignoratae
1712 1163 1914 1212 efficaciae
1931 1201 1942 1218 ‚
1962 1167 2047 1231 qua
2071 1168 2267 1233 pollebat

440 1232 611 1295 lignum
640 1235 844 1278 §arichim
867 1231 1074 1278 adversus
1096 1231 1278 1277 morbos
1300 1249 1536 1284 venereos;
1569 1233 1735 1277 constat
1756 1232 1877 1277 enim
1898 1232 2071 1295 lignum
2093 1233 2179 1280 hoc
2209 1235 2265 1281 ab

441 1297 649 1361 Hispanis
680 1299 726 1343 in
758 1296 902 1342 Insula
934 1296 1196 1361 Hispaniolzi
1225 1296 1271 1341 in
1302 1296 1426 1342 usum
1457 1296 1576 1361 prius
1606 1312 1812 1342 vocatum
1847 1314 1940 1342 non
1968 1297 2094 1344 fuiffe
2129 1299 2267 1362 quzim

441 1380 563 1408 anno
592 1379 725 1424 1514.
748 1379 821 1407 aut
846 1378 990 1427 1515.
1033 1371 1093 1423 30.
1118 1362 1325 1425 Denique
1345 1379 1436 1408 non
1456 1360 1666 1425 ingressus
1686 1361 1786 1407 Luis
1809 1377 2005 1408 venereae
2024 1363 2141 1409 inter
2163 1363 2269 1409 His-

441 1445 606 1492 panos3
628 1429 792 1473 constat
811 1428 931 1472 enim
951 1427 1071 1472 certa
1093 1428 1420 1473 Historicorum
1448 1426 1536 1473 fide
1555 1426 1604 1472 id
1623 1425 1772 1472 morbi
1791 1442 1927 1488 genus
1946 1427 2091 1491 primo
2113 1427 2270 1474 Chris-

441 1492 625 1556 tophori
651 1491 867 1537 Columbi
892 1491 947 1537 ad
976 1491 1284 1555 Hispaniolam
1314 1490 1493 1557 appulsu
1512 1525 1525 1544 ,
1556 1507 1687 1554 atque
1715 1491 1826 1536 adeo
1855 1509 1973 1537 anno
2006 1510 2139 1549 1492.
2164 1511 2266 1539 cum

398 1566 401 1572 '
441 1557 649 1621 Hispanis
677 1556 755 1602 usu
778 1557 951 1602 veneris
972 1558 1353 1604 communicatum
1373 1555 1498 1603 fuilse
1518 1555 1573 1602 ab
1595 1555 1819 1619 indigenis
1838 1557 2100 1603 mulieribus
2116 1591 2128 1609 ‚
2150 1558 2268 1622 apud

440 1640 547 1685 quas
579 1620 820 1686 antiquitus
852 1621 1061 1669 endemia
1089 1638 1215 1676 erat3
1245 1622 1332 1687 quss.
1365 1622 1422 1670 de
1450 1638 1498 1669 re
1525 1621 1631 1668 vide
1661 1621 1820 1685 suprssi,
1854 1621 1954 1668 Lib.
1986 1627 2024 1668 I.
2055 1626 2191 1688 Capp.
2225 1643 2276 1683 9->

442 1688 495 1735 &⁹
524 1705 588 1734 10.

499 1753 589 1799 Sed
609 1770 688 1799 nec
711 1756 910 1798 Herrera
935 1751 1016 1797 hac
1041 1750 1099 1798 de
1121 1768 1167 1798 re
1191 1749 1388 1797 dissentit
1415 1750 1649 1797 ullomodo
1666 1784 1678 1803 ‚
1709 1765 1758 1795 ut
1784 1749 1861 1813 qui
1884 1751 2039 1797 contr-*l
2068 1751 2272 1817 expresse

439 1815 589 1863 ibidem
609 1820 786 1864 testetur
818 1819 848 1871 †
881 1821 1016 1863 Luem
1041 1834 1281 1862 veneream
1305 1816 1351 1861 in
1372 1816 1517 1862 Insula
1538 1814 1798 1880 Hispaniola
1817 1816 2055 1879 antiquitus
2078 1822 2105 1862 F
2120 1834 2152 1864 A
2169 1836 2205 1863 M
2226 1836 2270 1863 1-

442 1898 467 1927 1.
487 1900 500 1927 1
518 1899 549 1928 Α
566 1901 597 1930 R
616 1901 636 1928 E
656 1901 692 1928 M
719 1881 872 1937 fuiffe3
889 1883 936 1927 in
954 1882 1224 1928 Castellanos
1242 1915 1253 1933 ‚
1273 1881 1433 1944 quibus
1461 1899 1476 1926 1
1490 1900 1516 1926 G
1534 1899 1563 1926 N
1582 1899 1610 1926 o
1629 1899 1655 1925 T
1672 1899 1703 1925 A
1731 1897 1849 1933 erat,
1871 1881 2110 1927 manaviffe
2135 1900 2159 1927 c
2175 1901 2202 1928 o
2216 1900 2280 1930 N·-

441 1963 470 1991 T
489 1964 518 1993 U
535 1966 557 1993 B
573 1966 593 1993 E
611 1966 642 1994 R
658 1966 684 1993 N
705 1966 719 1993 1
735 1965 763 1992 o
781 1965 882 1992 cum
905 1947 1161 1993 mulieribus
1182 1946 1433 2008 indigenis3
1457 1964 1505 1991 ac
1529 1946 1708 1992 demum
1733 1945 1786 1990 ab
1804 1945 1856 1991 iis
1875 1946 1953 2009 qui
1974 1947 2020 1991 in
2041 1947 2266 1993 Castiliam

441 2011 620 2058 rediere
635 2045 646 2063 ,
675 2030 702 2056 τ
719 2028 752 2058 R
769 2028 799 2057 A
820 2029 848 2056 1>
865 2029 892 2057 U
913 2030 936 2056 c
955 2029 981 2055 T
1000 2028 1031 2056 A
1048 2029 1084 2056 M
1105 2010 1231 2056 fuiffe
1247 2011 1294 2055 in
1314 2011 1572 2073 Hispaniam
1588 2030 1598 2063 ς
1617 2027 1710 2072 quae
1729 2009 1894 2071 singula
1912 2010 2057 2055 ficstam
2074 2018 2119 2055 ὃς
2140 2029 2264 2057 com·-

439 2076 690 2121 mentitiam
707 2076 890 2128 Ioannis
909 2080 1096 2120 Devaux
1125 2073 1323 2120 fabulam
1342 2074 1544 2121 funditus
1569 2073 1831 2121 convellunt
1847 2107 1860 2126 ‚
1887 2072 2149 2138 causamque
2178 2093 2266 2132 no-⁴

440 2137 508 2188 bis
527 2140 784 2204 adjudicant
803 2139 1082 2204 apertisfime.

493 2297 515 2321 *
545 2297 595 2333 La
620 2296 712 2334 falta
739 2297 782 2333 de
809 2296 967 2336 vitualla
987 2308 1081 2347 ‚que
1107 2295 1212 2333 huvo
1238 2308 1279 2332 en
1298 2295 1330 2344 la
1352 2295 1532 2348 Espafiola
1550 2294 1607 2339 ,el
1633 2306 1757 2332 comer
1783 2295 1836 2331 Ios
1863 2295 2081 2334 castellanos
2107 2297 2263 2335 muchas

440 2347 690 2386 bascofidades
707 2377 717 2394 ‚
734 2364 756 2401 y
781 2349 818 2386 lo
846 2361 916 2401 que
936 2349 1153 2399 padecioton
1175 2349 1230 2384 los
1248 2349 1371 2386 Indios
1393 2363 1458 2399 por
1472 2347 1576 2385 causa
1593 2346 1636 2383 de
1660 2361 1706 2383 no
1724 2345 1883 2386 sembtar
1899 2361 2008 2384 como
2029 2362 2127 2386 atras
2146 2352 2267 2401 queda

440 2399 601 2438 referido
620 2429 631 2445 ‚
659 2402 774 2439 causo
789 2415 829 2438 en
854 2401 963 2438 todos
987 2413 1121 2437 nuevas
1139 2399 1409 2437 enfermedades
1427 2416 1436 2438 :
1459 2400 1660 2437 Pufieronse
1679 2401 1837 2451 primero
1861 2414 1935 2436 tam
1958 2402 2140 2438 amariaelos
2157 2429 2169 2447 ,
2189 2415 2262 2454 que

440 2454 607 2505 parecian
635 2453 906 2506 aeafranados:
939 2467 961 2504 y
991 2454 1068 2489 esto
1101 2464 1171 2502 que
1197 2454 1245 2489 les
1271 2453 1365 2490 duro
1396 2452 1553 2489 muchos
1569 2452 1643 2488 dias
1660 2481 1670 2498 ,
1687 2464 1756 2488 con
1785 2453 1818 2489 la
1841 2466 1862 2489 c
1876 2466 1900 2489 o
1914 2467 1937 2491 N
1954 2467 1975 2490 v
1991 2466 2008 2489 ε
2024 2466 2048 2490 R
2063 2468 2077 2491 s
2095 2468 2119 2491 A
2131 2469 2151 2492 c
2168 2468 2181 2492 1
2196 2469 2220 2491 o
2236 2467 2262 2493 Ν

441 2506 484 2541 de
512 2505 563 2542 las
588 2519 780 2557 mugueres
802 2506 834 2544 se
859 2507 909 2543 les
934 2506 1018 2542 vino
1042 2505 1062 2542 ὲ
1087 2517 1196 2556 pegar
1215 2518 1261 2540 un
1280 2506 1355 2542 mal
1383 2517 1488 2543 oRD
1508 2519 1518 2541 1
1536 2517 1561 2541 N
1578 2517 1602 2540 A
1618 2517 1642 2541 R
1659 2519 1669 2540 1
1688 2518 1712 2540 o
1739 2517 1836 2540 entre
1864 2505 1917 2541 los
1945 2505 2064 2541 ludios
2085 2533 2095 2550 ‚
2122 2520 2142 2557 y
2167 2519 2266 2544 entre
2296 2509 2300 2515 ’

439 2556 497 2594 los
529 2558 754 2594 Castellanos
778 2573 824 2596 no
852 2561 958 2597 Con
976 2571 1036 2594 oc
1056 2572 1069 2596 1
1085 2570 1175 2599 ΒΟ,
1210 2570 1281 2608 que
1310 2558 1358 2594 les
1386 2557 1482 2595 dava
1508 2557 1647 2592 macho
1675 2556 1833 2607 trabajo.
1862 2558 1956 2593 Eran
1982 2570 2070 2593 unos
2099 2570 2231 2608 granos
2249 2586 2262 2604 ,

438 2623 511 2662 que
536 2611 661 2646 nacian
684 2624 744 2662 per
773 2611 806 2647 el
831 2623 966 2664 cuerpo
992 2623 1058 2646 con
1086 2610 1231 2645 dolores
1249 2608 1403 2646 intensos
1420 2637 1430 2654 ,
1457 2623 1477 2661 y
1504 2621 1568 2644 era
1596 2608 1811 2659 contagioso
1828 2635 1839 2654 ,
1856 2623 1876 2660 y
1908 2608 1956 2645 fin
1986 2610 2148 2645 remedio
2174 2610 2258 2645 nin-

438 2675 539 2714 guno
559 2690 569 2705 ‚
598 2665 640 2699 de
665 2677 735 2715 que
762 2665 901 2700 morian
931 2661 1129 2699 tabiandoz
1158 2676 1180 2713 y
1204 2675 1272 2713 por
1296 2664 1374 2699 esto
1400 2663 1432 2699 se
1457 2661 1643 2698 bolvieron
1672 2661 1829 2696 muchos
1858 2661 1877 2698 ὲ
1903 2661 2052 2697 Castilla
2080 2660 2261 2712 pensando

439 2715 542 2752 sanat
569 2727 653 2751 cum
681 2716 861 2769 mudanffa
888 2715 946 2753 del
974 2728 1058 2766 ayre
1091 2714 1264 2758 natural,
1295 2729 1315 2766 y
1344 2727 1363 2752 Ρ
1381 2729 1437 2752 EG
1458 2726 1597 2753 ARON
1632 2713 1663 2747 el
1691 2713 1776 2749 mal.
1809 2714 1899 2748 Pero
1927 2712 2032 2762 quiso
2064 2715 2156 2751 Dios
2189 2725 2264 2764 que

437 2768 577 2804 adonde
597 2769 628 2804 se
644 2768 743 2805 hallo
772 2770 803 2805 el
833 2769 902 2805 mal
923 2766 980 2813 ,se
1012 2764 1160 2803 hallass'e
1185 2766 1218 2802 el
1243 2769 1401 2803 remedio
1420 2793 1431 2810 ‚
1458 2778 1599 2817 porque
1625 2764 1730 2800 alcun
1757 2766 1897 2815 tiempo
1920 2763 2066 2814 despues
2096 2777 2165 2802 una
2194 2768 2268 2802 In·-

441 2820 501 2856 dia
527 2833 682 2871 muguer
712 2820 754 2856 de
786 2833 831 2857 un
856 2820 1061 2857 (iastellano
1091 2818 1231 2855 mostro
1258 2820 1289 2855 el
1318 2820 1401 2870 palo
1433 2819 1566 2854 §antro
1584 2829 1683 2867 ‚que
1710 2817 1840 2853 Ilaman
1862 2821 2057 2867 Guayacan
2075 2845 2085 2860 ‚
2106 2829 2172 2853 con
2189 2829 2265 2868 que

440 2884 687 2923 commeator}
707 2870 725 2909 {a
743 2885 841 2909 tener
860 2873 968 2925 algui]
994 2867 1173 2908 del'canso.
1210 2872 1361 2918 Historia
1381 2872 1526 2920 general
1551 2871 1593 2905 de
1615 2873 1662 2904 los
1686 2869 1822 2904 Hechos
1854 2871 1893 2903 de
1921 2869 1969 2904 los
1989 2870 2208 2918 Castellanos
2223 2881 2266 2905 en

440 2926 496 2962 las
521 2927 608 2974 Istas
627 2941 651 2972 y
676 2929 803 2962 Tierra
823 2925 925 2970 firme
951 2926 1006 2961 del
1025 2938 1100 2960 mm
1120 2930 1266 2959 Oreano.
1288 2926 1422 2970 Escrita.
1442 2933 1501 2972 por
1520 2924 1552 2959 el
1570 2923 1722 2958 Antonio
1740 2925 1897 2957 Herrera
1913 2947 1923 2962 ,
1943 2920 2126 2970 Coromsta
2148 2931 2272 2971 mayor

439 2978 483 3014 de
500 2978 554 3012 las
573 2978 711 3014 Indias.
732 2979 879 3014 Decada
896 2984 926 3014 I.
945 2977 1019 3015 Lib.
1043 2984 1082 3014 V.
1101 2978 1218 3024 Capit.
1238 2981 1309 3013 XI·

490 3034 515 3079 †
549 3031 634 3068 Haec
652 3031 771 3067 omnia
789 3029 916 3066 orniffa
934 3030 1011 3066 [unt
1030 3030 1060 3064 in
1084 3029 1378 3079 interpretatione
1397 3026 1467 3062 loci
1489 3026 1584 3062 illius
1599 3028 1765 3063 Herrerae
1783 3052 1793 3069 ‚
1809 3037 1921 3076 quam
1936 3027 2090 3076 joannes
2111 3025 2265 3068 Devaux

441 3080 593 3120 adducit
622 3084 762 3118 laudati
789 3083 982 3121 Tradat&
1006 3095 1084 3130 pagi
1117 3094 1182 3126 42.
1218 3081 1285 3120 Sed
1311 3077 1509 3117 orniffionis
1534 3075 1642 3129 culpa
1667 3077 1887 3114 refundenda
1918 3077 2056 3114 videtur
2086 3089 2156 3112 non
2189 3073 2262 3110 tam

446 3135 481 3170 in
505 3137 604 3173 illum
621 3163 630 3177 ‚
654 3134 763 3186 quam
785 3135 818 3169 in
839 3137 1008 3184 ]oannem
1034 3134 1075 3170 de
1097 3133 1130 3169 la
1152 3134 1259 3170 Coste
1278 3160 1290 3177 ,
1314 3132 1332 3170 a
1358 3144 1434 3183 quo
1454 3134 1622 3168 Herrerae
1639 3132 1745 3181 Opus
1761 3130 1889 3183 gallice
1907 3128 2089 3168 redditum
2111 3126 2265 3177 fuerat!

444 3192 481 3227 ὃς
498 3200 604 3240 cujus
621 3187 874 3241 interpretatio
895 3188 913 3223 a
927 3187 1061 3237 joanne
1079 3189 1237 3227 Devaux
1252 3185 1394 3239 optima
1415 3183 1486 3222 fide
1501 3182 1703 3236 profertur.
