2477 3643
225 1928 365 1970 1610.

224 2504 367 2552 {2611}

435 165 529 213 5¹4
725 139 899 191 *DE
965 131 1920 188 MORBISVENEREIS.

430 233 584 296 lignum
600 225 757 288 scilicet
784 225 1014 272 Guaiacnm
1041 217 1092 268 ὠ
1114 219 1265 281 lignum
1286 212 1495 276 Saffafi'as
1513 247 1531 267 0
1553 213 1734 261 radicem
1753 210 2061 281 Salsa-parillae
2090 211 2142 268 ὠ·
2160 215 2277 264 radi.

434 313 517 344 cem
536 293 693 339 China-

494 360 588 420 Effl
612 360 800 421 princeps
830 353 880 399 ά
906 348 1040 396 veluti
1064 348 1217 409 regium
1240 341 1571 387 medicamentum
1608 345 1652 387 in
1683 343 1756 391 hoc
1783 344 1923 406 affeflu
1945 347 2174 393 Guaiacum
2205 348 2276 405 seu

435 425 589 488 lignum
609 429 640 467 S
647 423 806 465 anetum
822 456 836 470 ‚
871 419 929 462 ita
955 427 997 459 ut
1025 409 1163 456 merab
1181 422 1324 453 verum
1345 404 1449 462 istius
1469 407 1546 451 luis
1566 409 1969 470 Alexipharmacum
1987 412 2271 469 seuzsseuar-

438 493 560 535 ticum
585 487 791 549 appellari
822 479 962 526 debeat
980 516 996 532 ,
1026 478 1125 539 quia
1155 474 1214 519 ad
1230 485 1379 519 certam
1398 508 1413 525 ‚
1439 474 1560 517 citam
1580 469 1630 517 ὦ·
1649 485 1777 519 tutam
1800 476 1879 520 luis
1897 491 2071 520 venerea
2097 479 2272 521 curatio-

439 570 526 599 nem
549 549 723 596 omnibus
741 549 833 592 aliis
849 543 1068 607 praepollet.

507 613 710 662 Sass‘afras
728 646 740 663 ,
764 604 1154 672 salsam-patinam
1175 606 1222 648 δέ
1245 599 1443 647 Chinam
1463 600 1631 648 virtute
1654 599 1817 648 cedere
1837 602 2034 650 Guaiaco
2051 637 2064 656 ,
2086 601 2160 650 sed
2180 600 2276 649 Sas-

442 679 576 728 safras
602 675 728 723 valde
757 676 827 737 effe
857 673 1097 720 commodum
1123 666 1311 714 -omnibus
1339 670 1417 718 iis,
1436 670 1507 728 qui
1540 684 1591 711 ex
1624 668 1688 711 lue
1716 666 1893 711 venerea*
1918 668 2069 714 diutius
2084 672 2276 729 saviente

443 751 486 792 in
512 745 713 807 apepfiam
732 779 746 794 ,
772 739 1011 788 cachexiam
1031 774 1045 790 ‚
1075 750 1224 796 aquam
1244 734 1474 776 intercutem
1496 729 1547 778 ὠ*
1569 732 1674 776 alias
1690 730 1881 795 paffiones
1907 731 2146 795 hydropicas
2169 736 2275 779 inci-

444 811 617 861 derunt,
638 821 706 852 aut
728 808 794 868 qui
816 819 981 850 tumores
992 800 1229 862 frigidiores
1245 801 1473 860 patiuntur.
1514 794 1906 859 Salsam-parillam
1926 795 2075 841 habere
2090 801 2277 860 proprie-

442 889 563 921 tatem
592 873 808 933 quamdam
836 868 894 914 ad
919 868 1071 912 dolores
1096 877 1256 908 artuum
1274 861 1487 921 sedandos.
1528 860 1747 907 Radicem
1766 859 1925 906 Chinae
1952 861 2064 906 credi
2084 863 2278 926 atrophia

442 957 495 985 cx
521 936 654 982 morbo
682 933 746 993 isto
771 945 1005 998 comparata
1021 969 1035 984 ,
1040 927 1294 992 fluxionibus
1313 924 1475 972 acribus
1501 924 1552 972 εἰῇ*
1582 924 1768 983 asthmati
1796 928 2024 971 convenire.

506 1002 849 1063 Hydrargyrum
877 996 1205 1042 medicamentum
1230 990 1299 1051 effe
1327 992 1547 1052 malignum
1573 992 1623 1037 (ῥ’
1646 991 1875 1036 deleterium
1894 1027 1908 1042 ,
1928 991 1973 1050 st
1987 989 2115 1053 pers}
2125 989 2281 1054 spefle„

445 1081 512 1113 tur
517 1100 645 1113 .....
675 1080 851 1110 attamen
877 1079 953 1106 non
983 1062 1052 1120 effe
1079 1059 1339 1115 rejiciendum
1365 1059 1407 1100 in
1433 1056 1506 1100 hoc
1532 1054 1672 1115 affieb‘lu
1690 1093 1706 1109 ‚
1736 1053 1826 1101 cum
1853 1053 1904 1099 ά*
1926 1057 1969 1099 in
1984 1053 2123 1114 scabie
2146 1052 2196 1100 ῥ’
2220 1056 2283 1099 le.

444 1131 527 1197 pra
551 1136 639 1188 jam
661 1133 752 1175 olim
772 1128 952 1187 feliciter
963 1125 1090 1183 fuerit
1112 1125 1344 1184 ufitrpatum
1358 1137 1368 1165 ;
1383 1120 1459 1177 βλ
1477 1137 1517 1164 eo
1540 1119 1729 1165 utendum
1757 1123 1798 1165 in
1817 1117 1959 1164 rebelli
1969 1117 2279 1175 ,constitutivum

446 1212 518 1241 aut
544 1199 808 1258 malignorum
834 1194 1013 1238 ulcerum
1039 1188 1089 1235 «ῥ’
1118 1188 1296 1232 dolorum
1312 1183 1479 1241 feritate
1498 1222 1513 1237 ,
1547 1201 1628 1246 qua
1654 1186 1748 1230 aliis
1766 1184 1948 1229 remediis
1976 1181 2093 1244 prius
2112 1200 2280 1229 comme-

448 1264 613 1306 moratis
643 1260 778 1306 cedere
811 1275 888 1302 non
918 1258 1080 1319 potuit:
1110 1257 1142 1297 S
1147 1245 1280 1296 ummci
1302 1263 1434 1293 tamen
1463 1253 1674 1303 cautione,
1703 1263 1748 1295 ut
1775 1265 1899 1310 neque
1923 1250 2137 1312 puerulis,
2157 1265 2281 1310 neque

435 1324 658 1385 senioribus
681 1362 693 1377 ,
725 1341 795 1369 nec
824 1320 1021 1385 gravidis
1049 1314 1280 1362 mulieribus
1298 1351 1310 1366 ,
1330 1327 1400 1357 aut
1423 1315 1613 1378 paralyst
1628 1351 1643 1367 ,
1676 1330 1894 1358 nervorum
1923 1311 2188 1358 imbecillitati
2212 1313 2283 1358 vel

446 1394 601 1454 angina
622 1388 800 1433 obnoxiis
817 1383 1057 1431 exhibeatur
1072 1420 1086 1435 ‚
1103 1398 1228 1443 neque
1239 1376 1567 1438 febricitantibus
1586 1417 1601 1432 ,
1621 1393 1690 1423 aut
1709 1375 1837 1423 valde
1856 1379 2094 1422 macilentis.

511 1453 706 1500 Demsim
735 1452 894 1497 balnea
921 1446 1136 1493 naturalia
1162 1459 1378 1507 aquarum
1404 1441 1691 1488 thermalium
1717 1446 1844 1505 magis
1860 1458 1997 1486 nocere
2026 1439 2148 1504 quam
2173 1454 2277 1506 pro-

444 1519 545 1580 deffl·
561 1534 629 1573 ,ut
655 1531 893 1582 compertum
920 1512 968 1571 est
990 1529 1041 1558 ex
1069 1509 1223 1555 balneis
1235 1508 1480 1555 Belilucam's
1498 1510 1514 1566 (
1533 1506 1592 1553 de
1607 1507 1816 1565 Baleruc)
1840 1509 2029 1569 quamvis
2035 1506 2280 1570 generostffi-

445 1588 518 1630 mis
533 1622 547 1637 ,
578 1600 630 1628 ex
657 1598 820 1644 quorum
849 1581 917 1639 usu
938 1580 1000 1623 lue
1020 1573 1193 1622 venerean
1212 1574 1340 1634 affec‘t‘i
1357 1571 1535 1635 gravius
1544 1573 1588 1632 se
1598 1573 1640 1633 ft
1668 1570 1815 1618 habere
1833 1572 2134 1630 consueverunt.

504 1646 706 1712 Expositi
731 1643 928 1709 generali
947 1642 1029 1687 luis
1051 1642 1282 1686 curatione
1298 1670 1311 1689 ,
1344 1636 1558 1699 proponit
1590 1636 1757 1682 deinde
1780 1634 2052 1698 therapeiam
2083 1633 2285 1697 particu-

444 1711 586 1759 larem
616 1711 890 1774 singulorum
921 1705 1156 1753 affectuum
1175 1739 1187 1757 ,
1217 1708 1286 1767 qui
1316 1704 1420 1746 luem
1453 1718 1669 1748 veneream
1698 1702 1812 1747 velut
1843 1701 1989 1763 affecla
2021 1700 2284 1764 praecedunt,

444 1780 516 1824 vel
537 1781 777 1824 comitantur
795 1794 805 1823 3
832 1773 909 1821 sed
927 1772 985 1819 de
1003 1771 1070 1817 his
1087 1775 1176 1834 jam
1192 1768 1306 1816 satis.

517 1909 563 1951 H
579 1923 600 1951 E
618 1922 646 1950 N
661 1922 690 1950 N
707 1922 720 1949 1
738 1920 768 1949 N
785 1922 811 1950 G
827 1921 856 1950 U
875 1920 892 1948 s
931 1905 969 1947 A
986 1918 1017 1948 R
1037 1917 1068 1946 N
1090 1917 1104 1945 1
1122 1916 1139 1944 s
1160 1915 1200 1944 ΑΞ
1217 1914 1246 1945 υ
1263 1914 1281 1943 s
1303 1931 1315 1950 ‚
1352 1892 1747 1945 Halberstadienfis
1766 1928 1778 1947 ‚
1796 1893 1844 1940 in
1867 1892 2111 1940 Academi&
2130 1891 2287 1940 Helm-

450 1969 650 2017 stadiensi
682 1969 768 2017 fuit
795 1967 1036 2014 Medicinae
1068 1962 1293 2010 Profeffor
1311 1996 1324 2014 ,
1354 1963 1477 2008 unde
1503 1963 1551 2008 in
1572 1961 1762 2006 Daniam
1789 1959 2030 2005 advocatus
2049 1960 2108 2004 est
2124 1957 2179 2003 ad
2196 1961 2285 2003 Ar-

453 2034 613 2080 chiatri
633 2050 803 2079 munus.
845 2032 958 2078 Sane
978 2048 1033 2076 eo
1054 2027 1323 2090 fungebatur
1345 2025 1496 2072 officio
1516 2025 1630 2088 apud
1653 2024 1974 2070 Christiernum
2001 2027 2087 2069 IV.
2109 2026 2285 2084 Regem

453 2099 609 2146 Daniae
640 2115 756 2144 anno
792 2104 845 2142 16
857 2114 926 2157 30.
971 2111 1061 2157 quo
1090 2091 1314 2138 Antonius
1345 2090 1604 2135 Guntherus
1632 2087 1858 2133 Billichius
1885 2086 2120 2151 Epistolarn
2151 2086 2286 2132 dedi-

455 2163 672 2209 catoriam
695 2161 751 2208 ad
779 2161 906 2206 illum
927 2157 1091 2222 scripsit
1110 2191 1124 2210 ‚
1157 2172 1250 2219 quae
1281 2155 1454 2218 praefixa
1479 2155 1538 2199 est
1567 2152 1711 2199 Libris
1737 2151 1912 2197 duobus
1945 2150 2284 2212 Observationum

455 2246 507 2275 ac
525 2228 834 2275 Paradcxorum
854 2226 1229 2271 Chimiatricorum.
1275 2224 1379 2265 fat'o
1409 2218 1582 2264 fun&us
1602 2218 1661 2263 est
1682 2234 1798 2262 anno
1825 2234 1840 2260 1
1853 2224 1880 2261 6
1890 2238 1906 2278 3
1924 2233 1963 2277 5.

507 2292 681 2357 Scripsit
700 2293 1027 2354 Disputationem
1044 2289 1092 2334 de
1108 2291 1196 2334 Lue
1214 2284 1390 2332 venerea
1409 2278 1673 2348 cognoscenda
1693 2281 1741 2329 θ’
1762 2278 1951 2327 curanda
1965 2318 1981 2336 ,
2001 2279 2167 2327 editam
2187 2282 2286 2345 Op-

456 2356 705 2424 penheimii
732 2365 865 2402 1610.
886 2359 929 2401 in
947 2361 1012 2414 40.

523 2490 566 2534 T
581 2502 613 2532 A
630 2504 660 2532 N
677 2503 698 2531 ε
715 2501 792 2541 Qu
811 2502 826 2530 1
844 2500 875 2529 N
894 2500 924 2529 U
942 2499 960 2528 s
1011 2484 1050 2527 G
1069 2495 1129 2525 111
1148 2497 1169 2525 1.
1185 2495 1209 2524 1.
1228 2495 1259 2525 A
1276 2494 1304 2525 υ
1322 2496 1359 2525 Μ
1376 2495 1398 2524 E
1414 2494 1441 2523 τ
1462 2509 1475 2530 ,
1515 2475 1764 2538 Chirurgus
1793 2471 2119 2521 Nemausensis.

590 2553 740 2598 Traite'
757 2551 805 2596 de
830 2552 873 2594 la
900 2546 1104 2596 Maladie
1123 2547 1412 2590 nouvellement
1431 2542 1580 2606 apelle'e
1607 2540 1874 2602 Crystalline,
1894 2553 1977 2603 par
2008 2541 2064 2584 T.
2088 2537 2286 2584 Guillauo'

672 2631 751 2662 met
767 2655 782 2670 ,
811 2614 1058 2675 Chirurgien
1085 2610 1141 2655 du
1166 2612 1271 2663 Roi,
1303 2613 1436 2654 Doien
1455 2606 1504 2654 (ἴθ’
1528 2603 1699 2653 Maitre
1726 2605 1833 2654 Jure'
1852 2621 1898 2650 en
1926 2605 1969 2648 la
1990 2603 2083 2648 Cite'
2100 2603 2148 2647 de
2172 2601 2284 2662 Nzfi·

673 2698 765 2727 mes.
800 2683 929 2740 Lyon
953 2685 1030 2721 161
1049 2693 1086 2721 1.
1103 2679 1146 2721 in
1164 2690 1221 2718 12.
1790 2684 1794 2692 v

505 2747 596 2794 Hic
618 2747 784 2791 Aneros
804 2742 983 2789 videtur
1001 2758 1094 2786 non
1115 2736 1248 2784 semel
1266 2735 1314 2780 in
1335 2733 1420 2779 hoc
1440 2733 1596 2785 libello
1617 2730 1869 2795 Crystallina
1896 2730 2081 2778 nomine
2100 2727 2284 2775 Inflam-

456 2812 672 2859 matorios
700 2809 771 2856 vel
802 2804 1140 2855 oedematodes
1160 2816 1357 2848 tumores
1375 2798 1582 2862 Praeputii
1611 2811 1684 2842 aut
1707 2797 1855 2843 Balani
1881 2797 1928 2841 in
1951 2796 2056 2841 viris
2074 2827 2085 2847 ‚
2105 2794 2286 2840 Cadur-

456 2880 617 2925 dorum
647 2891 721 2920 aut
749 2871 1065 2936 Nympharum
1095 2869 1142 2915 in
1173 2864 1431 2913 mulieribus
1460 2862 1725 2924 intelligere,
1763 2863 1831 2905 Ut
1859 2859 2101 2925 plurimum
2132 2874 2283 2905 tamen

457 2939 766 3003 Crystallinam
787 2956 888 2985 cum
908 2941 1001 2983 Lue
1018 2931 1208 2981 venere&
1227 2927 1531 2996 perfeCkiffime
1551 2925 1801 2973 confundit.

515 3004 748 3069 Capitibus
768 3004 924 3050 decem
946 3000 1042 3046 satis
1061 2996 1273 3046 brevibus
1289 3030 1299 3047 ‚
1331 2994 1491 3058 quibus
1513 2993 1647 3040 Liber
1667 2989 1913 3038 absolvitur
1929 3021 1942 3041 ‚
1971 2988 2109 3035 multa
2135 2984 2281 3033 effutit

458 3071 516 3118 de
536 3071 637 3118 Luis
656 3085 856 3115 venereae
886 3065 1039 3113 natur&
1052 3099 1065 3117 ‚
1086 3063 1211 3110 caus&
1226 3097 1237 3115 ‚
1258 3059 1564 3124 symptomatis
1582 3092 1594 3110 ‚
1615 3055 1831 3119 signisque
1851 3052 2131 3116 diagnosticis
2150 3064 2280 3112 atque

458 3135 778 3199 prognosticis,
813 3132 887 3178 sed
906 3130 1032 3178 nullo
1051 3129 1211 3175 ordine
1243 3143 1373 3188 atque
1403 3123 1587 3186 judicio.
1622 3121 1693 3166 Ad
1712 3118 1982 3182 therapeiam
2001 3151 2014 3169 ,
2043 3131 2176 3179 prout
2208 3113 2279 3158 sua

455 3200 659 3247 fetebant
691 3212 893 3263 tempora
913 3229 926 3250 ‚
961 3196 1172 3259 proponit
1221 3192 1405 3246 &consta
1436 3189 1459 3236 ὲ
1493 3186 1690 3235 Guaiaco
1708 3217 1722 3239 ‚
1757 3182 2004 3244 suffumigia
2053 3184 2099 3227 &
2133 3191 2278 3227 cerata
