2477 3643
144 260 208 288 tur
221 251 306 287 dum
325 259 380 285 re-

147 302 268 341 media
280 300 352 339 ad-

146 354 286 395 hibent.

207 2038 265 2075 11.
286 2033 405 2072 Febris

174 2102 258 2127 cum
275 2089 377 2124 diar-

131 2181 134 2183 ,
177 2141 285 2180 rhoea
300 2167 310 2185 ‚
343 2143 379 2177 &

174 2192 378 2244 dysenteria
396 2216 407 2234 ‚

177 2246 203 2282 si
219 2245 305 2296 :egri
322 2242 407 2280 cibis

176 2297 248 2334 sese
276 2298 407 2348 ingur-

176 2361 290 2401 guent
305 2376 316 2392 ‚
345 2359 408 2384 aut

177 2402 272 2452 gula?
288 2400 406 2439 indul-

178 2465 299 2505 geanc-

422 133 520 201 ’,ς-γᾶ
780 111 1918 178 υΕΜοῃΒῑενεΝεκειε

427 216 528 263 cum
562 210 796 260 Mercurio
821 208 940 256 nulla
968 221 1159 269 unquam
1189 201 1301 248 fides
1330 199 1395 246 fit.
1445 200 1553 249 Vidi
1582 203 1793 267 equidem
1824 219 1972 268 neque
1999 200 2137 251 semel
2168 199 2272 253 ren‘ff

426 282 528 328 satis
548 277 755 344 prospere
774 310 787 329 ‚
824 274 977 320 saltem
999 271 1087 317 sine
1107 268 1276 314 damno
1301 264 1537 312 succeffifse
1566 266 1614 313 in
1639 268 1824 332 regione
1860 268 2073 316 calidiore
2088 302 2100 322 ,
2122 268 2273 334 qualis*

429 348 491 394 est
510 343 748 393 Occitania
768 375 780 393 ,
806 338 1061 401 tempestate
1090 331 1232 378 aestivz‘i
1249 365 1262 383 ,
1283 330 1331 376 in
1361 331 1678 393 aegrotantibus
1714 333 1895 380 demum
1927 333 1974 380 in
1994 332 2154 397 quibus
2172 349 2264 380 tar-

429 411 533 458 dior
560 423 654 457 erat
688 413 733 454 &
756 403 962 451 hebetior
984 396 1202 445 Mercurii
1233 395 1446 458 energia:
1468 399 1528 441 At
1548 397 1656 444 verb
1680 414 1942 461 aegrotantes
1964 399 2074 445 alios
2106 403 2154 446 δε
2179 416 2268 444 nu·-

429 493 558 523 mero
589 474 733 538 plures
752 468 926 515 ibidem
943 464 1069 516 vidi,
1087 461 1249 526 quibus
1273 459 1407 530 limili
1419 460 1721 525 imprudentia
1746 464 2000 526 gravissima
2020 478 2142 529 parta
2166 461 2269 511 sunt

435 537 690 588 infortunia
706 569 717 587 ,
739 533 860 580 unde
876 532 923 576 in
937 543 1140 594 apertum
1157 544 1207 571 ca
1239 525 1311 571 itis
1331 524 1572 572 discrimen
1588 527 1768 573 venere.

493 608 659 666 Neque
679 600 778 645 sane
804 596 969 643 mirum
983 628 997 647 ,
1015 592 1180 657 quippe
1216 607 1230 635 1
1253 590 1360 636 dum
1386 590 1603 637 interiora
1621 591 1765 639 calent
1792 597 1838 637 &
1856 593 2030 640 aestuant
2047 592 2071 638 a
2087 593 2272 638 Mercu-

431 669 503 717 rio
537 666 652 715 intus
684 662 981 710 tumultuante
998 691 1011 712 ,
1032 657 1265 719 contingat
1289 671 1338 700 ut
1367 655 1556 701 extimus
1582 656 1784 720 corporis
1803 656 1979 702 habitus
1998 664 2137 704 vento
2153 690 2165 708 ,
2188 655 2273 702 fri-

433 751 545 798 gore
566 766 579 784 ,
601 728 869 776 humiditate
888 722 1133 788 derepente
1155 720 1472 783 refrigeretur,
1508 720 1679 768 necesse
1709 722 1770 767 est
1799 739 1880 785 pro
1910 721 2151 786 constipata
2170 735 2272 768 cute

434 805 482 846 &
521 794 712 843 densatis
748 790 1056 858 spiramentis,
1087 786 1250 850 quibus
1278 786 1433 849 pervia
1459 786 1549 839 est,
1568 785 1868 833 insensibilem
1900 785 2273 850 perspirationem

434 861 586 908 subiti)
610 857 823 905 inhiberi.
849 856 971 902 Hinc
989 852 1213 918 particulae
1231 849 1474 895 morbificae
1489 867 1610 914 ,quae
1636 852 1685 897 in
1704 851 1787 897 hac
1816 850 2035 897 methodo
2060 850 2085 896 a
2105 850 2276 897 caetesis

436 925 666 974 emissariis
685 920 898 988 praeclusae
915 954 929 973 ,
948 919 1099 964 saltem
1123 916 1254 961 tacite
1276 913 1366 959 haec
1386 915 1649 962 exhalabant
1667 935 1678 970 3
1698 916 1802 961 hinc
1822 932 1913 962 non
1934 932 2080 980 paucae
2099 932 2279 961 mercu-

436 992 566 1038 riales
594 988 761 1040 atomi,
793 1004 887 1050 quae
919 981 1220 1030 circulationis
1259 995 1387 1025 motu
1418 980 1609 1044 abreptae
1632 981 1821 1027 latenter
1852 979 2176 1027 evanescebant
2205 977 2279 1026 viai

435 1055 594 1104 ecidem
609 1087 622 1106 ,
642 1054 758 1098 intra
782 1067 941 1114 corpus
963 1052 1049 1113 jam
1078 1045 1291 1096 retineri,
1314 1050 1358 1090 &
1382 1059 1561 1091 retentae
1578 1046 1841 1108 tragoediam
1861 1062 1992 1108 agere
2008 1043 2282 1109 debentsspe-

439 1120 572 1167 riculi
594 1118 770 1183 plenam
789 1136 799 1162 ι
815 1114 959 1161 Modb
981 1112 1147 1157 scilicet
1167 1110 1284 1156 intra
1305 1108 1556 1172 sanguifera
1576 1110 1678 1157 vasa
1705 1112 1906 1157 coercitae
1941 1125 2112 1156 motum
2142 1108 2284 1154 circu-

438 1184 571 1231 lantis
606 1182 777 1229 cruoris
804 1177 1114 1228 intendendo,
1134 1172 1401 1237 carneasque
1428 1190 1521 1222 rum
1553 1175 1701 1221 cordis
1736 1192 1830 1221 tum
1862 1176 2124 1221 arteriarum
2144 1173 2280 1219 fibras

440 1250 496 1296 ad
530 1247 856 1294 oscillationem
888 1241 1165 1306 frequentius
1195 1239 1508 1292 sollicitando„
1529 1238 1706 1287 febrem
1737 1240 1984 1286 accen-dere
2004 1273 2018 1292 ‚
2036 1255 2084 1285 ut
2112 1239 2281 1285 distum

440 1316 501 1365 est
521 1319 630 1377 Cap.
650 1311 820 1377 praeced.
845 1318 880 1366 ξ.
901 1326 932 1353 1.
961 1310 1081 1353 artic.
1106 1323 1144 1350 2.
1175 1303 1328 1349 Modo
1347 1304 1456 1350 verb
1483 1304 1649 1368 impete
1668 1304 1786 1351 fausto
1809 1305 1856 1350 in
1878 1304 2074 1351 salivales
2089 1302 2281 1367 glanduf

440 1379 503 1425 las
517 1412 528 1430 ,
546 1394 640 1422 tum
677 1375 906 1440 parotides
921 1406 933 1425 ,
956 1388 1050 1417 tum
1075 1369 1324 1416 maxillares
1342 1402 1355 1421 ,
1381 1368 1575 1414 subitum
1591 1370 1768 1415 illarum
1787 1385 2008 1415 tumorem
2023 1402 2036 1422 ,
2058 1370 2250 1415 calorem
2267 1400 2282 1421 ,

444 1443 652 1490 dolorem
684 1439 853 1486 inferre
873 1471 886 1490 ,
909 1454 1010 1483 cum
1045 1434 1206 1498 insigni
1235 1434 1395 1496 linguae
1423 1432 1647 1497 totiusque
1682 1435 1836 1498 capitis
1867 1434 2211 1485 tumefaffione,
2233 1446 2285 1478 ut

443 1507 591 1556 ibidem
612 1506 783 1551 dierum
811 1504 870 1550 est
888 1513 924 1560 §-
950 1519 980 1546 1.
1003 1504 1120 1545 artic.
1148 1520 1177 1545 1.
1202 1499 1349 1544 Modo
1368 1498 1549 1544 tandem
1572 1515 1665 1543 tum
1694 1500 1742 1544 in
1761 1498 1861 1544 vasa
1880 1497 2130 1561 sanguifera
2147 1530 2160 1550 ,
2187 1513 2284 1543 tum

439 1573 493 1619 in
514 1569 709 1617 salivales
731 1567 959 1632 glandulas
978 1566 1068 1610 vim
1089 1563 1212 1610 fimul
1233 1563 1459 1608 exerendo
1474 1596 1486 1614 ,
1504 1562 1591 1607 und
1618 1563 1865 1627 eademque
1891 1563 2026 1627 operti
2043 1568 2089 1609 δέ
2109 1562 2287 1614 febrem
2304 1611 2310 1617 ,-

443 1636 661 1683 inducere
683 1669 694 1687 ,
717 1640 759 1680 Sc
780 1631 1090 1696 glandularum
1110 1628 1356 1674 salivalium
1374 1626 1687 1683 ‚tumefacstioni
1712 1628 2003 1674 locum'dare.

513 1701 582 1747 Sic
613 1717 720 1762 ergo
746 1699 792 1743 in
816 1693 1128 1759 hydrargyrosi
1154 1692 1339 1757 ipsamet
1373 1693 1577 1756 parciore
1597 1726 1610 1746 ,
1634 1692 1945 1756 aegrotantium
1981 1690 2287 1756 imprudenti&

444 1764 696 1811 infortunia
725 1763 883 1810 eadem
916 1778 1009 1805 non
1042 1758 1141 1805 rai-*o
1167 1757 1376 1803 accidunt
1396 1791 1407 1809 ,
1429 1755 1588 1820 quibus
1621 1756 1748 1821 supra
1783 1757 1975 1803 diximus
2005 1756 2294 1821 praecedente'

446 1829 637 1894 Capite,
654 1839 688 1886 §.
712 1847 744 1873 1.
765 1825 892 1873 artic.⁴
908 1843 938 1870 1.
971 1824 1022 1870 &s
1055 1842 1094 1869 2.
1122 1823 1371 1887 pleniorem
1402 1821 1764 1885 hydrargyrofim
1784 1820 2047 1868 infestam&
2065 1821 2282 1879 infamem

446 1895 606 1941 haberi
625 1928 637 1945 ,
673 1892 748 1939 sed
774 1891 934 1955 quibus
959 1888 1115 1935 eadem
1139 1904 1319 1950 quoque
1342 1886 1565 1931 medicina
1586 1886 1791 1933 facienda
1808 1888 1867 1932 est
1886 1920 1897 1939 ,
1923 1904 2055 1950 quam
2072 1885 2246 1931 idcirco
2268 1917 2283 1938 ,

449 1976 507 2005 ne
528 1960 670 2003 aetum
690 1964 820 2019 agere
838 1956 1071 2001 videamur
1090 1985 1102 2004 ,
1120 1954 1260 2015 repeti
1283 1951 1487 1996 volumus
1507 1968 1559 1996 ex
1580 1951 1859 2014 praecedente
1878 1951 2056 2014 Capite.

512 2027 578 2068 11.
607 2020 859 2071 Nonnulli,
877 2019 953 2081 qui
975 2015 1129 2062 naturfi
1153 2015 1281 2060 multi
1313 2013 1402 2058 cibi
1434 2014 1531 2058 sunt
1550 2047 1563 2066 ,
1590 2014 1691 2060 cum
1717 2014 1874 2060 inediae
1902 2013 2185 2078 impatientes
2212 2028 2284 2061 te-

455 2087 662 2134 nuiorem
681 2085 855 2130 dia‘tam
871 2117 882 2134 ,
898 2099 992 2145 quae
1009 2086 1252 2144 imperatur
1269 2112 1282 2130 ,
1301 2076 1539 2123 observare
1558 2079 1705 2123 nolint
1723 2078 1795 2125 vel
1814 2094 2037 2140 nequeant
2058 2112 2070 2130 ,
2092 2096 2184 2123 non
2201 2078 2288 2124 lara

455 2152 626 2215 giorem
647 2148 785 2195 modo
810 2147 887 2192 sibi
907 2146 1158 2192 concedunt
1176 2178 1187 2195 ,
1212 2160 1258 2188 ut
1280 2142 1445 2187 famem
1463 2142 1683 2206 depellant
1698 2176 1710 2193 ,
1735 2143 1859 2206 quod
1877 2143 2128 2189 condonari
2151 2142 2283 2190 facile

456 2216 595 2282 poffet
610 2249 622 2267 ,
639 2214 778 2260 modo
797 2209 892 2257 offis
918 2209 1086 2256 tantum
1103 2243 1114 2260 ‚
1139 2206 1416 2254 cremoribus
1433 2240 1445 2258 ,
1466 2207 1692 2270 panatellis
1714 2213 1758 2253 ὃς
1789 2225 1981 2254 ovorum
2004 2208 2165 2254 vitellis
2186 2224 2285 2253 ute-

459 2297 610 2328 rentur
629 2298 640 2333 ·‚
665 2279 739 2326 sed
762 2278 894 2323 etiam
929 2276 1038 2338 gulae
1059 2272 1286 2319 interdum
1304 2272 1363 2316 ita
1390 2271 1625 2334 indulgent
1645 2306 1656 2323 ,
1675 2287 1723 2317 ut
1743 2270 1844 2317 cum
1876 2273 1965 2318 oris
1985 2272 2202 2318 interiora
2228 2272 2285 2317 ab

458 2344 788 2393 exulceratione
808 2341 948 2386 libera
967 2340 1021 2385 ad
1044 2338 1394 2384 masticationem
1414 2341 1459 2380 &
1480 2336 1825 2399 deglutitionem
1842 2352 2047 2400 prompta
2064 2336 2145 2382 sint
2162 2370 2175 2388 ,
2191 2354 2286 2382 non

457 2411 665 2457 dubitent
701 2407 810 2454 cibis
843 2403 1107 2468 ingurgitari
1126 2422 1139 2455 3
1157 2419 1314 2452 carne,
1351 2400 1538 2452 eduliis,
1574 2401 1752 2446 ferculis
1772 2435 1783 2453 ,
1815 2402 2012 2465 cupediis
2038 2401 2293 2465 promiscue

456 2474 576 2522 vesci
600 2474 739 2536 3quin
765 2471 857 2517 imo
881 2472 1034 2515 vinum
1054 2466 1297 2519 adhibere,
1316 2464 1433 2530 quasi
1462 2471 1509 2511 in
1534 2466 1759 2530 therapeia
1786 2481 1876 2511 tam
1905 2465 2076 2512 lubriczi
2093 2483 2287 2530 pergrat-

458 2540 548 2586 cari
568 2539 740 2584 licitum
767 2536 898 2583 foret.

523 2604 611 2651 Sed
646 2603 857 2648 <lendum
890 2598 1037 2662 gravis
1060 2614 1207 2669 *foena
1251 2595 1510 2659 plerumque
1544 2595 1738 2658 sequitur
1764 2629 1777 2648 ,
1812 2614 1956 2659 neque
1992 2595 2092 2660 pede
2124 2593 2292 2640 claudo,

456 2668 578 2714 Cum
599 2669 717 2714 enim
737 2667 784 2712 in
813 2662 1121 2726 hydrargyrofi
1146 2661 1300 2724 quavis
1320 2660 1581 2706 concocta-ix
1600 2661 1837 2706 ventriculi
1858 2661 2040 2705 facultas
2057 2657 2290 2706 manifest&

459 2732 731 2793 infringatur
770 2729 1014 2792 copiosiore
1044 2762 1056 2779 ,
1088 2744 1135 2772 ut
1167 2726 1330 2789 opinor
1353 2759 1364 2775 ‚
1405 2743 1536 2770 muco
1568 2741 1670 2769 tunc
1707 2726 1921 2788 temporis
1944 2725 1989 2768 in
2015 2714 2291 2769 stomacharis

462 2796 744 2845 confidente,
770 2812 860 2857 quo
881 2810 1009 2838 tonus
1033 2790 1269 2837 ventriculi
1297 2790 1510 2837 relaxatur
1528 2823 1539 2839 ,
1562 2794 1605 2834 &
1641 2789 1876 2835 hebetatur
1896 2789 2106 2834 fermenti
2131 2788 2290 2849 chylo-

461 2862 550 2925 poei
574 2860 780 2922 energia,
803 2858 909 2904 inde
942 2857 990 2902 fit
1020 2873 1067 2901 ut
1093 2856 1258 2919 ingesta
1292 2853 1456 2900 cibaria
1489 2860 1535 2900 &
1562 2855 1674 2898 male
1709 2853 1895 2905 confici,
1919 2859 1964 2899 &
1994 2855 2042 2898 in
2079 2851 2289 2898 vitiosam¹

463 2925 588 2971 abire
615 2925 777 2970 soleant
803 2921 1101 2982 cacochyliam
1119 2956 1131 2974 ‚
1154 2920 1325 2966 acidam
1343 2953 1355 2971 ,
1377 2936 1524 2964 acrem
1544 2954 1554 2970 ‚
1580 2917 1780 2964 biliofam
1796 2952 1815 2970 5
1837 2917 1923 2981 qud
1948 2918 2129 2982 quidem
2149 2952 2160 2968 ,
2182 2917 2212 2961 fi
2237 2914 2287 2961 ἔτι

464 2990 725 3052 sanguinem
756 2987 1088 3033 transfundatur
1119 3021 1131 3039 ,
1161 2985 1335 3031 febrem
1364 2985 1566 3033 moveri,
1596 2983 1773 3046 qualem
1798 2983 1925 3047 supra
1956 2981 2286 3046 descripsi-mus,

467 3060 577 3117 Cap.
601 3055 838 3116 praecedente
857 3092 869 3105 ,
892 3064 927 3110 ς.
953 3069 980 3095 1.
1002 3056 1118 3097 artic.
1146 3069 1182 3095 2.
1205 3049 1289 3112 qud
1320 3048 1453 3100 vero,
1472 3049 1500 3094 fi
1524 3050 1568 3094 in
1597 3049 1799 3092 intestina
1826 3048 2115 3112 provolvatur
2136 3077 2146 3097 ‚
2165 3044 2286 3089 diar-

466 3118 639 3164 rhoeam
660 3117 845 3180 produci
874 3117 1041 3163 neceffe
1060 3118 1118 3163 est
1137 3116 1181 3163 in
1200 3112 1527 3177 dysentericum
1555 3113 1722 3160 fluxum
1741 3112 1870 3163 brevi
1902 3112 2172 3175 degenerem
2191 3140 2203 3164 ,
2224 3106 2284 3153 de

469 3183 554 3244 qua
573 3182 718 3229 ibidem
739 3219 759 3235 ,
777 3190 894 3226 artic.
918 3200 954 3243 3,
2197 3216 2201 3225 s

2218 3234 2294 3286 Sic
