2477 3643
198 694 293 734 Uter
309 702 396 728 uti-o

158 747 282 799 potior
298 744 338 781 sit
353 756 397 779 an

160 810 310 837 interior
328 808 395 833 cx-

163 852 324 886 tsriorve

164 901 340 939 Mercurii

163 954 267 992 ulus?

436 133 528 187 ιφ-
745 123 1908 178 DEMORnistNERms.

433 206 497 252 cis
514 239 526 259 ,
551 207 751 271 quandiu
783 209 837 256 iis
865 210 958 256 vita
976 209 1113 265 inest3
1145 228 1194 256 ac
1214 208 1407 275 proinde
1437 209 1467 256 si
1496 209 1614 259 forte
1640 209 1894 260 Mercurius
1913 223 2149 275 conceptas
2168 206 2264 274 spes

433 288 633 335 unquam
667 271 894 321 frustretur
912 308 926 327 ,
948 289 994 321 ut
1021 274 1120 321 sane
1157 274 1386 320 frustratur
1419 274 1654 339 aliquando
1672 310 1685 330 ,
1724 275 1772 323 id
1801 275 1909 323 inde
1941 275 2263 321 deducendum¹

436 335 523 383 effe
542 370 554 390 ,
582 354 672 385 non
699 339 820 403 quod
856 339 1124 402 extirpandae
1155 339 1216 385 lui
1253 356 1452 385 venereae
1480 340 1621 405 impar
1653 341 1703 387 fit
1730 375 1743 394 ‚
1778 339 1854 387 sed
1883 339 2006 404 quod
2038 338 2180 386 minus
2206 339 2258 385 fit

433 418 712 465 comparatus
739 403 794 450 ad
818 406 938 451 virus
965 403 1226 450 strumosum
1254 404 1325 450 vel
1355 402 1656 452 scor-buticum
1677 405 2008 471 profligandum
2026 437 2039 456 ,
2064 422 2259 468 quorum

436 466 698 513 alterutrum
733 486 833 514 cum
868 469 939 515 lue
972 467 1162 514 vene-rea
1195 470 1479 529 conjunctum
1513 486 1616 518 tunc
1653 471 1787 517 lateat
1814 505 1827 522 ‚
1863 486 2057 534 quorum
2088 485 2258 515 utrum-

435 548 523 595 que
557 531 639 577 suis
662 532 940 598 propriisque
975 533 1183 580 remediis
1211 551 1321 598 opus
1355 533 1516 580 habeat
1550 551 1706 600 praeter
1743 535 2023 582 Mercurium
2044 568 2057 588 ‚
2096 549 2145 580 ut
2173 550 2256 580 ex-

437 612 640 660 tupetur.

497 661 696 707 Secunda.
730 662 873 707 Multa
894 662 1064 725 egimus
1082 696 1095 715 ‚
1115 661 1223 709 dum
1243 662 1406 727 primas
1428 662 1656 710 Mercurio
1677 663 1944 716 detulimus·,
1966 660 2039 710 sed
2064 680 2156 710 non
2176 682 2255 729 pe-

440 728 644 789 regimus.
673 728 814 772 Potest
833 728 952 774 enim
979 728 1227 773 Mercurius
1247 727 1337 792 ipse
1356 726 1562 774 bifariam
1592 729 1914 782 administrari3
1939 728 2060 774 intro
2087 728 2259 777 scilicet

441 809 516 837 ore
537 791 705 836 haustus
728 791 874 838 formai
903 792 1141 857 pilularum
1165 807 1238 837 aut
1255 793 1449 856 pulveris
1468 811 1478 846 3
1499 798 1543 839 &
1568 791 1679 838 foris
1699 794 1880 857 corpori
1900 793 2130 856 applicitus
2144 811 2260 854 quo-

440 856 771 918 modocunque.
799 859 920 903 Hinc
946 874 1055 921 ergo
1074 857 1216 904 existit
1238 857 1324 903 hoc
1342 857 1389 903 in
1409 858 1510 903 loco
1532 858 1704 922 quaestio
1726 858 1863 904 altera
1882 891 1894 909 ,
1912 871 2010 903 utra
2027 859 2115 904 utri
2131 857 2259 922 praes-

440 935 505 967 tet
544 920 933 967 administrationis
959 922 1072 968 ratio
1097 955 1110 974 ‚
1135 939 1227 985 quae
1265 922 1542 986 praecedente
1580 922 1765 985 quidem
1804 940 1896 969 non
1934 920 2076 968 minus
2111 924 2260 985 gravis

438 987 498 1031 est
512 1017 523 1034 ‚
547 983 622 1030 sed
643 983 788 1031 solutu
809 985 985 1033 facilior
1004 1021 1016 1039 ,
1040 991 1085 1033 &
1109 988 1156 1031 in
1174 986 1261 1049 qua
1289 986 1542 1033 dirimenda
1561 987 1748 1033 interior
1769 986 1988 1033 Mercurii
2008 984 2105 1032 usus
2133 1002 2262 1035 exte-

437 1050 550 1096 riori
575 1050 692 1113 apud
719 1051 926 1098 cordatos
947 1069 1101 1098 omnes
1121 1050 1246 1098 causa
1266 1051 1453 1097 cestui-us
1471 1053 1529 1098 est
1544 1084 1557 1104 ,
1578 1051 1814 1116 multiplici
1831 1067 2109 1114 argumento.

504 1122 538 1162 Ι.
577 1116 715 1172 Quod
743 1133 978 1180 praeparata
1006 1116 1292 1162 Mercurialia
1323 1116 1540 1178 deglutita
1568 1116 1740 1181 spiculis
1770 1116 1906 1163 acidis
1925 1149 1937 1168 ‚
1966 1116 2124 1179 quibus
2150 1115 2262 1164 hor-

438 1197 564 1232 rent,
592 1182 832 1227 ventriculi
860 1183 1029 1227 tunicas
1049 1197 1246 1246 pungant
1263 1215 1275 1233 ,
1306 1181 1484 1228 irritent
1502 1215 1515 1232 ,
1542 1178 1749 1228 laceffant
1767 1215 1780 1233 ‚
1806 1198 1936 1244 atque
1963 1181 2076 1227 adeo
2098 1182 2262 1228 laedant

437 1252 483 1293 δέ
503 1245 759 1292 debilitent.
789 1246 898 1293 Inde
918 1249 977 1293 est
996 1246 1119 1309 quod
1137 1246 1361 1292 stomacho
1382 1246 1645 1309 plerumque
1675 1246 1788 1292 male
1811 1246 2005 1293 habeant
2019 1279 2033 1298 ,
2054 1248 2261 1310 quicum-

436 1329 523 1376 que
546 1310 892 1357 Mercurialibus
922 1312 1043 1357 intro
1063 1310 1244 1374 sumptis
1263 1310 1426 1356 diutius
1448 1310 1506 1356 usi
1530 1310 1643 1356 sunt.

504 1381 569 1421 11.
607 1376 743 1434 Quod
777 1376 999 1441 particulae
1038 1393 1382 1440 praeparatorum
1423 1375 1759 1421 Mercurialium
1785 1407 1798 1427 ‚
1828 1393 1909 1440 pro
1937 1373 1987 1421 ea
2013 1374 2136 1429 dosi,
2171 1375 2261 1440 qua

438 1438 708 1486 assumuntur
728 1475 741 1493 ‚
772 1441 931 1505 parce,
959 1440 1067 1504 quin
1097 1441 1232 1487 etiam
1263 1439 1504 1505 parcissime
1533 1437 1898 1486 transfundantur
1921 1440 1969 1485 in
2001 1439 2261 1504 sanguinem

437 1523 517 1570 per
545 1523 761 1551 venarum
791 1506 1028 1551 lactearum
1049 1504 1195 1551 oscula
1214 1539 1226 1557 ,
1246 1524 1297 1550 ex
1325 1509 1456 1570 capite
1471 1505 1715 1568 praecedente
1733 1537 1745 1556 ,
1773 1520 1907 1568 atque
1934 1504 2047 1551 adeo
2075 1523 2261 1570 paucam

375 1599 380 1602 ·
437 1569 723 1633 debilemque
738 1571 830 1616 vim
843 1586 1022 1617 exerant
1046 1571 1093 1616 in
1109 1571 1366 1633 sanguinem
1386 1575 1431 1615 δε
1448 1586 1496 1614 in
1517 1586 1636 1615 Virus
1657 1586 1759 1614 cum
1778 1568 1991 1632 sanguine
2009 1569 2261 1617 contusum.

206 3199 267 3241 {Ad
302 3210 396 3251 quos

497 1639 547 1679 II
566 1641 598 1680 1.
636 1635 773 1692 Quod
807 1635 945 1681 atomi
977 1651 1319 1699 praeparatorum
1354 1633 1692 1680 Mercurialium
1723 1633 1771 1678 in
1796 1632 2052 1698 sanguinem
2076 1635 2260 1682 tandem

437 1698 690 1752 transfusae,
732 1718 832 1746 cum
866 1700 1039 1764 spiculis
1073 1699 1208 1746 acidis
1247 1700 1333 1745 alte
1379 1698 1539 1744 adadtis
1582 1697 1891 1761 configantur,
1915 1699 2029 1762 aegre
2050 1733 2062 1751 ‚
2100 1700 2224 1747 tarde
2244 1733 2260 1753 2

437 1766 568 1828 parce
599 1765 653 1812 ad
682 1765 877 1812 nativam
897 1764 1115 1811 Mercurii
1147 1763 1339 1810 formam
1367 1763 1547 1810 redeant
1566 1781 1617 1808 ex
1638 1767 1842 1810 Lem-mate
1858 1769 1885 1810 l
1896 1768 1924 1810 I
1933 1770 1959 1811 l
1962 1797 1972 1807 .
2001 1777 2091 1828 cap.
2111 1780 2262 1828 prace-

436 1830 544 1874 dem.
576 1845 706 1892 atque
741 1830 853 1876 adeo
890 1829 1033 1875 minus
1055 1825 1294 1876 efficaciter
1321 1828 1580 1891 sanguinem
1611 1827 1838 1891 corrigant
1874 1834 1920 1875 δε
1952 1829 2071 1875 virus
2104 1829 2261 1877 debel-

436 1892 531 1938 lent
550 1927 562 1944 ,
583 1893 682 1938 cum
713 1911 766 1940 ex
798 1894 976 1940 laudaro
1009 1895 1153 1958 capite
1181 1910 1273 1939 tota
1294 1892 1513 1939 Mercurii
1545 1893 1611 1938 vis
1647 1891 1702 1938 ab
1734 1891 1785 1938 ea
1810 1893 1955 1943 forma
1976 1893 2259 1957 dependeat,

436 1958 522 2020 qui
542 1957 772 2004 divilibilis
793 1961 852 2005 est
870 1959 917 2004 in
938 1959 1143 2004 minutias
1162 1958 1395 2005 indefinite
1415 1975 1568 2022 parvas
1588 1990 1602 2010 ,
1623 1974 1811 2020 quarum
1833 1956 2007 2022 fingulae
2027 1957 2260 2022 globosam

435 2021 624 2085 figuram
653 2022 880 2069 liberrime
906 2022 1126 2070 affe&ent.

502 2091 578 2132 IV.
615 2087 752 2148 Quod
781 2088 1062 2134 mercuriales
1095 2087 1176 2133 illae
1206 2085 1344 2133 atomi
1378 2085 1551 2150 spiculis
1585 2083 1775 2131 horridae
1795 2118 1807 2137 ,
1839 2083 1945 2131 dum
1967 2083 2014 2129 in
2047 2082 2260 2150 sanguine

429 2148 613 2197 ‘fluitant
628 2186 640 2204 ‚
660 2156 726 2198 itu
747 2153 984 2216 redituque
1006 2151 1252 2199 tenuissima
1282 2150 1542 2197 molliorum
1569 2150 1762 2214 partium
1781 2148 1882 2196 vasa
1900 2166 2097 2213 pungant
2115 2185 2126 2203 ‚
2153 2153 2260 2199 irri-

434 2230 532 2262 tent
551 2250 565 2268 ,
597 2216 818 2264 stimulent
837 2251 850 2270 ,
878 2218 998 2264 unde
1019 2217 1140 2263 calor
1160 2251 1173 2268 ‚
1205 2216 1399 2262 irritatio
1415 2250 1428 2268 ,
1461 2214 1681 2281 phlogosis
1703 2248 1715 2266 ‚
1736 2214 1996 2261 erethismus
2027 2215 2257 2280 multiplex

433 2281 697 2344 pulmonum
730 2315 742 2333 ‚
783 2281 960 2329 cerebri
990 2316 1003 2334 ,
1040 2281 1312 2334 ventriculi,
1344 2280 1552 2344 jecinoris
1579 2312 1592 2331 ,
1639 2296 1799 2326 renum
1832 2285 1877 2325 δε
1916 2277 2092 2333 vesicae,
2127 2296 2261 2346 atque

432 2345 569 2391 etiam
591 2347 707 2392 uteri
735 2347 783 2392 in
811 2347 1084 2393 mulieribus.

502 2411 623 2456 Hinc
652 2411 802 2475 itaque
824 2412 962 2476 liquet
982 2411 1228 2477 praeparatis
1249 2407 1591 2462 Mercurialibus
1616 2408 1738 2455 intro
1759 2406 1939 2471 sumptis
1959 2407 2262 2456 ventriculum

433 2474 619 2533 quidem
639 2475 736 2522 laedi
756 2510 768 2529 ,
801 2483 848 2524 <Sc
868 2478 1159 2542 multiplicem
1182 2493 1345 2522 noxam
1372 2474 1602 2539 pulmoni,
1627 2471 1880 2536 caererisque
1909 2472 2152 2520 visceribus
2185 2473 2259 2518 in-

434 2539 543 2586 ferri
563 2574 576 2592 ‚
611 2556 742 2604 atque
763 2542 876 2588 adeo
897 2542 1079 2588 illorum
1107 2540 1233 2587 usum
1258 2557 1499 2603 numquam
1520 2539 1648 2602 plane
1667 2539 1902 2583 innoxium
1919 2537 2004 2584 effe
2027 2557 2036 2583 ε
2060 2537 2172 2584 Inde
2194 2555 2259 2584 ta-

432 2621 541 2651 men
570 2622 650 2650 nec
681 2604 941 2668 sanguinem
971 2605 1163 2672 perfecte
1185 2605 1378 2668 corrigi,
1406 2620 1488 2649 nec
1518 2604 1636 2649 virus
1668 2601 1792 2648 altius
1815 2604 2034 2666 repostum
2063 2600 2258 2649 efficaci-

437 2683 504 2714 ter
536 2669 792 2732 profligari,
821 2686 951 2733 atque
979 2670 1092 2717 adeo
1120 2669 1245 2715 usum
1276 2667 1537 2715 eorumdem
1567 2667 1629 2713 lui
1654 2666 1909 2714 inveterata:
1940 2667 2140 2712 curandce
2169 2667 2258 2713 im·

437 2750 587 2797 parem
609 2733 708 2780 effe.
742 2736 966 2791 Quocirca
986 2734 1104 2780 haud
1134 2735 1297 2779 mirum
1314 2732 1344 2777 si
1366 2731 1571 2779 interiori
1591 2731 1810 2778 Mercurii
1846 2729 1939 2776 usui
1958 2764 1970 2782 ‚
1994 2748 2075 2778 ceu
2111 2730 2257 2778 minus

438 2812 535 2842 tuto
557 2797 764 2844 &minus
791 2795 988 2852 efficaci,
1025 2798 1281 2864 praeferatur
1311 2796 1507 2843 exterior
1528 2829 1540 2849 ‚
1573 2796 1596 2841 εὶ
1625 2813 1716 2859 quo
1745 2794 1858 2841 nihil
1884 2794 2020 2841 simile
2056 2811 2259 2843 metuen-

438 2862 547 2908 dum
567 2864 625 2908 est
646 2896 658 2915 ‚
685 2862 777 2907 imo
808 2865 917 2911 verb
946 2865 969 2909 εὶ
997 2882 1087 2927 quo
1110 2862 1331 2909 contraria
1357 2862 1509 2907 omnia
1534 2859 1804 2925 expectanda
1825 2858 1922 2905 sunt
1939 2893 1952 2913 ,
1981 2876 2134 2924 utpote
2165 2879 2257 2923 quo

438 2929 693 2973 Mercurius
720 2928 767 2973 in
791 2927 1047 2992 sanguinem
1080 2927 1231 2974 subeat
1266 2936 1328 2972 10.
1353 2928 1522 2973 Intasto
1549 2925 1799 2972 ventriculo
1819 2959 1832 2977 ,
1863 2924 2040 2990 2⁰25&ss
2074 2923 2193 2970 facili
2211 2929 2258 2970 &

437 2991 645 3057 expedita
664 3026 675 3043 ‚
710 3001 770 3051 30.
796 2994 887 3039 Sub
919 2994 1068 3041 nativa
1092 2993 1240 3039 forma
1259 3011 1270 3046 3
1301 3009 1349 3039 ac
1371 3001 1437 3049 40.
1456 2990 1617 3038 Omnis
1637 2988 1888 3037 acrimoniae
1907 3006 2061 3054 expers
2077 3022 2090 3040 ,
2122 2989 2256 3035 adeo-

435 3073 526 3119 que
546 3056 758 3119 ingress'us
777 3075 909 3121 opem
940 3058 1105 3106 laturus
1132 3057 1184 3104 sit
1212 3073 1377 3105 certam
1392 3091 1405 3111 ,
1427 3054 1767 3121 praesentaneam
1785 3088 1799 3108 ‚
1820 3051 2043 3102 efficacem
2063 3057 2108 3099 &
2128 3070 2180 3099 ex
2209 3051 2254 3099 se

438 3121 568 3184 plane·
588 3121 842 3167 innocuam.
2195 3178 2202 3186 .

496 3184 714 3234 Faceffant
745 3202 854 3249 ergo
873 3204 975 3235 cum
999 3187 1083 3237 suis
1113 3184 1357 3239 mendaciis
1382 3185 1460 3251 qui
1485 3184 1687 3251 panaceis
1705 3217 1719 3240 ,
1746 3181 2025 3249 praecipitatis
2040 3214 2055 3236 ,
2089 3176 2255 3244 maglse
