2477 3643
808 55 1138 104 1ND1-:x

433 135 473 177 in
507 135 603 178 luem
637 150 825 177 veneream
856 137 1022 178 facillime
1051 138 1144 176 inci-

433 188 525 229 daut
541 211 550 239 ⁵
568 190 626 230 alii
646 194 770 230 contra
793 204 866 231 non
884 190 1042 230 incidant
1065 189 1144 229 nea

434 241 646 296 gravissimis
661 242 806 297 quidem
824 252 833 283 Ξ
934 246 1048 289 pagm
1077 256 1142 291 too

407 295 536 334 curin
562 295 642 334 aliis
663 295 735 333 lues
762 297 884 335 mitior
907 294 1112 348 tardiorque
1129 325 1139 341 ,

427 346 466 384 in
493 346 570 392 aliis
613 347 760 387 celerior
786 349 1051 401 maligniorquc
1079 347 1145 388 fit?

435 409 502 437 100

383 455 459 493 Cur
476 452 529 489 vir
554 452 615 503 qui
643 450 745 492 sanus
762 452 828 492 eise
853 452 995 491 videtur
1022 451 1080 490 sed
1108 454 1145 491 in

433 518 508 554 quo
524 502 713 544 seminium
731 507 815 546 latet
828 536 837 553 ,
853 507 1038 545 mulierem
1053 505 1144 557 qua-

432 571 516 596 cum
536 572 609 596 rem
626 557 757 607 habet,
781 560 838 598 luc
864 558 1058 650 aliguando
1082 572 1142 597 in-
1191 573 1194 576 ’

429 608 526 650 ficiat
543 641 552 657 ,
573 612 767 663 aliquando
787 627 860 651 non
879 614 913 650 in
945 614 1013 650 ciat
1031 621 1040 649 ?
1076 625 1136 661 103

377 665 453 702 Cur
478 677 519 702 cx
537 666 658 703 multis
691 666 807 705 liberis
838 667 900 718 qui
928 664 973 703 ab
999 664 1141 703 infe-stis

428 718 634 769 parentibus
662 716 899 772 suscipiuntur
915 748 924 764 ,
956 733 1047 756 unus
1079 730 1141 756 aut

426 770 515 807 alter
543 769 734 810 Rachitide
751 773 806 810 vel
822 771 964 810 strumis
981 772 1139 817 laboret,

428 835 504 860 non
520 826 607 861 vero
625 824 683 861 alii
703 831 713 860 Ξ
914 837 990 873 103.
1010 829 1053 867 ζῇν
1075 836 1142 871 104

246 872 423 923 Prognofis
452 874 716 914 ulcusculorum
733 891 966 916 venereorum
984 907 993 924 ,
1071 883 1139 921 248

395 931 568 966 Tumoris
583 931 743 983 praeputii
758 936 793 970 ὃ(
807 931 925 970 balani
940 960 951 978 ‚

397 980 607 1022 Phimoseos
623 1013 633 1030 ,

397 1034 691 1087 Parapliimoseos
708 1067 718 1083 ‚
1073 1049 1139 1084 259

396 1088 580 1129 Bullaruin
598 1088 879 1140 crystallinarurn
897 1118 908 1134 ‚
1073 1102 1139 1137 259

397 1140 616 1193 Phymatum
643 1149 678 1180 &
703 1141 971 1180 tuberculorum
988 1138 1140 1177 calloso-

429 1208 510 1233 rum
527 1200 561 1232 &
579 1194 793 1233 chordarum
811 1191 1048 1239 skirroidum²
1073 1204 1140 1240 269

399 1250 612 1300 Gangraena:
630 1249 843 1301 genitalium
863 1277 872 1292 ‚
1072 1261 1145 1294 274

396 1303 592 1341 Porrorum
610 1331 620 1348 ,
652 1314 882 1341 verrucarum
900 1305 935 1337 δε
962 1298 1143 1351 condylo-

426 1367 566 1392 matum
586 1384 595 1401 ‚

1071 943 1138 978 259

1071 997 1138 1031 ²59

427 1459 595 1499 riscarum
613 1467 647 1500 &
664 1461 863 1515 rhagadum
878 1462 935 1496 ani
953 1487 963 1505 ,
1071 1465 1137 1497 288

398 1515 483 1553 Luis
501 1527 658 1552 venereae
675 1514 894 1553 confirmatae
908 1542 918 1559 ,
1071 1525 1082 1559 3
1096 1526 1138 1559 37

496 1567 594 1617 Qae
619 1570 764 1620 gravior
787 1598 797 1616 ,
828 1579 907 1621 quae
934 1562 1138 1618 gravissima

566 1619 607 1658 fit
621 1650 631 1667 ‚
1068 1632 1079 1665 3
1093 1632 1133 1666 37

494 1671 592 1725 Qae
618 1686 743 1711 curatu
765 1670 905 1712 facilior
928 1682 990 1709 aut
1007 1669 1136 1708 diffici-

566 1726 635 1763 lior
653 1756 663 1773 ‚
1069 1737 1132 1771 341

242 1775 420 1827 Prognofis
446 1777 675 1830 gonorrhoeae
692 1778 878 1817 virulentae
895 1808 905 1826 ,
1071 1786 1134 1822 165

395 1834 465 1872 Pro
485 1830 626 1870 diversa
645 1830 723 1870 sede
738 1860 748 1877 ,
1068 1837 1133 1879 165

394 1889 464 1924 Pro
482 1883 611 1922 natura
630 1883 924 1923 inflammationis
939 1912 949 1930 ,
1069 1891 1136 1919 166

395 1941 465 1977 Pro
484 1937 612 1976 natura
630 1936 911 1990 symptomatum
928 1966 938 1982 ,
1068 1942 1136 1972 166

396 1989 636 2030 Gonorrhoeae
653 1991 837 2029 virulentae
852 1988 947 2027 ficcae
961 2018 972 2036 ,
1065 2000 1080 2024 1
1113 2001 1135 2035 7

493 2045 626 2094 Spuriae
648 2072 659 2090 ,
1066 2052 1129 2084 191

390 2098 568 2135 Tumoris
585 2096 726 2134 venerei
743 2092 887 2132 testium
904 2122 914 2139 ‚
1066 2105 1135 2139 194

391 2145 584 2188 Abscessfis
600 2148 742 2186 venerei
755 2148 792 2184 in
808 2148 962 2198 perinaeo
976 2174 987 2192 ,
1066 2151 1132 2190 198

394 2199 634 2241 Gonorrhoeae
652 2200 842 2238 habitualis
858 2228 869 2247 ,
1064 2211 1129 2244 203

393 2255 610 2305 Stranguriae
627 2265 787 2292 venereae
806 2281 816 2299 ,
1063 2263 1135 2287 210

393 2307 553 2347 Bubonis
569 2307 707 2344 venerei
724 2334 733 2350 ,
1065 2316 1136 2350 ²24

392 2360 552 2401 Bubonis
570 2359 709 2397 venerei
727 2354 872 2396 fistulofi
886 2386 897 2404 ,
1065 2368 1133 2404 23²·

492 2410 698 2451 Skirrhodis
713 2440 723 2457 ,
1065 2422 1084 2445 2
1093 2421 1131 2457 35

493 2463 806 2503 Carcinomatodis
823 2493 833 2510 ‚
1065 2474 1132 2519 ²3?

242 2518 448 2567 propagatio
478 2531 518 2555 ex
548 2517 693 2556 traduce
726 2517 777 2555 lui
808 2527 965 2553 venereae
994 2525 1136 2571 prop-ria

293 2586 370 2611 non
387 2569 436 2609 est
452 2600 462 2618 ‚
480 2569 538 2609 sed
554 2585 637 2610 cum
655 2571 732 2609 aliis
748 2569 884 2608 morbis
903 2578 1103 2606 communis
1120 2596 1131 2613 ,

297 2631 316 2663 8

240 2641 471 2729 Propzylaxis
500 2675 568 2716 luis
583 2688 741 2716 venereae
754 2672 911 2714 obtineri
925 2670 1039 2727 potest
1052 2674 1134 2724 jux·

1074 1359 1142 1390 282
1192 1374 1194 1376 v

396 1406 595 1446 cristarum
614 1438 623 1454 ,
642 1421 828 1447 mororum
844 1437 854 1453 ‚
870 1403 1022 1444 ficorum
1037 1434 1046 1451 ,
1065 1419 1141 1443 ma·
1197 1429 1200 1432 Δ

1213 56 1576 109 RERUM.
1997 84 2090 137 39,

1254 150 1289 179 ta
1311 136 1578 200 Theodericum
1599 142 1642 183 de
1659 148 1758 201 Hcry
1775 147 1840 189 usu
1856 164 1959 205 aquae
1976 149 2093 192 distil-

1249 191 1330 232 latae
1345 205 1387 230 ex
1403 194 1564 233 Guaraco
1580 224 1589 242 ,
1883 207 1990 251 μωρίη
2020 211 2093 253 476

1348 247 1424 302 Aut
1440 258 1529 301 pene
1546 246 1624 300 post
1641 247 1775 289 coitum
1795 250 1994 306 suspectum
2017 258 2092 296 im-

1377 298 1481 336 millo
1507 298 1544 336 in
1560 299 1734 340 disciffam
1761 308 1796 342 ὅ(
1825 304 1941 347 adhuc
1967 308 2092 348 calcii-

1379 361 1451 387 tem
1469 352 1675 392 columbam
1693 384 1702 400 ‚
2016 368 2091 410 480

1349 401 1465 442 Nulla
1485 418 1644 457 unquam
1663 405 1743 445 satis
1765 421 1860 448 certa
1877 408 1927 448 est
1940 441 1950 459 ,
2018 427 2090 465 517

1198 451 1425 499 Prophylaxzs
1450 457 1677 508 gonorrhoeae
1693 460 1713 499 a
1726 461 1849 500 multis
1864 463 2091 519 diligentiffiz-

1249 505 1309 544 me
1322 505 1467 558 quaesita
1479 539 1488 556 ,
2019 531 2033 556 1
2043 525 2060 557 8
2070 533 2087 560 1

1348 563 1380 597 A
1406 564 1558 649 8nemine:
1585 577 1722 617 reperta
1755 579 1820 606 nec
1851 570 2089 622 reperiunda,

1384 625 1396 649 1
1430 628 1448 651 2

1351 666 1506 705 Pminde
1533 667 1625 708 caste
1652 672 1753 711 vivat
1769 703 1780 720 ‚
1809 675 1873 726 qui
1900 672 1936 714 se
1960 673 2090 715 sanum

1375 716 1441 757 effe
1456 723 1551 772 cupit
1568 753 1577 768 ,
2021 736 2084 779 183

1347 771 1499 810 Videtur
1527 787 1647 815 tamen
1679 778 1774 830 posse
1805 778 1983 834 divulgari
2007 812 2018 828 ,
2063 781 2089 822 fi

1325 874 1331 880 ¹
1380 838 1451 876 qua
1466 840 1626 878 unquam
1644 833 1853 884 reperiretur
1868 862 1879 879 ,
2019 840 2089 883 184

1196 874 1390 928 Pterygmm
1414 876 1484 915 sive
1502 882 1653 934 Unguis
1669 884 1690 922 a
1705 884 1762 923 lue
1778 882 1928 923 venerea
1943 914 1954 932 ‚
2019 901 2086 936 313

1194 921 1341 1014 Pttsargz
1372 926 1561 972 sudorifica
1589 935 1660 974 {ive
1681 935 1881 986 hidrotica‚
1933 951 2014 989 115.
2041 942 2088 985 ό·

1195 994 1197 996 .
1252 988 1292 1014 12
2054 1005 2058 1009 .

1342 1035 1550 1125 Praetgaratis
1591 1042 1861 1082 mercurialibus
1902 1040 2088 1092 saturata,

1381 1101 1420 1125 12

1194 1135 1403 1186 Ptyaltsmus
1434 1141 1505 1193 qua
1520 1143 1694 1192 methodo
1709 1147 1915 1186 excitandus
1933 1156 1944 1186 Β
2022 1161 2091 1198 354

1345 1193 1551 1244 Qomodo
1581 1200 1787 1253 regendus?
1823 1215 1900 1251 355.
1934 1208 2011 1250 360·
2042 1204 2091 1246 (9·

1385 1255 1449 1293 361

1345 1297 1478 1337 Deficit
1510 1301 1705 1354 aliquando
1734 1305 1772 1343 iu
1798 1302 2047 1359 hydrargyrofi
2074 1334 2088 1353 ,

1380 1349 1436 1389 sed
1453 1353 1523 1391 line
1539 1355 1674 1394 damno
1691 1388 1702 1404 ,
2017 1365 2092 1406 476

1347 1403 1491 1445 Noxius
1516 1407 1565 1446 est
1595 1408 1730 1460 semper
1759 1411 1858 1460 juxta
1883 1410 2090 1450 Gerardum

1375 1461 1482 1498 Goris
1501 1489 1510 1505 ‚
2016 1477 2033 1512 5
2042 1477 2087 1512 50

1342 1512 1453 1557 Juxta
1484 1510 1661 1564 quosdam
1690 1515 1734 1553 ad
1765 1514 1990 1552 curationem
2017 1516 2089 1555 luis

1372 1578 1530 1604 venereae
1547 1564 1682 1618 semper
1699 1568 1890 1621 requiritur
1903 1597 1914 1613 ‚
2018 1577 2090 1617 564

1191 1609 1352 1649 Pullities
1403 1619 1704 1658 animalculorum
1766 1619 2089 1661 minutiffimotum

1241 1663 1337 1704 luem
1354 1682 1540 1710 veneream
1557 1684 1631 1709 non
1647 1673 1812 1724 producit
1829 1703 1839 1720 ›
2038 1689 2087 1720 9²³

1192 1718 1412 1758 Pulmonam
1440 1753 1449 1766 ,
1491 1726 1680 1777 quomodo
1712 1727 1758 1764 ad
1797 1724 2088 1779 hydralgyfflslm

1245 1776 1466 1825 praeparandi
1483 1807 1492 1824 ,
2017 1795 2086 1828 35⁰

1189 1823 1313 1869 Pulsus
1341 1830 1455 1878 quahs
1475 1831 1513 1869 fit
1532 1831 1569 1867 in
1588 1830 1646 1869 lue
1662 1830 1815 1870 venerea
1831 1861 1842 1878 ‚
2013 1840 2088 1881 464

1191 1875 1317 1913 Pulvis
1345 1880 1486 1933 liquans
1502 1883 1546 1920 de
1562 1888 1706 1922 Rotrou
1722 1914 1732 1930 ‚
1849 1891 1934 1931 416.
1951 1885 1993 1926 ῥ’
2016 1900 2088 1933 540

1337 1936 1464 1974 Ruber
1492 1938 1644 1983 Joannis
1671 1937 1716 1975 de
1742 1937 1865 1990 Vigo,
1898 1952 1981 1987 439-
2000 1945 2090 1986 456-

1370 2000 1452 2036 493·
1473 1998 1619 2036 494-&2
1645 2002 1707 2037 521

1338 2040 1534 2092 Angelicus
1553 2041 1699 2078 Nicolai
1719 2038 1847 2079 Mass'ae
1862 2070 1875 2089 ,
2011 2047 2088 2091 456

1339 2090 1492 2138 Joannis
1510 2094 1729 2131 Macollonis
1743 2122 1755 2140 ,
2006 2111 2027 2145 5
2040 2109 2082 2145 15

1340 2145 1398 2182 De
1416 2146 1564 2198 Algaror
1577 2174 1587 2190 ,
2009 2163 2029 2196 5
2039 2164 2056 2195 5
2067 2160 2088 2193 ζ

1190 2190 1315 2251 Pulvis
1337 2197 1463 2234 rubeus
1492 2198 1643 2246 Joannis
1667 2194 1710 2234 de
1728 2196 1822 2249 Vigo
1849 2196 1933 2238 vid.
1958 2203 2088 2238 Praci-

1238 2252 1394 2291 putatum
1413 2251 1570 2287 rubrum.

1191 2298 1316 2334 Pulvis
1339 2301 1527 2349 Angelicus
1542 2300 1689 2340 Nicolai
1707 2299 1833 2340 Mass‘ae
1853 2302 1936 2346 Vid.
1958 2306 2086 2342 Pras!-

1239 2357 1392 2398 pitaram
1404 2355 1569 2390 vabrum.

1191 2402 1315 2439 Pulvis
1343 2401 1539 2458 astringens
1556 2406 1599 2445 de
1616 2410 1738 2460 Verny
1751 2437 1762 2455 ,
2008 2422 2082 2456 421

1187 2455 1332 2507 Pustula
1361 2471 1519 2497 veneeae
1535 2489 1545 2506 ,
1851 2475 1932 2510 293·
1947 2461 1992 2503 ΕΞ»
2014 2476 2083 2512 304

1340 2513 1371 2548 A
1393 2515 1560 2551 Cumano
1576 2513 1693 2566 prIrno
1716 2514 1884 2552 omnium
1907 2513 2083 2554 observa..

1187 2615 1289 2657 puni
1317 2577 1559 2669 abtfaistaanis
1581 2621 1748 2659 venenati
1770 2619 1865 2660 luem
1890 2575 2083 2659 venereffig

1242 2669 1355 2709 Gallis
1371 2684 1446 2709 non
1460 2671 1610 2710 intulere
1624 2700 1635 2720 ,
1894 2687 1952 2721 44.
1971 2682 2013 2718 (5-
2033 2688 2085 2728 45*

1138 2781 1199 2832 Q

238 2890 242 2906 ¹
338 2884 517 2924 vastiones
542 2884 586 2925 de
604 2884 745 2926 diversa
769 2887 930 2933 ratione,
964 2883 1036 2937 quit
1059 2883 1135 2922 lues

364 2952 513 2978 venerea
531 2941 729 2992 concipitur
746 2941 800 2978 vel
820 2953 893 2977 non
913 2938 1133 2990 concipitur,

292 3004 466 3045 concepta
492 2991 707 3046 ingravescit
733 2994 792 3034 vel
818 3006 894 3031 non
920 2988 1136 3046 ingravescit

1242 2888 1307 2923 &c.
1324 2883 1568 2937 explicantur,
1661 2900 1717 2934 97.
1742 2896 1822 2924 100.
1844 2897 1924 2927 101·
1942 2883 1988 2929 όν
2013 2897 2076 2934 103

1190 2939 1408 2990 Qercemm
1438 2952 1531 2992 aqua
1547 2936 1703 2979 menthae
1717 2968 1731 2990 ,
2002 2949 2080 2988 4¹2
