2477 3643
203 677 333 718 Morbi
350 675 409 713 ina

178 727 351 769 sanabiles
365 755 378 774 ‚

179 783 215 820 in
228 795 322 835 quos
338 781 412 819 lues

180 847 329 880 venerea
349 834 413 870 ali-

180 889 329 939 quando
347 886 413 922 de-

181 951 332 990 generat
349 966 362 982 ,

181 990 313 1027 defidia
331 990 388 1029 vel

182 1042 386 1080 temeritate

181 1106 372 1145 agrotan-

185 1157 290 1185 uum.

184 1837 219 1871 Ι.
235 1833 419 1873 ‘rumores

187 1887 341 1927 testium.

448 121 536 183 398
756 114 934 162 ‘DE
1000 112 1368 162 MORBIS
1435 113 1953 161 VENEREISJ

1001 320 1050 373 c
1110 321 1161 373 A
1223 317 1262 371 P
1323 320 1375 374 U
1431 318 1481 372 T
1549 298 1562 302 ’
1597 322 1654 376 Χ
1718 323 1761 379 1.

449 450 527 499 De
541 440 813 517 Affliiibus
837 436 963 516 pene
997 438 1267 513 desperatis
1288 479 1303 499 ,
1338 442 1428 510 qui
1455 439 1562 512 post
1589 439 1977 515 hydrargyrqfi'm
2009 440 2284 517 aliquando

1223 514 1521 588 fhperfhnt.

599 722 881 770 medicabilia
917 741 927 766 t
961 724 1071 779 Quae
1106 739 1211 767 mox
1243 722 1469 766 tractactu-'1
1498 720 1645 766 sumus
1677 721 1819 767 multb
1850 726 2032 786 pejora,
2065 723 2166 770 cum
2201 724 2287 771 sint

458 790 666 854 pleraque
697 786 1057 833 immedicabilia.
1095 792 1147 832 In
1181 784 1378 832 confelso
1415 788 1473 832 est
1503 803 1554 833 ea
1583 785 1768 850 quidem
1806 786 1996 850 produci
2029 787 2196 834 summa
2230 789 2278 837 vi

461 854 624 901 veneni
644 853 827 900 venerei
848 886 859 905 ‚
882 853 1000 898 unde
1028 851 1171 915 prima
1198 852 1301 896 mali
1320 849 1440 897 labes
1459 885 1471 903 ‚
1501 851 1665 915 quippe
1684 869 1774 915 quo
1796 850 1946 898 solidae
1966 852 2162 917 corporis
2183 871 2288 917 par-

461 935 525 966 tes
543 917 823 983 irreparabili
842 917 1008 963 damno
1031 915 1346 962 labefactantur
1366 935 1375 961 :
1409 920 1468 961 At
1488 916 1595 963 verb
1614 933 1759 979 neque
1780 916 1923 962 minus
1940 919 2105 963 constat
2120 951 2132 970 ‚
2152 935 2289 980 quan-

462 999 700 1046 tacumque
733 983 1001 1047 supponatur
1035 983 1101 1027 vis
1132 980 1305 1027 seminii
1338 981 1593 1033 morbifici,
1630 981 1818 1046 produci
1855 982 2012 1028 eadem
2044 1001 2289 1047 numquam

460 1048 552 1097 fine
579 1047 733 1113 supina
759 1047 1071 1110 aegrotantium
1100 1046 1254 1110 culpa,
1283 1047 1360 1109 qui
1388 1045 1591 1093 socordia
1616 1047 1765 1092 locum
1794 1047 1899 1094 dant
1927 1065 2146 1112 concepto
2176 1066 2290 1094 con-

461 1114 614 1178 tagio,
646 1129 694 1158 ut
721 1114 837 1158 vires
863 1112 1061 1175 acquirat
1089 1111 1269 1163 eundo,
1301 1129 1348 1156 ac
1378 1111 1424 1156 in
1455 1111 1609 1157 ossium
1635 1112 1850 1158 medullas
1880 1128 2083 1176 penetret
2102 1146 2114 1164 ,
2144 1119 2188 1159 ὃς
2218 1113 2292 1159 in-

460 1180 571 1226 tima
601 1177 770 1225 viscera
798 1177 1069 1242 depascatur.
1110 1176 1190 1240 Ipfi
1221 1176 1412 1240 proinde
1442 1193 1702 1240 :egrotantes
1730 1177 2081 1223 infortuniorum
2108 1178 2289 1224 suorum

460 1247 661 1291 auctores
693 1242 792 1289 sunt
813 1276 825 1295 ‚
859 1260 908 1288 ac
953 1241 1221 1288 calamitates
1252 1242 1463 1288 maximas
1495 1241 1572 1287 fibi
1606 1244 1782 1306 pariunt
1810 1242 1972 1288 desidia
2001 1243 2072 1289 vel
2107 1244 2294 1289 temeri·

459 1325 564 1356 tate.
605 1308 782 1370 Defidici
803 1307 987 1371 quidem
1007 1342 1018 1359 ‚
1045 1307 1073 1352 fi
1094 1307 1401 1370 intempestive
1422 1308 1683 1353 cunctentur
1704 1341 1716 1359 ‚
1737 1325 1882 1371 neque
1905 1308 2099 1354 Medicis
2120 1306 2291 1354 auscul-

461 1390 560 1421 tent
576 1407 588 1426 ,
608 1375 686 1437 qui
709 1390 757 1418 ut
776 1372 1088 1435 hydrargyrosr
1109 1371 1291 1417 morbus
1308 1372 1440 1433 ocyus
1462 1372 1725 1437 profligetur
1745 1389 1907 1436 urgent
1929 1378 1972 1417 δε
1997 1373 2154 1418 instant
2176 1371 2289 1418 sum-

460 1458 539 1486 mo
568 1456 667 1484 cum
694 1438 865 1484 studio:
897 1440 1140 1484 Temeritate
1163 1437 1268 1482 vero
1289 1469 1301 1488 ‚
1330 1437 1505 1500 quoties
1541 1437 1687 1483 verbis
1720 1443 1763 1482 &
1795 1436 2010 1502 pror-uillis
2041 1437 2289 1501 magnificis

462 1503 598 1552 delusi
615 1502 975 1549 Circulatoribus
993 1537 1005 1556 ,
1025 1503 1227 1562 Aoyrtis,
1248 1503 1481 1566 Empiricis
1510 1500 1598 1548 sese
1630 1502 1816 1549 credunt
1831 1537 1843 1555 ‚
1866 1520 2059 1566 quorum
2085 1502 2294 1550 remediis

463 1568 701 1617 seminium
719 1567 980 1614 morbosum
1013 1542 1192 1615 retDundi
1217 1565 1368 1612 forsan
1386 1601 1398 1620 ‚
1416 1567 1633 1614 debellari
1661 1584 1904 1632 numquam
1919 1568 2073 1632 potest.

459 660 686 795 QUAE
719 654 1014 703 recensuimus
1049 655 1256 702 hactenus
1283 654 1397 701 mala
1431 654 1582 702 omnia
1602 689 1615 709 ,
1650 655 1744 702 imo
1776 654 1982 721 peffima,
2019 658 2094 707 sed
2126 674 2278 706 tamen

784 1707 827 1757 §-
875 1703 910 1744 1.
979 1679 1443 1745 T'UMORES
1512 1698 1968 1744 TESTIUM.

523 1833 644 1877 Inter
667 1827 912 1875 infortunia
938 1825 1278 1889 hujuscemodi,
1307 1844 1403 1891 quae
1424 1826 1703 1873 curationem
1724 1843 1817 1871 non
1840 1825 2082 1872 admittunt
2099 1859 2110 1878 ‚
2133 1834 2295 1873 numess

463 1911 617 1943 rantur
648 1899 682 1939 1.
704 1899 925 1941 Tumores
957 1893 1128 1939 testium
1150 1927 1162 1945 ,
1188 1893 1458 1955 quicumque
1484 1891 1538 1937 ad
1566 1892 1740 1937 hernias
1761 1891 2014 1936 humorales
2042 1892 2295 1955 pertinent,

461 1976 510 2007 ut
529 1959 847 2024 spermatocele
862 1993 874 2011 ,
908 1958 1127 2004 sarcocele
1143 1992 1155 2010 ‚
1186 1958 1430 2018 hydrocele
1448 1990 1460 2009 ,
1481 1957 1847 2020 pneumatocele‚
1873 1955 2089 2003 kirsocele
2112 1961 2198 2002 δίε.
2236 1956 2292 2003 de

465 2024 626 2089 quibus
655 2023 781 2088 supra
805 2027 951 2086 Capite
983 2027 1073 2068 III.
1100 2031 1134 2077 §.
1159 2026 1216 2067 V.

530 2087 861 2153 Spermatocele
879 2121 891 2138 ,
911 2103 1006 2150 qua:
1028 2103 1282 2132 caeterarum
1300 2083 1555 2131 herniarum
1575 2082 1876 2130 lmmoralium
1906 2085 1965 2130 est
2005 2082 2144 2129 veluti
2165 2083 2294 2148 prin-

464 2153 632 2218 cipium
651 2186 662 2205 ‚
692 2151 863 2198 causam
892 2150 1026 2196 habet
1051 2150 1303 2213 geminam,
1331 2166 1492 2212 nempe
1527 2150 1586 2194 1⁰.
1605 2148 1935 2211 Stagnationem
1967 2146 2143 2194 seminis
2163 2181 2174 2199 ‚
2201 2166 2294 2211 quo

463 2217 730 2283 spermatica
757 2216 926 2264 testium
957 2214 1054 2260 vasa
1080 2231 1284 2278 turgent,
1312 2230 1358 2259 ut
1386 2213 1561 2277 quoties
1586 2213 1725 2260 fluxus
1750 2212 2288 2276 gonorrhoeaeinje&ione

463 2283 728 2346 astringente
753 2316 765 2335 ,
784 2280 959 2345 crapula
974 2314 985 2332 ‚
1008 2280 1283 2344 equitatione
1304 2312 1316 2331 ,
1337 2279 1535 2325 coitione
1556 2312 1566 2330 ‚
1586 2277 1713 2324 febre
1744 2284 1827 2323 δίς.
1861 2278 2101 2340 derepente
2122 2276 2296 2340 suppri-

463 2348 600 2395 mitur
633 2355 695 2393 20.
717 2346 1067 2409 Congestionem
1086 2344 1334 2391 viscidioris
1353 2341 1529 2390 seminis
1545 2377 1556 2395 ‚
1571 2360 1662 2405 quo
1681 2343 1779 2389 vasa
1795 2343 1951 2388 eadem
1970 2340 2265 2388 offer‘ciuntur
2279 2375 2296 2395 ,

464 2429 513 2458 ut
534 2414 708 2477 quoties
727 2413 751 2458 a
782 2412 948 2457 latente
971 2409 1100 2456 causa
1122 2409 1313 2457 venerea
1335 2408 1505 2473 sanguis
1531 2407 1728 2454 inficitur
1748 2442 1761 2461 ,
1797 2404 2037 2471 semenque
2058 2406 2297 2471 spiffitudi-

466 2495 574 2525 nem
594 2476 797 2523 vitiosam
817 2476 923 2522 inde
945 2474 1225 2521 nanciscitur.

534 2543 661 2588 Prior
695 2540 1035 2606 sper-maroceles
1066 2539 1260 2604 species,
1289 2554 1384 2601 quae
1411 2537 1457 2585 in
1488 2535 1758 2601 gonorrhoea
1790 2535 2029 2601 frequens,
2062 2536 2204 2583 levior
2234 2537 2295 2582 est

466 2606 566 2652 cum
587 2607 610 2652 a
642 2606 913 2670 stagnatione
943 2604 1031 2650 sola
1055 2604 1160 2658 fiat3
1191 2609 1236 2650 &
1262 2602 1340 2648 ubi
1367 2603 1559 2667 primum
1589 2601 1826 2648 restituitur
1859 2601 2138 2664 gonorrhoeae
2165 2599 2292 2646 efflu-

465 2689 544 2718 xus
564 2705 577 2724 ,
609 2671 712 2718 data
743 2670 955 2734 stagnanti
985 2669 1143 2716 semini
1175 2669 1277 2720 vicl,
1308 2667 1566 2732 plerumque
1599 2664 1753 2731 sponte
1781 2665 2030 2712 resolvitur.
2071 2665 2293 2712 Posterior

464 2737 608 2788 vero,
641 2754 735 2799 quae
766 2737 790 2781 a
821 2737 892 2780 lue
924 2734 1114 2781 venerea
1142 2750 1290 2779 ortum
1325 2732 1489 2784 habet,
1524 2747 1676 2776 curatu
1707 2727 1933 2777 difficilior
1965 2732 2022 2776 est
2042 2763 2054 2780 ,
2088 2730 2193 2792 quia
2226 2728 2294 2777 se-

465 2817 572 2848 men
595 2801 717 2847 tar-de
750 2799 1006 2863 congestum
1026 2832 1039 2851 ‚
1070 2797 1195 2844 mora
1234 2797 1372 2860 magis
1397 2796 1641 2843 indurescit
1668 2811 1799 2858 atque
1827 2795 1932 2843 ideo
1957 2791 2179 2842 difficilius
2203 2793 2296 2841 dif-

467 2880 653 2912 cuntur.

532 2934 602 2976 De
631 2927 816 2992 utraque
835 2926 929 2974 fere
960 2926 1284 2992 desperandum
1305 2927 1364 2972 est
1384 2959 1397 2978 ‚
1428 2925 1456 2970 fi
1486 2925 1818 2989 hydrargyrosrs
1851 2925 1970 2989 spem
1989 2923 2190 2971 frustrata
2209 2923 2259 2968 fit
2277 2954 2294 2975 ,

467 2993 568 3041 cum
591 2993 639 3039 sit
665 2992 938 3058 experientia
967 3009 1247 3057 compertum
1267 2991 1358 3037 tum
1381 2989 1530 3038 semen
1550 2991 1790 3037 humorum
1809 2990 2012 3036 omnium
2032 3023 2044 3042 ,
2072 2990 2148 3053 qui
2177 3005 2287 3033 con-

466 3059 698 3110 crescunt,
730 3056 991 3104 difficillime
1024 3055 1261 3103 resolubile
1294 3054 1407 3108 esse3
1442 3072 1535 3102 tum
1565 3056 1760 3102 inveniri
1791 3055 1863 3101 vix
1894 3053 2012 3119 posse
2043 3052 2288 3100 remedium

467 3124 657 3170 alterum
687 3155 699 3175 ,
735 3122 859 3186 quod
892 3122 946 3167 ad
980 3120 1222 3185 inspissatos
1254 3120 1464 3167 humores
1498 3120 1760 3182 eliquanclos
1796 3137 1845 3165 ac
1876 3120 2032 3164 nativae
2068 3113 2289 3162 fluxi-litati

472 3187 762 3236 restituendos
780 3185 916 3250 magis
935 3186 1078 3234 valeat
1093 3219 1106 3240 ,
1130 3186 1266 3250 quam
1282 3185 1530 3233 Mercurius
1547 3182 1638 3250 ipse
1651 3217 1664 3239 ,
1683 3185 1761 3249 qui
1777 3189 1866 3250 jam
1883 3181 2098 3230 incassum
2119 3176 2293 3226 adhibi-

472 3265 539 3296 tus
557 3252 655 3298 fuit.
1191 3276 1196 3280 ·
