2477 3643
369 968 2084 1198 PRAEFATm:

291 1353 301 1383 ,τ
362 1337 365 1339 ’
424 1342 442 1357 0
512 1341 600 1351 ·”
639 1331 691 1383 O
714 1328 1009 1384 NSTAR
1030 1331 1069 1383 E
1108 1327 1284 1403 paffim
1317 1328 1472 1384 video
1501 1328 1759 1402 plerisque
1789 1331 1845 1383 in
1879 1331 2088 1402 Libris‚†

279 1408 281 1415 ’
500 1458 506 1470 *
638 1405 730 1476 qui
760 1403 823 1456 de
854 1406 1060 1458 Morbis
1091 1405 1321 1458 venereis
1354 1404 1529 1477 scripti
1564 1405 1762 1458 exstant
1786 1449 1799 1472 ,
1832 1406 1965 1459 vitia
1996 1427 2085 1460 oc-

489 1482 561 1549 ¹1}sp
576 1483 601 1551 ,22
638 1499 837 1532 currere
868 1500 974 1532 non
1005 1499 1200 1551 pauczn
1237 1484 1251 1544 (
1275 1479 1427 1532 venia
1448 1479 1505 1530 fit
1531 1477 1667 1532 dicio
1686 1523 1700 1546 ,
1722 1480 1751 1532 ἐι
1783 1500 1888 1551 quo
1913 1481 2084 1536 omnis

282 1546 602 1630 -2253
638 1552 843 1607 invidia
880 1554 1016 1607 abest
1048 1552 1406 1626 longissime,)
1452 1551 1540 1605 sed
1576 1572 1690 1623 quae
1725 1573 1821 1607 nec
1861 1555 2038 1608 eadem
2068 1600 2084 1624 ‚

283 1622 599 1659 ‘†²
638 1648 734 1681 nec
761 1628 984 1694 ejusdem
1013 1629 1212 1700 generis
1245 1627 1417 1681 sintin
1438 1626 1663 1698 singulis.
1711 1628 1771 1680 In
1797 1629 2086 1701 Antiquio-

266 1700 409 1754 ribus
429 1744 444 1768 ‚
477 1721 582 1772 quo
617 1701 833 1755 nomine
866 1723 951 1755 eos
981 1703 1226 1774 intelligo
1249 1744 1263 1764 ‚
1299 1702 1391 1773 qui
1414 1719 1535 1753 ante
1557 1721 1753 1753 annum
1792 1715 1930 1756 1600.
1955 1703 2087 1757 editi

263 1774 385 1828 sunt
411 1819 426 1842 ,
462 1774 728 1829 desiderari
771 1775 1016 1829 videntur
1053 1775 1357 1847 diligentior
1391 1775 1799 1847 symptomatum
1838 1797 2087 1829 venereo-

266 1868 384 1902 rum
417 1850 655 1903 traEiatio
676 1893 689 1912 ‚
731 1850 945 1904 sanioris
969 1851 1185 1921 Physicae
1216 1869 1275 1902 ac
1300 1849 1583 1901 Medicinae
1617 1850 1811 1902 notitia
1834 1893 1844 1911 ‚
1877 1851 2086 1904 uberior

265 1923 533 1976 causarum
565 1925 817 1996 expositio
839 1969 852 1990 ‚
876 1934 929 1980 &
954 1924 1096 1996 quod
1120 1924 1187 1976 est
1221 1923 1393 1976 multo
1416 1922 1623 1990 majoris
1647 1924 1902 1976 momenti
1928 1970 1940 1991 ,
1979 1946 2089 1979 cer-

268 1997 373 2050 tior
407 1998 576 2051 morbi
611 1999 862 2070 diagnofis
893 1998 1290 2071 prognosisque‚
1321 2006 1374 2052 <Sc
1405 1995 1661 2049 efficacior
1696 1999 1958 2071 therapeia
1982 2044 1995 2063 ‚
2029 2000 2089 2053 in

269 2073 373 2143 qua
402 2073 638 2125 Guaiaco
666 2117 680 2139 ,
713 2073 899 2126 Chinae
921 2116 937 2138 ‚
967 2072 1346 2145 Sarsae-›parillae
1381 2070 1677 2141 caeterisque
1715 2072 1768 2125 id
1808 2091 1967 2144 genus
2007 2073 2090 2126 hi·-

268 2147 484 2199 droricis
526 2146 765 2200 remediis
803 2145 974 2200 minus
1012 2146 1306 2208 deferatur,
1349 2144 1461 2217 plus
1499 2144 1737 2198 efficaciae
1773 2148 2089 2201 attribuatur

269 2220 543 2273 Mercurio
566 2265 580 2287 ,
621 2222 707 2274 sua
743 2221 980 2274 afferatur
1015 2220 1366 2292 hydrargyrofi
1400 2221 1745 2286 excellentia,
1783 2241 1840 2274 ac
1879 2221 2089 2274 demum

270 2297 405 2348 recia
438 2295 720 2350 adhibendi
743 2295 999 2348 Mercurii
1025 2294 1300 2348 methodus
1322 2292 1594 2346 enucleate
1617 2313 1952 2367 proponatur.
1993 2295 2092 2349 Sed

271 2369 378 2422 haec
417 2370 594 2422 omnia
632 2390 739 2423 non
781 2389 890 2423 tam
929 2372 1214 2422 Auctorum
1239 2413 1253 2437 ‚
1290 2368 1449 2440 quam
1490 2367 1719 2438 ipsorum
1755 2370 1918 2422 a’tatis
1961 2370 2098 2424 vitia

273 2441 425 2495 fuiffe
464 2443 744 2510 videntur,
783 2444 847 2497 eo
893 2443 1106 2515 quidem
1148 2442 1463 2514 ignoscenda
1501 2441 1705 2494 facilius
1730 2487 1743 2509 ,
1783 2443 1927 2514 qvod
1966 2462 2093 2497 tunc

271 2518 524 2589 temporis
565 2518 801 2571 nondum
841 2518 958 2572 satis
990 2518 1244 2591 perspecta
1279 2536 1389 2570 erat
1413 2515 1583 2569 morbi
1618 2517 1913 2585 medicina,
1949 2518 2096 2590 quod

272 2591 488 2644 crimini
509 2591 727 2645 dabatur
750 2595 999 2645 Veterum
1026 2595 1263 2665 exempla
1287 2591 1512 2644 deserere
1532 2635 1546 2657 ,
1577 2591 1720 2662 quod
1741 2593 1920 2645 horror
1947 2593 2095 2646 Mer-

274 2665 409 2718 curii
442 2686 534 2718 ceu
563 2667 812 2719 venenati
836 2667 1096 2739 pharmaci
1126 2667 1181 2719 in
1206 2665 1445 2719 omnium
1471 2666 1660 2719 animis
1685 2665 1789 2719 alte
1814 2666 2062 2720 inficiebat
2081 2711 2095 2733 2

282 2739 427 2811 quod
450 2740 674 2794 Guaiaci
705 2739 909 2794 effectus
940 2740 1229 2813 magnificis
1260 2740 1531 2815 praeconiis
1553 2741 1793 2796 certatim
1813 2740 2096 2795 effereban-

281 2830 367 2868 tur
391 2815 529 2884 quafi
545 2815 770 2867 totidem
791 2817 1058 2869 miracula.

352 2887 631 2940 Peccatum
654 2890 724 2941 est
745 2890 895 2944 aliter
917 2889 1001 2943 sed
1020 2889 1225 2962 gravius
1249 2890 1306 2944 in
1326 2890 1698 2945 recentioribus
1714 2889 1925 2961 Scriptis
1941 2931 1955 2954 ,
1979 2907 2094 2959 quae

276 2961 452 3015 nostro
475 2970 530 3016 ὅζ
550 2962 807 3035 superiore
828 2965 999 3017 seculo
1018 2965 1218 3035 publici
1250 2964 1373 3032 juris
1394 2963 1527 3017 fafi'ca
1559 2965 1692 3017 sunt,
1736 2965 1796 3014 In
1826 2962 1933 3015 illis
1961 2961 2094 3014 frus·-

276 3036 357 3089 tra
392 3035 623 3107 requiras
666 3037 883 3090 Librum
922 3056 1085 3090 unum
1125 3056 1216 3091 aut
1257 3039 1478 3091 alterum
1515 3037 1650 3104 justae
1692 3035 2055 3109 amplitudinis
2079 3078 2093 3102 ,

276 3129 389 3181 quo
419 3111 717 3164 morborum
749 3111 989 3165 omnium
1020 3111 1259 3166 traciatio
1285 3131 1376 3185 pro
1400 3111 1691 3182 argumenti
1719 3112 1977 3183 gravitate
2004 3130 2094 3163 ex-

275 3202 523 3260 ponatur.
572 3185 764 3244 Multae
794 3186 1010 3261 quidem
1038 3205 1317 3249 occurrunt
1345 3185 1831 3251 Diiiertatiunculae
1850 3229 1866 3254 ‚
1896 3184 1958 3239 de
1988 3204 2095 3240 uno

1849 3280 1880 3314 a
