2477 3643
418 142 481 195 2212
747 134 859 181 DE
926 133 1305 181 MORBIS
1374 126 1897 178 VENERE1&

416 209 595 280 pustulis
613 210 689 259 seu
713 210 948 257 ulcusculis
968 210 1061 257 aliis
1081 208 1277 272 ejusdem
1300 209 1436 275 partis
1462 227 1516 256 ex
1547 208 1674 255 caus&
1703 207 1895 256 venere-⁶1
1913 239 1926 260 ‚
1947 205 2002 255 de
2016 206 2179 273 quibus
2194 189 2262 256 ner

419 277 610 326 verbum
631 276 814 341 quidem
848 274 964 341 apud
987 280 1172 322 Veteres
1207 275 1403 340 reperire
1430 276 1502 320 est.
1536 273 1694 320 Afferit
1715 274 1836 333 enim
1857 274 2051 320 Praliicae
2080 272 2177 319 Lib.
2213 290 2252 318 2.

419 343 637 405 Tra530.5.
674 356 765 406 cap.
807 359 849 398 9.
875 342 1024 387 carolos
1059 340 1240 386 accidere
1262 353 1428 403 propter
1461 342 1602 385 coitum
1637 340 1775 384 calida
1810 339 1986 384 mulieris
2015 335 2066 383 ὠ
2093 340 2257 383 noviter

425 405 666 465 menstruata
684 425 698 450 .·
720 406 899 452 Ibidem
929 403 1039 450 verb
1074 419 1164 467 cap.
1181 408 1217 449 8.
1249 403 1431 460 Pustulas
1451 402 1755 462 carbunculosas
1779 403 1939 463 causari
1964 404 2006 446 in
2032 400 2255 447 hominibus

426 475 572 519 coitum
593 470 828 517 habentibus
849 486 936 516 cum
954 471 1120 514 muliere
1131 468 1249 527 foedd
1265 506 1278 521 ‚
1302 467 1469 512 habente
1488 470 1662 512 vulvam
1692 470 1917 513 ulceratam
1944 467 2074 511 ulcere
2089 467 2255 527 putrido

415 538 493 582 vel
523 538 698 598 maligno
721 573 733 588 ‚
768 536 838 579 vel
860 537 956 596 quia
981 533 1108 592 fuerit
1137 536 1299 578 noviter
1326 531 1595 589 menstruata,
1615 532 1732 576 circa
1759 547 1853 593 quae
1881 547 1981 575 curn
2013 529 2257 592 Antiquio-

424 599 550 646 ribus
569 597 796 645 manifeste
819 596 1058 644 consentit.
1089 600 1148 642 At
1167 596 1276 643 vero
1308 596 1416 641 dicit
1446 596 1591 641 ibidem
1622 595 1720 640 Lib.
1746 615 1777 654 ς.
1800 609 1890 658 cap.
1918 611 1948 638 1.
1975 592 2158 649 Pustulas
2183 611 2255 638 ve-

427 680 567 711 nereas
595 681 649 710 ex
683 661 944 708 contaoioso
985 661 1229 706 concubitu
1262 660 1407 707 enasci
1425 664 1466 705 in
1484 659 1670 724 partibus
1688 659 1961 723 genitalibus,
1989 659 2179 703 videlicet
2211 662 2261 703 in»

427 727 570 774 vulvd
595 733 636 773 in
654 730 811 774 mulieri
839 744 884 772 us
899 764 913 779 ,
938 725 988 774 ὠ·
1007 730 1050 770 in
1067 726 1192 789 virgei
1213 730 1254 771 in
1273 724 1493 771 hominibus
1515 763 1528 777 ,
1549 723 1600 769 ὥ*
1625 725 1693 782 effi·
1713 724 1910 768 interdum
1928 723 2054 768 lividi
2076 725 2217 768 coloris
2235 760 2257 776 ,

429 792 652 854 aliquando
671 794 814 856 nigri,
831 808 1124 852 nonnumquam
1133 790 1342 850 subalbidi
1363 828 1376 842 ,
1394 807 1481 835 cum
1500 789 1715 847 eallosttate
1737 804 1802 832 eas
1817 786 2105 833 circumdante.

494 863 561 901 60.
596 861 701 901 Haec
722 854 879 902 endem
899 854 922 899 ἓι
942 855 1138 918 Fallopio
1158 855 1267 900 olim
1288 851 1593 899 animadversa
1622 851 1747 897 fuisse
1764 851 1812 896 in
1837 851 2040 896 Traftatu
2060 852 2107 896 de
2125 854 2260 896 Mor·

427 919 477 965 ho
513 923 675 966 Gallico
704 953 717 972 ‚
751 937 833 965 nec
864 920 911 965 in
936 936 1028 964 uno
1061 918 1233 964 tantum
1267 919 1385 964 loco.
1418 918 1624 962 Viderunt
1659 918 1841 977 Antiqui
1861 914 1952 973 suis
1985 913 2253 978 temporibus,

427 983 577 1046 inquit
596 984 670 1030 ille
691 999 781 1047 cap.
802 1002 842 1040 7.
864 986 964 1029 oriri
983 986 1119 1028 ulcera
1138 988 1253 1029 circa
1267 982 1459 1047 pudenda
1476 1019 1489 1034 ‚
1519 998 1602 1042 quae
1620 980 1893 1038 calefal‘iiones
1909 993 2111 1024 vocantur
2128 998 2142 1022 .·
2160 996 2255 1024 nam

425 1063 524 1094 ante
555 1048 680 1094 morbi
702 1051 859 1094 Gallici
896 1062 1022 1092 ortum
1039 1086 1052 1100 ,
1078 1051 1326 1111 Scriptores,
1344 1063 1385 1092 ut
1412 1047 1545 1091 Guido
1565 1083 1579 1097 ,
1608 1043 1690 1090 &a
1719 1047 1839 1089 locuti
1860 1044 1958 1101 sunt
1989 1043 2037 1088 de
2061 1042 2151 1096 his',
2184 1044 2263 1088 vel

429 1113 519 1159 ciem
542 1117 712 1169 J'uvenis
735 1131 811 1158 non
830 1113 996 1157 mundat
1027 1112 1217 1175 glandem
1238 1151 1250 1165 ,
1268 1113 1338 1156 vel
1362 1114 1458 1174 quia
1478 1109 1596 1155 habet
1624 1126 1705 1153 rem
1734 1123 1947 1153 veneream
1980 1125 2066 1153 cum
2094 1109 2258 1152 muliere

429 1175 673 1234 menstruatd
690 1215 703 1230 ,
724 1179 774 1225 (ῥ’
810 1192 902 1222 tunc
921 1181 1105 1221 oriuntur
1123 1177 1393 1235 calefabliones
1412 1174 1496 1228 isle.
1517 1210 1526 1218 .
1557 1210 1564 1218 .
1590 1207 1599 1217 .
1618 1177 1683 1218 At
1703 1189 1769 1236 ego
1798 1173 1931 1217 dicam
1948 1209 1962 1224 ,
1983 1171 2128 1235 pergit
2146 1171 2223 1217 ille
2241 1204 2258 1224 ‚

429 1243 503 1300 effe
540 1246 761 1287 maximam
787 1241 1049 1301 differentiam
1079 1245 1182 1286 inter
1203 1243 1380 1297 cariem(
1404 1239 1654 1296 Gallicam)
1687 1236 1737 1282 6³⁶
1757 1237 2045 1295 calefalliones.
2075 1240 2262 1298 Antiqui

430 1308 661 1369 Scriptores
676 1344 693 1359 ,
712 1305 772 1350 ait
790 1306 911 1350 idem
930 1319 1020 1368 cap.
1041 1309 1100 1350 81.
1135 1308 1266 1350 Greci
1288 1303 1337 1350 ὠ·
1361 1303 1526 1349 Arabes
1545 1341 1558 1356 ,
1577 1304 1706 1347 veluti
1727 1304 1881 1346 Paulus
1898 1303 2043 1345 Aetius
2066 1302 2115 1348 Θ
2133 1305 2256 1346 Avi-

432 1387 560 1416 cenna
596 1372 717 1416 loeusi
735 1370 831 1430 fiant
866 1370 915 1414 de
945 1368 1142 1415 ulceribus
1174 1368 1469 1431 depascentibus
1499 1369 1592 1414 colis
1617 1386 1631 1411 .·
1661 1366 1737 1424 sed
1769 1365 1958 1426 differunt
1991 1366 2065 1410 illa
2089 1362 2115 1409 Σι
2147 1370 2260 1410 carie

433 1438 450 1492 (
470 1433 644 1479 Gallici
663 1435 737 1480 seu
757 1432 991 1480 ulcusculis
1013 1433 1230 1479 venereis.
1253 1442 1262 1485 )
1289 1435 1490 1477 Similiter
1523 1437 1556 1475 C
1560 1431 1758 1492 hirurgici
1784 1428 2010 1493 posteriores
2041 1432 2259 1491 loquuntur

432 1497 483 1543 de
503 1499 564 1544 his
582 1537 597 1552 ,
607 1499 681 1558 sed
708 1516 785 1543 non
805 1499 899 1559 sunt
929 1499 1065 1543 eadem
1091 1515 1178 1543 cum
1201 1498 1262 1542 his
1280 1514 1444 1559 quorum
1464 1499 1703 1541 curationem
1723 1493 1823 1538 dare
1841 1493 2093 1538 intendimus.
2123 1499 2154 1538 S
2159 1507 2258 1556 upe-

431 1567 554 1609 riores
580 1564 818 1627 chirurgici
836 1564 1032 1626 loquentes
1055 1562 1105 1607 de
1131 1560 1457 1625 depascentibus,
1477 1560 1614 1605 dicunt
1638 1559 1795 1621 duplici
1825 1557 1872 1601 de
1904 1556 2028 1603 causei
2050 1559 2145 1619 fieri
2161 1558 2263 1609 ‚vel

433 1644 488 1674 ex
506 1628 758 1692 turpitudine
782 1626 881 1672 albei
909 1629 979 1672 vel
995 1625 1116 1691 nigrd
1132 1665 1146 1679 ‚
1162 1624 1323 1671 colleEid
1354 1629 1460 1670 inter
1470 1624 1659 1688 glandem
1678 1622 1728 1667 (ῥ’
1747 1626 1982 1685 preputium
2000 1641 2013 1666 :
2033 1622 2139 1667 hanc
2164 1636 2256 1666 tur-

431 1692 656 1755 pitudinem
678 1692 838 1751 sordem
870 1693 1094 1755 appellant.
1123 1694 1277 1737 Volunt
1312 1693 1434 1751 igitur
1464 1687 1571 1751 quod
1599 1690 1746 1749 quoties
1765 1686 1903 1744 Jbrdes
1936 1685 2012 1745 ista·
2041 1690 2262 1732 continetur

428 1759 541 1801 inter
566 1760 804 1821 praeputium
833 1754 883 1802 ὠ·
910 1757 1102 1818 glandem
1132 1793 1146 1808 ,
1181 1754 1348 1800 bulliens
1370 1754 1498 1811 faciat
1528 1751 1750 1811 hujusmodi
1775 1753 1938 1795 cariem.
1962 1786 1975 1796 .
1997 1784 2006 1794 .
2027 1784 2035 1794 .
2058 1754 2152 1796 Nos
2181 1768 2260 1795 non

434 1821 643 1882 loquemur
660 1858 675 1875 ,
697 1819 821 1866 addit
837 1819 913 1866 ille
931 1853 943 1871 ,
964 1821 1012 1864 de
1028 1819 1201 1864 omnibus
1222 1819 1284 1864 his
1300 1857 1314 1872 ,
1325 1819 1399 1877 sed
1431 1821 1477 1861 de
1494 1818 1617 1874 §veris
1636 1817 1810 1862 Gallicis
1829 1817 1995 1859 Tarolis
2010 1816 2127 1860 diliis
2140 1853 2154 1868 ,
2164 1816 2264 1874 five

437 1886 604 1929 Carolis
618 1922 633 1938 ,
655 1888 723 1947 qui
735 1885 830 1945 fient
860 1885 911 1928 ab
934 1886 1025 1929 aliis
1047 1881 1309 1944 distinguendi
1326 1903 1339 1928 ς
1359 1882 1631 1942 calefacliones
1651 1918 1667 1934 ,
1692 1881 1977 1926 excoriationes
1993 1917 2009 1933 ,
2031 1877 2265 1939 &afacile

429 1950 648 2009 sanantur.
671 1981 681 1992 .
704 1983 714 1993 .
737 1949 832 2007 ‚sed
848 1966 923 1992 non
945 1952 1069 1994 caries
1088 1952 1146 1993 ita
1154 1946 1296 2006 facile.

495 2020 562 2069 7⁰.
591 2012 689 2058 Pari
708 2014 881 2059 ratione
902 2029 952 2058 ea
968 2045 982 2065 ,
1014 2029 1105 2074 quse
1125 2011 1180 2056 de
1207 2010 1389 2056 bubone
1409 2009 1456 2056 in
1476 2008 1659 2072 inguine
1683 2007 1946 2054 Guillelmus
1966 2006 2022 2053 de
2038 2006 2229 2053 Saliceto
2243 2038 2260 2059 ,

435 2075 743 2129 lanfrancus,
765 2080 919 2123 Petrus
951 2076 1009 2122 de
1032 2075 1243 2138 Argelatzi
1269 2075 1386 2120 dicta
1416 2073 1611 2124 habent,
1630 2090 1720 2118 non
1753 2073 1809 2118 de
1836 2089 2032 2119 venereo
2053 2105 2065 2123 ‚
2098 2070 2175 2118 sed
2202 2072 2263 2117 de

436 2139 626 2204 simplici
649 2141 832 2188 bubone
853 2141 1111 2205 accipienda
1130 2140 1214 2186 effe
1240 2173 1253 2193 ,
1285 2139 1426 2203 qualis
1448 2137 1634 2202 fimplici
1652 2137 1825 2202 limpha>
1844 2137 1956 2183 vitio
1976 2136 2162 2188 accidit,
2187 2151 2264 2182 aut

434 2203 662 2252 ulceribus
682 2209 805 2270 penis
831 2205 942 2252 solet
961 2205 1244 2270 supervenire
1264 2237 1281 2256 ,
1296 2221 1388 2267 quae
1407 2203 1430 2248 a
1458 2202 1589 2249 causis
1607 2201 1843 2248 ordinariis
1861 2207 1906 2248 ὃ(
1932 2201 1955 2246 :i
1971 2201 2042 2247 lue
2069 2200 2262 2247 venerez‘i

435 2269 572 2333 plane
588 2271 741 2317 alienis
758 2270 1020 2316 inferantur.
1055 2275 1185 2317 Tunc
1214 2270 1335 2316 enim
1359 2268 1479 2332 puris
1502 2267 1679 2330 guttulae
1711 2265 1817 2312 vasis
1844 2265 2139 2329 limphaticis,
2166 2282 2262 2328 quae

434 2333 498 2379 ab
531 2334 736 2383 ulceratis
759 2336 882 2401 penis
917 2335 1111 2399 partibus
1139 2332 1444 2385 sobolescunt,
1466 2333 1520 2378 ad
1548 2331 1794 2395 inguinales
1814 2331 2041 2394 glandulas
2067 2329 2156 2393 quo
2172 2329 2263 2394 ipsa

439 2398 634 2445 tendunt
651 2400 803 2447 delatae
820 2400 1031 2463 limpham
1043 2435 1055 2453 ,
1076 2399 1147 2446 cui
1164 2397 1509 2445 commiscentur
1525 2431 1537 2450 ,
1551 2397 1612 2442 ita
1631 2395 1834 2449 infinitum
1850 2395 2163 2461 inspiffantque
2180 2429 2191 2446 ,
2211 2409 2262 2440 ut

430 2462 488 2508 in
506 2463 818 2525 glandularum
839 2464 1006 2511 cellulis
1025 2465 1189 2511 haerere
1222 2478 1406 2526 cogatur
1424 2501 1436 2515 ‚
1452 2461 1529 2507 ubi
1560 2479 1721 2525 panum
1742 2460 1755 2512 3
1783 2460 2062 2525 phygethlon
2077 2493 2089 2512 ,
2111 2460 2184 2505 vel
2212 2475 2261 2505 ut:

439 2527 578 2590 vulgo
602 2530 725 2574 aiunt
746 2563 758 2582 ‚
792 2529 1022 2576 bubonem
1057 2529 1236 2575 excitat.
1276 2529 1347 2574 Sic
1382 2526 1667 2574 observamus
1694 2526 1901 2587 quotidie
1929 2525 2056 2571 simili
2085 2522 2261 2588 prorsus

438 2592 615 2639 ratione
635 2593 861 2656 gl’andulas
887 2594 1161 2658 limphaticas
1192 2592 1309 2638 collo
1330 2593 1401 2639 vel
1419 2591 1602 2637 maxillae
1629 2589 1835 2635 inferiori
1856 2589 2010 2636 adsitas
2038 2588 2168 2634 toties
2194 2603 2262 2634 tu-

440 2656 642 2709 mefieri,
663 2658 755 2703 imo
787 2658 896 2705 verb
925 2659 1195 2722 quandoque
1229 2657 1483 2720 supputari,
1516 2655 1690 2718 quoties
1719 2655 1872 2718 capitis
1898 2654 2116 2701 exteriora
2143 2652 2263 2699 tinea

437 2735 519 2765 aut
539 2720 768 2768 ulcusculis
794 2722 1078 2769 defoedantur
1098 2756 1110 2776 ,
1128 2721 1242 2769 facti.
1265 2721 1431 2768 scilicet
1457 2719 1647 2766 materiae
1673 2718 1914 2765 morbificae
1932 2716 2139 2765 metastasl
2160 2735 2263 2764 cum

443 2784 609 2848 limpha
629 2786 737 2833 inde
757 2787 989 2833 redeunte.

510 2855 577 2896 8⁰.
599 2851 794 2898 Proinde
822 2852 1003 2898 tandem
1022 2868 1073 2897 ex
1100 2852 1184 2898 illis
1209 2850 1496 2896 Medicorum
1524 2846 1914 2911 Chirurgorumve
1934 2847 2041 2894 locis
2060 2848 2167 2912 ‚qui
2184 2863 2260 2893 an-

441 2931 506 2959 no
528 2932 543 2958 1
555 2934 664 2973 494.
688 2915 930 2979 superiores
944 2916 1152 2962 vixerunt
1168 2951 1180 2969 ,
1197 2915 1225 2960 fi
1240 2933 1364 2978 aequo
1382 2913 1532 2959 animo
1547 2918 1591 2958 &
1610 2912 1698 2958 fine
1718 2913 1971 2977 praejudicio
1987 2912 2259 2978 perpendan-

442 2993 517 3024 tur
530 3011 544 3031 ,
564 2980 683 3042 poss'e
703 2980 814 3026 nihil
831 2981 1006 3045 prorsus
1027 2982 1204 3045 colligi,
1223 2980 1347 3043 quod
1365 2978 1539 3024 allatam
1558 2977 1614 3023 de
1628 2978 1829 3024 novitate
1847 2978 1929 3024 luis
1943 2994 2140 3024 venereae
2160 2976 2259 3022 sen-

445 3043 634 3089 tentiam
654 3061 856 3092 evertere
877 3046 1020 3093 valeat
1036 3080 1048 3098 ,
1070 3064 1143 3092 aut
1164 3046 1302 3092 fidem
1334 3043 1661 3090 Historicorum
1677 3042 1903 3090 infirmare
1920 3077 1933 3095 ,
1950 3041 2026 3104 qui
2045 3040 2258 3087 morbum

445 3106 566 3152 hunc
594 3108 694 3153 orbi
722 3111 869 3155 nostro
902 3126 1103 3174 ternpore
1122 3111 1224 3157 belli
1254 3107 1539 3172 Neapolitani
1569 3106 1776 3155 &Car-010
1803 3111 1961 3158 VIII.
1987 3110 2259 3152 Francorum

447 3173 575 3234 Rege
594 3173 700 3236 gesti
714 3172 945 3224 inductum
958 3174 1084 3224 fuiffe
1103 3194 1192 3223 uno
1211 3192 1288 3222 ore
1306 3190 1464 3221 omnes.
1479 3168 1714 3220 affirmant.

1865 3236 1907 3291 ⁴C
1920 3236 1960 3282 A
1972 3238 2004 3283 P
2023 3236 2069 3284 U
2085 3238 2124 3283 T
2169 3237 2209 3288 V
2221 3238 2261 3282 1.
