2477 3643
585 101 1656 152 L1nzxv.Sncnr.1JMxv1.
1938 117 2030 169 469

203 180 341 250 piebat
361 182 492 229 orbem
496 183 614 244 suum
635 223 650 239 ,
665 187 869 249 plerosque
886 184 1148 250 comperiebat
1166 190 1208 232 in
1218 190 1454 251 graviorem
1471 187 1649 247 recidisse
1667 186 1858 235 morbum.

260 254 310 295 11
326 254 360 295 Ι.
392 249 608 312 Proponit
641 250 696 296 ad
728 250 1005 296 curationem
1035 258 1094 295 10.
1121 257 1309 315 Regimen
1333 255 1423 297 vitae
1446 253 1489 296 in
1507 251 1586 310 sbx
1613 250 1729 297 rebus
1758 267 2022 299 non-natura-

191 312 313 359 libus.
344 322 406 359 20.
439 313 656 360 Remedia
675 315 874 379 quaedam
896 333 948 361 ex
975 315 1263 362 alterantibus
1285 315 1674 380 vulgaribus‚quae
1693 333 1945 369 mutuatur,
1973 334 2021 364 ut
2108 337 2185 387 (a)
2232 340 2296 379 550

191 377 285 441 ipse
305 377 466 430 refert,
485 376 511 423 ὰ
544 381 704 428 Ioanne
735 383 940 426 Almenar
955 419 970 434 ,
992 383 1168 427 Dotfiore
1191 383 1380 445 Hispano
1404 419 1418 434 ‚
1439 380 1510 427 vel
1538 380 1589 426 ab
1612 381 1831 443 Augustino
1853 383 2016 444 Nipho.
2061 390 2240 431 Hsnricus

197 443 258 502 3⁰.
293 444 454 489 Pilulas
478 444 761 491 mercuriales
789 445 1001 508 quasdam
1030 463 1084 492 ex
1117 446 1349 492 Mercurio
1385 445 1526 492 crudo
1544 478 1559 498 ,
1585 443 1800 498 moscho,
1825 445 1936 491 rlieo
1971 451 2019 492 &
2062 442 2208 503 Wolte't
2242 448 2277 482 in

190 505 467 553 scammonio
486 508 724 555 confectas.
745 511 866 555 Dicit
880 511 926 555 id
941 511 1104 555 remedii
1114 526 1238 573 genus
1246 512 1366 571 fuiffe
1376 511 1566 575 praeslans
1582 511 1828 556 medicamen
1849 509 2013 556 Barba-
2056 493 2225 582 ἵζ”ἵῗκῒ

188 587 344 626 rorum,
359 591 434 636 quo
459 575 536 637 ips}
554 580 567 633 (
585 580 642 635 a)
667 577 915 621 Teucrorum
929 580 1020 621 Rex
1027 575 1260 637 frequenter
1279 579 1365 635 usus
1372 578 1443 637 stt.
1459 578 1610 633 Quem
1627 591 1774 621 autem
1799 579 1925 638 Rege
1939 575 2014 622 illo
2060 550 2267 646 Brgmzffffc'

189 636 473 683 Teucrorum
496 639 715 701 intelligat
733 640 806 685 vix
825 638 924 685 satis
942 640 1069 702 capio
1088 672 1100 691 ‚
1118 639 1195 684 nifi
1224 637 1372 686 forsan
1389 658 1445 687 eo
1466 641 1648 688 nomine
1663 639 1859 704 designet
1878 639 2018 686 Chai-
2061 647 2160 685 circa
2182 663 2264 689 ann.

190 701 397 748 radinum
427 702 731 750 Barbarollam
763 708 934 767 Regem
963 703 1133 766 Algerii
1151 737 1163 755 ,
1193 703 1249 750 de
1277 723 1368 768 quo
1385 705 1511 770 supra
1536 707 1633 752 Lib.
1657 722 1695 751 2.
1714 721 1806 769 cap.
1827 724 1867 763 7.
1885 706 1962 768 qui
1987 704 2018 750 fi
2064 703 2292 754 148ΟᾸῖῑῐῑΡ·

191 781 284 815 non
304 767 462 814 iisdem
479 802 491 820 ,
508 785 550 813 at
567 770 687 816 certe
706 768 823 814 haud
842 768 970 815 valde
990 768 1235 832 disparibus
1254 770 1399 833 pilulis
1417 770 1640 816 utebatur.
1667 780 1733 829 4⁰.
1754 769 1984 830 Praefidium
1999 808 2016 824 ,
2060 764 2133 841 (οῖ’
2189 757 2292 814 (1ωά

189 846 238 876 ur
263 832 338 878 ille
365 833 564 897 loquitur
584 867 596 886 ‚
626 835 830 896 quoddam
845 836 1058 893 familiare
1081 867 1095 885 ,
1124 832 1196 879 seu
1224 836 1367 892 coeleste
1390 853 1441 880 ex
1464 838 1608 882 Pilulis
1635 836 1684 880 de
1713 837 2016 898 Hermoduily-
2059 818 2161 895 ἓξέῑ
2196 821 2263 901 ¹1³1-

185 896 238 941 lis
262 898 478 953 majoribus
504 916 590 944 cum
611 896 756 962 parvo?
785 894 1045 962 portiunculd
1072 898 1331 962 praecipitati
1361 900 1581 948 Mercurii
1608 899 1762 952 rubri,
1791 903 1910 961 cujus
1933 917 2015 963 pe>-
2059 911 2206 954 Colle&

187 961 400 1009 culiarem
421 962 660 1026 quemdam
684 962 928 1026 processum
948 963 1172 1026 proponit.
1217 971 1283 1027 5⁰.
1311 965 1519 1028 Denique
1537 964 1593 1010 ad
1610 964 1912 1011 discutiendos
1930 961 2016 1010 do'-
2059 967 2227 1028 Heurici·

186 1023 304 1072 lores
325 1043 498 1073 artuum
514 1061 525 1079 ,
552 1028 769 1073 delendos
793 1043 987 1072 tumores
1003 1060 1016 1079 ,
1038 1027 1312 1074 exficcandas
1335 1030 1520 1092 pustulas
1546 1045 1752 1076 cutaneas
1772 1035 1860 1075 &c.
1883 1030 2018 1076 innu-
2059 1018 2271 1074 Mab‘m‘i’

186 1106 308 1136 mera
327 1091 499 1155 profert
519 1108 851 1155 unguentorum
873 1097 918 1137 ὃ(
949 1107 1202 1137 ceratorum
1222 1109 1385 1156 genera
1402 1127 1414 1146 ‚
1433 1094 1551 1140 inter
1568 1112 1662 1157 quae
1681 1094 1870 1158 plurima
1889 1097 2014 1142 Mer-
2057 1078 2110 1156 Ξῖ
2121 1075 2264 1161 {2:22⁵

185 1156 360 1202 curium
380 1157 620 1203 admittunt
634 1190 646 1208 ‚
666 1156 742 1202 sed
762 1156 1025 1201 nullomodo
1045 1157 1260 1220 explicat,
1282 1175 1363 1203 nec
1383 1158 1470 1221 qua
1488 1160 1694 1206 cautione
1715 1158 1918 1207 adhiberi
1937 1160 2015 1208 illa
2057 1173 2128 1208 dici
2170 1180 2273 1214 Teu..

185 1220 381 1267 debeant
398 1256 410 1274 ‚
431 1239 513 1269 nec
532 1221 640 1284 quid
663 1221 717 1265 ab
737 1221 918 1266 illorum
942 1221 1018 1266 usu
1041 1222 1331 1267 metuendum
1352 1222 1415 1268 sit.
2058 1238 2144 1263 cros·

244 1286 422 1332 Dicitur
454 1286 645 1332 Blondus
674 1286 696 1329 a
718 1288 893 1337 Ioanne
921 1286 1119 1347 Georgio
1151 1287 1408 1333 Schenckio
1444 1287 1528 1344 (b)
1558 1292 1601 1333 in
1645 1306 1736 1333 uum
1765 1289 2009 1336 Traffatum
2102 1301 2179 1348 (b)
2221 1303 2291 1338 Bi..

179 1351 380 1414 pleraque
401 1352 578 1396 remedia
597 1350 831 1411 transtuliffe
848 1369 900 1395 ex
919 1354 1122 1396 Trafiam
1139 1351 1355 1415 Augustini
1384 1353 1529 1417 Niphi
1549 1355 1596 1398 de
1616 1354 1747 1397 eodem
1765 1350 1911 1398 morbo.
1940 1358 2013 1401 An
2057 1352 2175 1412 blfmf’·
2205 1361 2292 1391 Me..

185 1432 237 1460 ea
267 1433 372 1461 vera
398 1415 481 1460 sint
507 1415 617 1461 mihi
648 1431 741 1460 non
767 1416 907 1478 liquet
924 1449 936 1467 ,
962 1416 1032 1460 cui
1060 1416 1262 1462 nondum
1290 1417 1481 1480 contigit
1504 1417 1760 1463 Traffihitum
1782 1420 2015 1481 Augustini
2061 1405 2126 1441 ἀπ’
2145 1419 2178 1442 ¹¹¹
2195 1418 2290 1466 yoce

185 1481 331 1544 Niplii
353 1478 574 1544 usurpare.
613 1480 701 1525 Sed
721 1482 840 1526 certe
858 1479 886 1524 fi
909 1498 1013 1527 vera
1030 1478 1199 1527 fuerint
1215 1515 1226 1534 ‚
1246 1482 1294 1526 in
1313 1481 1400 1526 hoc
1420 1483 1663 1545 culpandus
1682 1481 1860 1528 videtur
1881 1485 2016 1529 Blon-
2058 1459 2280 1559 ᾗῗὲἷξεωω

185 1545 266 1591 dus
287 1579 298 1597 ‚
328 1546 398 1591 cui
427 1546 527 1591 cum
557 1544 696 1609 posset
728 1545 943 1591 Auckoi-es
968 1546 1077 1591 alios
1100 1546 1296 1593 melioris
1323 1563 1439 1593 notae
1472 1547 1721 1594 exscribere
1748 1581 1762 1599 ‚
1796 1547 2015 1614 placuerit

184 1609 445 1674 quisquilias
463 1609 712 1656 istiusmodi
731 1609 823 1656 suas
840 1609 962 1656 furto
981 1609 1144 1657 facere.

245 1742 285 1785 A
303 1756 324 1784 L
342 1756 369 1784 o
388 1756 419 1784 Y
438 1755 455 1783 s
479 1757 490 1784 ι
515 1756 543 1786 U
563 1756 579 1784 s
619 1743 650 1786 L
669 1758 697 1787 ο
713 1758 736 1786 Β
754 1758 773 1785 E
793 1757 825 1787 R
842 1755 874 1785 Α
897 1773 909 1792 ,
945 1739 1198 1793 Abulanus,
1225 1740 1311 1786 hoc
1343 1743 1401 1788 est
1427 1759 1479 1787 ex
1509 1740 1689 1787 civitate
1717 1738 1860 1785 Abali
1877 1774 1889 1793 ,
1917 1759 2012 1805 quae
2117 1770 2261 1824 1544·-

183 1822 299 1852 nunc
328 1806 472 1850 Avila
504 1804 550 1849 in
584 1820 735 1852 vetere
765 1804 973 1856 Castum,
1010 1806 1216 1852 Medicus
1249 1805 1346 1851 'fuit
1374 1807 1530 1852 Caroli
1560 1813 1613 1854 V.
1645 1805 1927 1869 Imperatoris
1963 1813 2010 1852 ὃ(

184 1869 320 1932 Regis
349 1867 664 1932 Hispaniarum
689 1889 698 1915 ε
737 1869 913 1934 Scripsit
935 1870 1175 1935 Hispanico
1206 1870 1322 1916 circa
1353 1889 1519 1916 annum
1555 1889 1569 1916 1
1593 1889 1696 1937 544.
1722 1870 1906 1915 Librum
1939 1877 2012 1918 De

182 1951 359 1997 quatuor
386 1933 685 1997 ‘egritudinibus
716 1938 858 1980 aulicis
878 1972 892 1987 ,
923 1934 1040 1981 inter
1068 1953 1174 1998 quas
1196 1935 1394 1982 recenset
1422 1936 1638 1982 Morbum
1658 1935 1874 1981 Gallicum
1893 1969 1904 1987 ,
1928 1953 2009 1982 ne·-

180 2017 269 2062 que
291 1998 387 2043 sane
411 1998 572 2043 mirum
590 2032 603 2050 ‚
634 1998 733 2044 cum
769 2009 780 2053 (
802 2018 822 2045 c
841 2001 854 2052 )
882 2001 986 2045 teste
1017 2000 1210 2063 Gaspare
1236 1999 1420 2047 Tor-ella
1443 2000 1623 2047 morbus
1643 2000 1718 2046 ille
1736 2000 1784 2045 in
1805 1999 2009 2047 ulteriori
2106 2017 2151 2060 (ς
2171 2017 2181 2055 i
2231 2017 2286 2050 De

182 2062 397 2126 Hispania
416 2063 570 2108 morbus
591 2067 774 2109 Curiatiis
796 2080 982 2109 vocetur
998 2098 1010 2116 ,
1032 2064 1073 2110 εὸ
1096 2069 1193 2128 quia
1214 2070 1386 2111 Curiam
1405 2066 1637 2129 irifi’quitur.
2053 2067 2210 2104 dolorem
2222 2075 2291 2127 pu-

243 2133 352 2175 Haec
373 2129 431 2173 est
449 2127 570 2173 Libri
588 2127 706 2174 illius
724 2128 954 2192 inscriptio
977 2148 986 2173 ε
1821 2142 1827 2148 “
2052 2120 2248 2168 dendagra.

313 2191 444 2240 Libro
472 2193 520 2237 de
548 2195 609 2237 las
638 2208 779 2256 quatro
808 2192 1104 2251 enftrmedades
1125 2194 1346 2251 cortefhnas
1363 2231 1376 2245 ,
1399 2209 1472 2253 que
1489 2194 1562 2251 sbn
1583 2196 1621 2238 C
1624 2192 1790 2237 atharro
1808 2225 1821 2244 ,
1852 2197 1890 2238 G
1895 2206 2004 2247 otta,

398 2259 482 2302 mal
499 2257 548 2301 de
570 2258 724 2304 Piedra
740 2276 790 2320 ,y
820 2259 902 2302 mal
928 2258 976 2302 de
997 2263 1137 2311 Buas,
1159 2271 1237 2321 por
1253 2259 1289 2301 el
1308 2258 1465 2307 Doflor
1481 2261 1590 2320 Luys
1621 2256 1780 2301 Lobera
1810 2256 1858 2300 de
1885 2261 2007 2303 Avi-

397 2323 441 2366 la
459 2359 473 2374 ‚
503 2339 560 2367 en
587 2322 767 2367 Toledo
785 2355 796 2372 ‚
835 2339 849 2365 1
868 2338 974 2384 544.
994 2339 1126 2384 quem
1148 2321 1351 2367 Italicum
1369 2320 1478 2368 fecit
1497 2354 1510 2374 ‚
1541 2320 1773 2384 ediditque
1805 2322 2006 2368 Veneriis

400 2388 554 2431 Petrus
574 2389 739 2431 Lautus
753 2419 765 2437 ,
782 2402 899 2430 anno
927 2403 942 2429 1
961 2404 979 2448 ς
998 2405 1013 2447 5
1030 2392 1072 2432 8.
1096 2390 1139 2431 in
1161 2391 1225 2431 80.

236 2448 358 2497 Hinc
379 2465 609 2513 excerptus
636 2450 695 2496 est
724 2452 953 2496 Trastatus
973 2456 1044 2497 De
1070 2450 1232 2497 Morbo
1261 2451 1422 2496 Gallico
1450 2449 1498 2494 in
1526 2449 1809 2497 Collectione
1838 2451 2002 2513 Aloyfii

181 2515 347 2563 Luisini
379 2529 529 2560 extans
551 2548 564 2566 ,
592 2515 670 2577 qui
692 2518 847 2577 Capita
868 2516 1145 2579 ftptemdecim
1164 2516 1364 2560 continet
1382 2547 1394 2565 ‚
1422 2513 1498 2559 ubi
1516 2517 1682 2560 Austor
1702 2513 1888 2561 affirmat
1908 2519 1996 2574 (d)
2091 2525 2144 2573 [d
2161 2528 2171 2576 )
2189 2529 2284 2576 Cap*

178 2579 385 2629 Morbum
405 2583 575 2642 ignotum
586 2581 704 2639 fuiffe
723 2579 934 2625 Veteribus
950 2619 962 2632 ‚
991 2580 1079 2625 cum
1096 2583 1210 2625 nulla
1228 2585 1310 2637 ejus
1328 2581 1482 2623 indicia
1501 2582 1720 2624 attulerim.
1760 2581 1871 2626 Inde
1892 2582 2001 2626 vero
2058 2592 2093 2616 1·
2225 2610 2227 2613 ·

181 2646 371 2710 explicat
398 2643 545 2690 morbi
577 2643 855 2689 curationem
882 2643 1102 2707 triplicem
1123 2678 1135 2696 ,
1166 2660 1273 2705 potu
1296 2642 1471 2689 decoffi
1493 2643 1603 2705 ligni
1625 2642 1892 2697 Guaiacani,
1919 2645 1998 2692 usu

179 2710 491 2757 immistionum
519 2708 847 2755 mercurialium
865 2742 877 2760 ‚
904 2714 949 2754 &
975 2727 1059 2773 ope
1083 2706 1465 2771 suffumigiorum3
1494 2706 1567 2754 sed
1589 2708 1827 2770 unicuique
1851 2709 2000 2756 censet

181 2773 534 2842 praemittendam
563 2772 648 2820 effe
679 2774 1042 2838 praeparationem
1071 2791 1170 2819 cum
1196 2772 1485 2837 purgantibus
1505 2806 1517 2824 ‚
1546 2773 1832 2819 alterantibus
1849 2808 1862 2826 ,
1889 2791 2002 2820 tem-

180 2838 452 2907 perantibus.
495 2838 721 2884 Existimat
753 2854 907 2901 potum
939 2839 1113 2885 decocti
1146 2838 1385 2883 Guaiacani
1420 2837 1585 2883 caeteris
1616 2839 1838 2901 praestare3
1875 2838 2001 2885 usum

181 2904 291 2953 vero
323 2901 678 2965 suffumigiorum
708 2902 971 2966 plerumque
1001 2903 1218 2965 gravioris
1241 2902 1326 2949 esse
1347 2902 1548 2966 periculi.
1586 2901 1675 2948 Sub
1707 2901 1839 2950 finem
1861 2921 2002 2967 pauca

184 2969 308 3019 addit
328 2967 384 3012 de
406 2965 482 3010 usu
500 2967 699 3012 radicum
719 2966 888 3011 Chinae.

246 3033 297 3080 ld
328 3047 473 3077 autem
505 3031 722 3095 imprimis
744 3046 899 3075 notatu
928 3028 1113 3091 dignum
1137 3029 1339 3081 videtur,
1370 3028 1493 3093 qubd
1510 3029 1685 3077 Lobeta
1705 3032 1814 3078 velit
1836 3031 1996 3078 inunc-

124 3134 132 3144 .
183 3100 329 3147 tiones
358 3095 600 3158 aliquando
635 3113 708 3157 per
740 3093 976 3141 intervalla
1003 3093 1114 3141 fieri.
1159 3096 1204 3141 Si
1236 3097 1449 3159 aegritiia'o,
1479 3096 1625 3158 inquit
1644 3129 1655 3146 ‚
1686 3101 1817 3160 ingene
1836 3098 1997 3156 fuerit,

184 3178 320 3230 egroto
341 3160 538 3208 imbecillo
562 3159 744 3221 existente
758 3198 773 3216 ‚
790 3161 1191 3208 unfflionem'alternis
1217 3159 1352 3208 diebus
1367 3160 1465 3222 fieri
1477 3160 1739 3225 probaverim
1757 3200 1772 3216 ‚
1800 3163 2008 3226 interposi-3

1576 3227 1623 3274 N
1641 3243 1716 3274 nn
1756 3230 1808 3290 iij
