2477 3643
617 125 1044 177 [mxxiv.
1114 127 1385 176 emur
1451 132 1561 175 XI.
1871 148 1960 189 401

337 267 381 318 ξ.
427 259 538 304 ΙΙΙ.
607 259 1143 305 IMPOTENTIA
1197 259 1300 304 AD
1351 258 1768 305 VENEREM.

191 400 256 446 '11
274 402 307 444 Ι.
340 398 610 463 Impotentia
631 398 685 444 ad
705 415 915 446 venerem
949 398 1115 444 morbis
1137 399 1341 446 venereis
1365 399 1622 465 frequenter
1648 400 1804 447 induci
1826 399 1936 448 solet
1955 421 1965 448 ε

141 465 246 512 Nec
268 463 366 510 sane
390 464 601 510 admirari
630 462 745 509 subit
763 498 774 516 ,
797 464 825 509 si
851 465 926 528 qui
948 480 1143 527 pugnant
1165 465 1304 510 acrius
1324 466 1369 510 in
1390 467 1564 513 veneris
1593 467 1734 512 castris
1755 500 1767 518 ,
1795 484 1844 511 ac
1876 466 1969 513 fre-

140 529 382 592 quentiora
407 529 634 593 patiuntur
666 529 878 581 vulnera,
899 529 1065 574 caeteris
1087 528 1212 574 citius
1233 529 1333 574 huic
1354 531 1521 576 militiae
1547 532 1735 592 impares
1767 531 1888 576 fiant.

208 594 383 657 Species
413 609 502 640 tres
526 594 801 658 impotentiae
823 593 1068 639 istiusmodi
1089 592 1375 640 observamus
1394 629 1406 648 ,
1435 600 1619 641 Primam
1636 635 1651 650 ,
1680 596 1724 640 in
1745 595 1830 660 qui
1858 596 1967 641 arri-

140 654 261 719 gitur
295 657 480 721 quidem
511 677 595 705 nec
623 658 850 711 invalide,
874 657 950 704 sed
974 658 1021 705 in
1052 658 1139 720 qufi
1169 659 1337 704 nullum
1355 694 1367 712 ‚
1397 661 1466 706 vel
1488 679 1674 724 paucum
1701 666 1744 707 δε
1772 660 1968 707 fetosum

140 720 293 767 semen
315 723 532 769 emittitur
568 743 579 769 ε
618 728 747 769 Hanc
779 739 886 787 puto
925 722 1120 785 pendere
1142 722 1196 768 ab
1219 725 1483 770 omnimoda}
1505 726 1823 789 constipatione
1857 726 1968 771 due-

140 800 266 831 tuum
287 788 612 834 emiffiiriorum
634 822 646 840 ‚
671 786 832 851 quibus
864 785 1059 833 vesiculae
1086 786 1326 834 seminaria:
1355 795 1398 834 δε
1425 791 1622 853 prostatae
1650 808 1751 836 cum
1788 792 1970 839 urethrzi

137 853 475 899 communicant
492 886 503 905 ,
527 853 723 916 ideoque
743 853 1052 916 praeposteruni
1086 852 1364 916 nimiumque
1397 853 1520 899 usum
1547 855 1836 914 injeetjonum
1872 857 1971 902 for-

139 914 227 960 tius
249 918 581 982 astringentium
612 917 764 981 sequi,
795 933 886 980 quo
923 917 1129 963 nonnulli
1150 917 1206 963 ad
1238 918 1520 982 gonorrhoeae
1550 920 1828 968 curationem
1848 922 1971 968 abuti

139 978 301 1026 solent.

219 1049 414 1092 Alteram
432 1084 445 1100 ‚
474 1045 521 1091 in
544 1045 629 1109 qufi
650 1046 671 1092 ὲ
693 1044 921 1092 contrario
950 1044 1039 1092 fine
1062 1045 1299 1110 voluptatis
1318 1046 1442 1093 sensu
1462 1081 1473 1099 ,
1493 1048 1565 1094 vel
1585 1047 1735 1097 saltem
1756 1068 1857 1097 cum
1874 1050 1973 1097 sen-

141 1107 190 1154 su
215 1128 354 1172 pauco
372 1145 384 1163 ,
408 1109 631 1174 solitoque
658 1109 842 1156 celerius
861 1108 1011 1156 semen
1034 1111 1210 1156 distillat
1229 1145 1241 1163 ,
1263 1110 1415 1158 affecit&
1437 1117 1607 1157 tantum
1640 1116 1833 1162 necdum
1867 1134 1972 1180 pet-

140 1172 257 1219 fest&
284 1176 510 1222 ereEtione
529 1209 541 1228 ‚
570 1175 689 1221 unde
716 1192 907 1239 praeceps
927 1175 1290 1222 &involuntaria
1317 1176 1543 1223 resolutio.
1572 1179 1762 1225 Videtur
1787 1182 1860 1227 ista
1881 1182 1974 1227 ori-

140 1238 181 1285 ri
202 1239 224 1284 εὶ
247 1240 383 1285 nimii
401 1240 612 1286 dudluum
633 1238 896 1286 eorumdem
919 1240 1214 1303 amplitudine
1233 1275 1245 1293 ,
1271 1259 1348 1304 per
1385 1259 1479 1305 quae
1506 1242 1655 1290 semen
1682 1245 1704 1290 ὲ
1735 1262 1973 1310 concepta-

142 1303 251 1349 culis
277 1304 540 1368 exprimitur
574 1303 746 1350 facilius
779 1303 1115 1369 promptiusque
1134 1340 1146 1358 ,
1169 1322 1211 1351 at
1248 1324 1302 1352 ue
1329 1306 1443 1353 adeo
1469 1308 1707 1371 antequalm
1734 1312 1884 1357 omnia
1917 1311 1974 1358 ad

141 1385 252 1431 opus
277 1385 532 1433 comparata
551 1368 646 1414 smr.
679 1369 804 1416 Solet
836 1387 887 1416 ea
919 1370 1192 1434 impotentiae
1240 1371 1385 1435 pecies
1404 1373 1689 1435 gonorrhoeis
1716 1374 1974 1421 diuturnio-

139 1431 263 1479 ribus
304 1432 574 1487 succedere,
605 1433 636 1479 si
661 1432 817 1479 natur&
852 1450 925 1480 aut
956 1450 1225 1498 „egrotorum
1265 1436 1571 1501 negligentia,
1614 1441 1975 1488 contumaciores

148 1495 336 1544 fuerint.

188 1566 377 1608 Tertiam
392 1561 574 1610 demum
594 1595 606 1614 ,
622 1562 670 1608 in
683 1564 769 1626 qufi
787 1563 910 1628 penis
927 1563 1135 1611 flaccidus
1151 1570 1195 1611 δέ
1212 1564 1354 1612 vietus
1371 1567 1484 1628 j'acet
1500 1599 1512 1619 ,
1549 1584 1695 1632 neque
1714 1570 1854 1633 potest
1883 1586 1979 1619 arte

143 1626 229 1673 ull&
260 1627 526 1674 exsuscitari.
560 1630 614 1672 Et
641 1628 733 1673 haec
765 1630 904 1674 multa
931 1630 1143 1693 variaque
1168 1630 1278 1676 vitia
1305 1630 1512 1695 supponit
1541 1632 1724 1679 latentia
1743 1667 1756 1686 ‚
1804 1643 1863 1680 10.
1894 1636 1980 1684 Vel

143 1691 192 1738 in
213 1692 310 1756 ipfis
342 1691 519 1738 seminis
549 1693 878 1757 conceptaculis
896 1728 909 1746 ,
938 1693 1015 1739 ubi
1043 1694 1308 1758 potissmium
1329 1697 1453 1758 viget
1480 1696 1544 1742 rei
1578 1715 1778 1744 venereae
1801 1697 1946 1747 sensus
1963 1734 1980 1754 ‚

144 1773 307 1821 nempe
341 1757 387 1801 in
421 1757 619 1821 prostatis
638 1791 649 1809 ‚
679 1758 966 1821 vesiculisque
994 1758 1241 1805 seminariis
1256 1793 1269 1812 ,
1289 1776 1337 1805 ut
1361 1760 1390 1805 si
1413 1760 1532 1806 callis
1567 1762 1851 1819 induruerint
1869 1799 1882 1818 ,
1904 1782 1982 1812 aut:

144 1821 342 1885 fungosis
363 1822 567 1868 carnibus
590 1823 853 1888 oppleantur
873 1856 886 1875 ,
918 1841 970 1868 ex
991 1841 1082 1886 quo
1104 1822 1320 1870 efficiatur
1341 1841 1389 1870 ut
1415 1825 1439 1870 ὰ
1471 1826 1659 1872 collecsto
1688 1827 1853 1875 semine
1881 1830 1983 1876 nul-

145 1886 343 1939 latentis,
375 1903 447 1932 :tut
480 1883 652 1950 segnius
683 1884 956 1938 afficiantur3
995 1897 1057 1936 2⁰.
1089 1889 1172 1934 Vel
1201 1888 1247 1933 in
1276 1888 1482 1935 musculis
1507 1889 1776 1938 ereOwribus
1803 1910 1876 1939 aut
1905 1914 1982 1940 ac-

145 1952 493 2003 celeratoribus‚
522 1970 716 2015 quorum
742 1952 985 1998 ministerio
1011 1953 1137 2016 virga
1160 1952 1337 2016 rigescit
1362 1959 1406 1999 δε
1433 1955 1633 2000 tenditur
1651 1990 1662 2008 ‚
1693 1973 1739 2002 ut
1765 1957 1794 2002 fi
1820 1960 1906 2004 laxi
1935 1965 1983 2005 &

144 2017 313 2063 inertes
342 2016 395 2062 ad
417 2016 652 2063 erestionis
681 2018 912 2079 negotium
941 2017 1080 2081 inepti
1109 2018 1182 2063 vel
1216 2017 1359 2063 minus
1388 2020 1630 2082 comparati
1660 2020 1770 2066 fint:
1804 2024 1984 2080 Quibus

145 2082 326 2145 fingulis
344 2082 469 2128 noxis
490 2081 606 2128 haud
628 2099 775 2126 rarum
793 2084 851 2127 est
871 2080 1047 2128 seminis
1072 2083 1417 2147 conceptacula,
1438 2083 1746 2150 musculosque
1765 2090 1983 2136 eretffioni

147 2147 416 2195 famulantes
442 2146 465 2191 ἃ
488 2145 616 2192 caus&
634 2146 824 2193 venere&
845 2163 1010 2211 patere.

208 2212 358 2257 Prima
387 2212 661 2276 impotentiae
693 2211 857 2276 species
885 2211 1054 2257 nullam
1083 2210 1263 2257 videtur
1293 2211 1570 2259 curationem
1602 2213 1867 2271 admittere3
1901 2236 1981 2265 nee

147 2294 237 2340 que
258 2276 356 2323 sane
378 2277 486 2322 novi
507 2295 597 2340 quo
617 2277 743 2341 1³2ka
765 2276 982 2322 emissaria
1004 2275 1230 2321 aritiffime
1251 2278 1387 2330 consti
1421 2293 1490 2323 ata
1505 2278 1664 2341 poffint
1684 2280 1847 2326 iterum
1868 2283 1983 2330 rese—

150 2342 256 2387 rari.
294 2345 376 2388 Per
408 2359 479 2387 me
513 2357 660 2387 tamen
702 2341 841 2386 cuivis
868 2341 975 2386 licet
1001 2357 1185 2404 operam
1213 2340 1365 2387 ludere
1385 2374 1396 2393 ‚
1425 2340 1455 2385 sl
1485 2341 1680 2387 lubitum
1709 2344 1874 2400 fuerit,
1901 2348 1977 2395 in-

151 2407 362 2470 jectiones
377 2405 658 2451 emollientes
674 2404 962 2451 immittendo
981 2404 1027 2449 in
1046 2405 1274 2450 urethram
1291 2438 1303 2457 ,
1324 2405 1481 2451 balnea
1499 2414 1572 2451 aut
1586 2406 1825 2474 semicupia
1844 2412 1980 2458 emol-

154 2470 313 2523 lientia
332 2470 584 2533 usurpando
602 2503 614 2521 ,
633 2467 939 2533 cataplasmata
961 2469 1187 2515 malastica
1203 2469 1394 2533 perinaeo
1414 2470 1703 2520 admovendo
1719 2509 1733 2528 ‚
1753 2493 1883 2538 aquas
1903 2477 1983 2523 mi-

152 2535 330 2582 nerales
345 2568 358 2587 ‚
380 2533 619 2599 praesertim
641 2534 901 2598 saponaceas
922 2533 1180 2580 exhibendo
1203 2540 1289 2580 &c.

215 2603 382 2663 Neque
413 2599 621 2646 remediis
641 2598 811 2645 facilius
841 2599 1003 2644 ceffura
1033 2600 1090 2645 est
1106 2601 1324 2663 postrema
1354 2598 1627 2664 impotentiae
1649 2599 1840 2666 species,
1868 2624 1980 2670 prae-

149 2662 306 2710 settim
337 2663 367 2709 si
388 2680 546 2710 contra
567 2663 923 2727 hydrargyrosim
942 2668 1028 2724 jam
1044 2664 1251 2728 pervicax
1282 2664 1433 2710 fuerit.
1475 2670 1549 2714 Ne
1569 2667 1850 2731 quidtamen
1872 2673 1978 2718 reli-

152 2729 232 2791 qui
266 2729 339 2774 fiat
361 2728 485 2793 quod
514 2729 570 2774 ad
591 2729 869 2774 cinationem
894 2729 1118 2792 pertinere
1140 2729 1264 2793 possit
1282 2762 1294 2782 ‚
1326 2730 1476 2776 auetor-
1496 2730 1590 2777 sum
1610 2748 1657 2777 ut
1677 2750 1728 2778 ea
1751 2748 1979 2784 tententur

153 2793 353 2839 remedia
367 2827 380 2846 ,
412 2811 509 2857 quae
527 2794 582 2839 ad
603 2793 737 2840 callos
755 2793 1044 2840 resolvendos
1063 2792 1258 2840 efficacia
1273 2793 1371 2840 sunt
1390 2828 1402 2846 ,
1427 2800 1473 2841 δε
1493 2814 1590 2859 quae
1613 2796 1739 2861 suprzl
1758 2802 1978 2865 propofita

152 2855 257 2903 sunt
285 2859 548 2921 paragrapho
581 2876 610 2903 i.
640 2877 681 2903 n.
712 2875 742 2902 1.
775 2858 829 2904 ad
861 2857 1086 2904 skirrhum
1119 2859 1291 2905 testium
1323 2878 1333 2904 ι
1373 2861 1469 2906 Iino
1503 2877 1552 2906 ut
1585 2860 1709 2926 supra
1739 2865 1980 2926 perinaeum

154 2921 266 2968 fiant
295 2939 508 2984 aquarum
535 2922 818 2969 thermalium
845 2922 1046 2967 stillicida
1072 2922 1147 2967 seu
1176 2922 1440 2969 embroches
1460 2959 1473 2976 ,
1503 2943 1598 2988 quae
1627 2926 1835 2974 adversus
1861 2931 1982 2978 mus-

156 2985 363 3032 culorum
381 2988 628 3032 ereCkorum
649 2992 693 3032 &
713 2986 1058 3032 acceleratorum
1077 2987 1284 3034 inertiam
1304 2989 1507 3035 remedio
1527 2990 1612 3037 effe
1630 2991 1818 3054 poffunt.

214 3055 278 3097 At
311 3052 419 3098 verb
450 3050 555 3097 licet
585 3051 848 3114 plerumque
876 3049 1075 3096 secundae
1105 3050 1378 3116 impotentiae
1409 3052 1571 3117 speciei
1601 3057 1731 3120 paulo
1763 3057 1982 3110 efficacius

157 3116 375 3164 'medicari
394 3150 406 3169 ‚
435 3115 465 3160 fi
496 3115 689 3181 persedit}
721 3115 893 3163 mederi
917 3133 1010 3162 non
1041 3116 1199 3169 detur,
1232 3116 1311 3163 usu
1346 3117 1513 3166 scilicet
1546 3121 1844 3170 remediorum
1881 3144 1983 3172 om·-

158 3182 288 3248 pium
302 3215 317 3238 ,
344 3181 440 3231 tum
462 3181 744 3231 internorum
761 3215 787 3250 ,Ι
803 3180 896 3230 tum
912 3196 1198 3233 externorum
1213 3215 1226 3237 ,
1244 3200 1338 3248 quae
1355 3184 1570 3246 >adversus
1598 3189 1892 3253 gonorrhoeas
1911 3192 1982 3252 {117

1646 3251 1765 3304 E'ee

2017 466 2125 502 tentia
2147 470 2194 506 ad

2016 529 2178 555 venerem

2018 569 2142 615 pendet
2173 572 2192 608 ὲ

2014 621 2121 655 causti
2150 624 2249 662 mul-

2020 671 2145 723 tiplici.

1992 2640 1996 2642 -
2041 2611 2255 2661 Qomodo

2022 2665 2242 2705 medendum

2024 2718 2065 2754 fit
2083 2717 2198 2755 causis
2214 2746 2226 2763 ,

2022 2784 2100 2821 q'dae
2117 2783 2233 2807 ΕΗΓΘ.-

2022 2835 2112 2860 tioni
2129 2835 2200 2858 non

2023 2886 2245 2927 repugnant..
