<?xml version="1.0" encoding="UTF-8"?>
<!DOCTYPE html PUBLIC "-//W3C//DTD XHTML 1.0 Transitional//EN"
    "http://www.w3.org/TR/xhtml1/DTD/xhtml1-transitional.dtd">
<html xmlns="http://www.w3.org/1999/xhtml" xml:lang="en" lang="en">
 <head>
  <title>
</title>
<meta http-equiv="Content-Type" content="text/html;charset=utf-8" />
  <meta name='ocr-system' content='tesseract 3.04.00' />
  <meta name='ocr-capabilities' content='ocr_page ocr_carea ocr_par ocr_line ocrx_word'/>
</head>
<body>
  <div class='ocr_page' id='page_1' title='image "./demorbisvenereis00astr_0323.png"; bbox 0 0 2477 3643; ppageno 0'>
   <div class='ocr_carea' id='block_1_1' title="bbox 663 155 2032 353">
    <p class='ocr_par' dir='ltr' id='par_1_1' title="bbox 663 155 2032 353">
     <span class='ocr_line' id='line_1_1' title="bbox 667 155 2032 221; baseline 0.002 -15"><span class='ocrx_word' id='word_1_1' title='bbox 667 155 1482 207; x_wconf 34' lang='lat' dir='ltr'>annnrxrscravuae</span> <span class='ocrx_word' id='word_1_2' title='bbox 1552 159 1609 206; x_wconf 76' lang='lat' dir='ltr'>X·</span> <span class='ocrx_word' id='word_1_3' title='bbox 1941 162 2032 221; x_wconf 68' lang='lat'>²⁸7</span> 
     </span>
     <span class='ocr_line' id='line_1_2' title="bbox 663 286 1540 353; baseline 0.001 -23"><span class='ocrx_word' id='word_1_4' title='bbox 663 286 1540 353; x_wconf 63' lang='lat' dir='ltr'>‚§.rv.D1A(}N051s.</span> 
     </span>
    </p>
   </div>
   <div class='ocr_carea' id='block_1_2' title="bbox 182 421 2028 3266">
    <p class='ocr_par' dir='ltr' id='par_1_2' title="bbox 190 421 2028 664">
     <span class='ocr_line' id='line_1_3' title="bbox 268 421 2028 490; baseline 0.002 -20"><span class='ocrx_word' id='word_1_5' title='bbox 268 431 330 470; x_wconf 80' lang='lat'>10.</span> <span class='ocrx_word' id='word_1_6' title='bbox 364 423 600 488; x_wconf 72' lang='lat' dir='ltr'>Rhagades</span> <span class='ocrx_word' id='word_1_7' title='bbox 621 423 805 487; x_wconf 85' lang='lat' dir='ltr'>quidem</span> <span class='ocrx_word' id='word_1_8' title='bbox 826 425 921 471; x_wconf 87' lang='lat' dir='ltr'>visu</span> <span class='ocrx_word' id='word_1_9' title='bbox 949 424 1043 471; x_wconf 87' lang='lat' dir='ltr'>solo</span> <span class='ocrx_word' id='word_1_10' title='bbox 1063 422 1193 471; x_wconf 71' lang='lat' dir='ltr'>facile</span> <span class='ocrx_word' id='word_1_11' title='bbox 1214 423 1536 487; x_wconf 81' lang='lat' dir='ltr'>dignoscuntur</span> <span class='ocrx_word' id='word_1_12' title='bbox 1557 438 1610 470; x_wconf 84' lang='lat' dir='ltr'>ex</span> <span class='ocrx_word' id='word_1_13' title='bbox 1635 421 1937 490; x_wconf 84' lang='lat' dir='ltr'>descriptione</span> <span class='ocrx_word' id='word_1_14' title='bbox 1960 427 2028 475; x_wconf 83' lang='lat' dir='ltr'>su-</span> 
     </span>
     <span class='ocr_line' id='line_1_4' title="bbox 190 484 2028 554; baseline 0.002 -20"><span class='ocrx_word' id='word_1_15' title='bbox 190 484 348 552; x_wconf 72' lang='lat' dir='ltr'>¹petius</span> <span class='ocrx_word' id='word_1_16' title='bbox 380 490 540 535; x_wconf 60' lang='lat' dir='ltr'>tradita</span> <span class='ocrx_word' id='word_1_17' title='bbox 559 523 571 541; x_wconf 92' lang='lat'><em>,</em></span> <span class='ocrx_word' id='word_1_18' title='bbox 604 488 704 535; x_wconf 74' lang='lat' dir='ltr'>cum</span> <span class='ocrx_word' id='word_1_19' title='bbox 743 489 859 536; x_wconf 83' lang='lat' dir='ltr'>suam</span> <span class='ocrx_word' id='word_1_20' title='bbox 885 490 1053 553; x_wconf 79' lang='lat' dir='ltr'>sibique</span> <span class='ocrx_word' id='word_1_21' title='bbox 1080 489 1307 553; x_wconf 80' lang='lat' dir='ltr'>propriam</span> <span class='ocrx_word' id='word_1_22' title='bbox 1334 504 1535 533; x_wconf 75' lang='lat' dir='ltr'>naturam</span> <span class='ocrx_word' id='word_1_23' title='bbox 1565 486 1759 536; x_wconf 81' lang='lat' dir='ltr'>habeant</span> <span class='ocrx_word' id='word_1_24' title='bbox 1778 524 1790 542; x_wconf 83' lang='lat'>,</span> <span class='ocrx_word' id='word_1_25' title='bbox 1811 508 1904 554; x_wconf 74' lang='lat' dir='ltr'>quae</span> <span class='ocrx_word' id='word_1_26' title='bbox 1929 510 2028 541; x_wconf 83' lang='lat' dir='ltr'>cum</span> 
     </span>
     <span class='ocr_line' id='line_1_5' title="bbox 196 550 2028 605; baseline 0.003 -7"><span class='ocrx_word' id='word_1_27' title='bbox 196 552 319 598; x_wconf 88' lang='lat' dir='ltr'>nullo</span> <span class='ocrx_word' id='word_1_28' title='bbox 340 553 424 599; x_wconf 85' lang='lat' dir='ltr'>alio</span> <span class='ocrx_word' id='word_1_29' title='bbox 448 551 520 599; x_wconf 63' lang='lat' dir='ltr'>&#39;ani</span> <span class='ocrx_word' id='word_1_30' title='bbox 543 551 700 600; x_wconf 62' lang='lat' dir='ltr'>affectu</span> <span class='ocrx_word' id='word_1_31' title='bbox 720 555 967 599; x_wconf 83' lang='lat' dir='ltr'>communis</span> <span class='ocrx_word' id='word_1_32' title='bbox 990 554 1049 599; x_wconf 81' lang='lat' dir='ltr'>sit.</span> <span class='ocrx_word' id='word_1_33' title='bbox 1091 556 1148 598; x_wconf 85' lang='lat' dir='ltr'>At</span> <span class='ocrx_word' id='word_1_34' title='bbox 1171 553 1280 600; x_wconf 72' lang='lat' dir='ltr'>vero</span> <span class='ocrx_word' id='word_1_35' title='bbox 1308 553 1440 599; x_wconf 84' lang='lat' dir='ltr'>cristae</span> <span class='ocrx_word' id='word_1_36' title='bbox 1470 557 1516 598; x_wconf 67' lang='grc' dir='ltr'>δέ</span> <span class='ocrx_word' id='word_1_37' title='bbox 1545 550 1737 599; x_wconf 84' lang='lat' dir='ltr'>mariscae</span> <span class='ocrx_word' id='word_1_38' title='bbox 1766 554 1909 602; x_wconf 82' lang='lat' dir='ltr'>solent</span> <span class='ocrx_word' id='word_1_39' title='bbox 1935 556 2028 605; x_wconf 83' lang='lat' dir='ltr'>non</span> 
     </span>
     <span class='ocr_line' id='line_1_6' title="bbox 200 617 1113 664; baseline 0.001 -3"><span class='ocrx_word' id='word_1_40' title='bbox 200 618 300 662; x_wconf 73' lang='lat' dir='ltr'>raro</span> <span class='ocrx_word' id='word_1_41' title='bbox 322 635 422 663; x_wconf 87' lang='lat' dir='ltr'>cum</span> <span class='ocrx_word' id='word_1_42' title='bbox 447 618 853 664; x_wconf 63' lang='lat' dir='ltr'>liaemor1·hoidibus</span> <span class='ocrx_word' id='word_1_43' title='bbox 878 617 1113 664; x_wconf 83' lang='lat' dir='ltr'>confundi.</span> 
     </span>
    </p>

    <p class='ocr_par' dir='ltr' id='par_1_3' title="bbox 188 680 2026 1115">
     <span class='ocr_line' id='line_1_7' title="bbox 261 680 2026 747; baseline 0.004 -22"><span class='ocrx_word' id='word_1_44' title='bbox 261 683 322 726; x_wconf 83' lang='lat'>2⁰.</span> <span class='ocrx_word' id='word_1_45' title='bbox 356 683 506 739; x_wconf 67' lang='lat' dir='ltr'>Cristae</span> <span class='ocrx_word' id='word_1_46' title='bbox 534 701 678 730; x_wconf 77' lang='lat' dir='ltr'>tamen</span> <span class='ocrx_word' id='word_1_47' title='bbox 712 717 723 735; x_wconf 89' lang='lat'>‚</span> <span class='ocrx_word' id='word_1_48' title='bbox 757 683 784 729; x_wconf 80' lang='lat' dir='ltr'>si</span> <span class='ocrx_word' id='word_1_49' title='bbox 818 684 1025 747; x_wconf 76' lang='lat' dir='ltr'>legitimae</span> <span class='ocrx_word' id='word_1_50' title='bbox 1059 681 1140 727; x_wconf 79' lang='lat' dir='ltr'>sint</span> <span class='ocrx_word' id='word_1_51' title='bbox 1162 714 1173 733; x_wconf 90' lang='lat'>,</span> <span class='ocrx_word' id='word_1_52' title='bbox 1194 680 1368 745; x_wconf 80' lang='lat' dir='ltr'>possunt</span> <span class='ocrx_word' id='word_1_53' title='bbox 1399 681 1452 728; x_wconf 84' lang='lat' dir='ltr'>ab</span> <span class='ocrx_word' id='word_1_54' title='bbox 1478 680 1883 731; x_wconf 81' lang='lat' dir='ltr'>haemorrhoidibus</span> <span class='ocrx_word' id='word_1_55' title='bbox 1921 685 2026 732; x_wconf 75' lang='lat' dir='ltr'>ideo</span> 
     </span>
     <span class='ocr_line' id='line_1_8' title="bbox 189 742 2024 813; baseline 0.004 -23"><span class='ocrx_word' id='word_1_56' title='bbox 189 742 402 809; x_wconf 87' lang='lat' dir='ltr'>distingui</span> <span class='ocrx_word' id='word_1_57' title='bbox 421 781 433 801; x_wconf 90' lang='lat'>,</span> <span class='ocrx_word' id='word_1_58' title='bbox 454 748 576 811; x_wconf 73' lang='lat' dir='ltr'>quod</span> <span class='ocrx_word' id='word_1_59' title='bbox 597 747 696 813; x_wconf 73' lang='lat' dir='ltr'>ipsse</span> <span class='ocrx_word' id='word_1_60' title='bbox 718 764 871 795; x_wconf 85' lang='lat' dir='ltr'>tenues</span> <span class='ocrx_word' id='word_1_61' title='bbox 897 748 977 793; x_wconf 91' lang='lat' dir='ltr'>s1nt</span> <span class='ocrx_word' id='word_1_62' title='bbox 1001 753 1045 793; x_wconf 68' lang='grc' dir='ltr'>δε</span> <span class='ocrx_word' id='word_1_63' title='bbox 1077 747 1199 792; x_wconf 71' lang='lat' dir='ltr'>mere</span> <span class='ocrx_word' id='word_1_64' title='bbox 1227 764 1416 793; x_wconf 80' lang='lat' dir='ltr'>cutaneae</span> <span class='ocrx_word' id='word_1_65' title='bbox 1433 781 1446 798; x_wconf 86' lang='lat'>,</span> <span class='ocrx_word' id='word_1_66' title='bbox 1467 746 1669 810; x_wconf 78' lang='lat' dir='ltr'><strong>nihilque</strong></span> <span class='ocrx_word' id='word_1_67' title='bbox 1703 749 2024 797; x_wconf 87' lang='lat' dir='ltr'>intermedium</span> 
     </span>
     <span class='ocr_line' id='line_1_9' title="bbox 189 810 2024 874; baseline 0.004 -20"><span class='ocrx_word' id='word_1_68' title='bbox 189 811 577 874; x_wconf 74' lang='lat' dir='ltr'>comprehendant</span> <span class='ocrx_word' id='word_1_69' title='bbox 598 813 796 859; x_wconf 56' lang='lat' dir='ltr'>:Contra</span> <span class='ocrx_word' id='word_1_70' title='bbox 832 813 940 859; x_wconf 72' lang='lat' dir='ltr'>verb</span> <span class='ocrx_word' id='word_1_71' title='bbox 970 811 1348 863; x_wconf 83' lang='lat' dir='ltr'>haemorrhoides,</span> <span class='ocrx_word' id='word_1_72' title='bbox 1382 827 1623 874; x_wconf 85' lang='lat' dir='ltr'>utcumque</span> <span class='ocrx_word' id='word_1_73' title='bbox 1657 810 1836 861; x_wconf 84' lang='lat' dir='ltr'>subtiles</span> <span class='ocrx_word' id='word_1_74' title='bbox 1864 814 1946 861; x_wconf 86' lang='lat' dir='ltr'>fint</span> <span class='ocrx_word' id='word_1_75' title='bbox 1977 821 2024 868; x_wconf 66' lang='grc' dir='ltr'>ὃς</span> 
     </span>
     <span class='ocr_line' id='line_1_10' title="bbox 188 873 2023 941; baseline 0.004 -21"><span class='ocrx_word' id='word_1_76' title='bbox 188 873 438 935; x_wconf 80' lang='lat' dir='ltr'>cristifbrmes</span> <span class='ocrx_word' id='word_1_77' title='bbox 456 917 469 933; x_wconf 90' lang='lat'><em>‚</em></span> <span class='ocrx_word' id='word_1_78' title='bbox 500 877 722 924; x_wconf 84' lang='lat' dir='ltr'>craffiores</span> <span class='ocrx_word' id='word_1_79' title='bbox 755 877 840 924; x_wconf 77' lang='lat' dir='ltr'>effe</span> <span class='ocrx_word' id='word_1_80' title='bbox 863 877 1058 928; x_wconf 81' lang='lat' dir='ltr'>soleant,</span> <span class='ocrx_word' id='word_1_81' title='bbox 1084 881 1128 921; x_wconf 63' lang='grc' dir='ltr'>δι’</span> <span class='ocrx_word' id='word_1_82' title='bbox 1147 876 1258 939; x_wconf 83' lang='lat' dir='ltr'>quid</span> <span class='ocrx_word' id='word_1_83' title='bbox 1288 876 1423 921; x_wconf 88' lang='lat' dir='ltr'>molle</span> <span class='ocrx_word' id='word_1_84' title='bbox 1451 894 1499 920; x_wconf 81' lang='lat' dir='ltr'>ac</span> <span class='ocrx_word' id='word_1_85' title='bbox 1532 877 1764 941; x_wconf 83' lang='lat' dir='ltr'>pulposum</span> <span class='ocrx_word' id='word_1_86' title='bbox 1796 881 1843 925; x_wconf 87' lang='lat' dir='ltr'>in</span> <span class='ocrx_word' id='word_1_87' title='bbox 1872 881 2023 927; x_wconf 89' lang='lat' dir='ltr'>medio</span> 
     </span>
     <span class='ocr_line' id='line_1_11' title="bbox 188 937 2024 1005; baseline 0.005 -22"><span class='ocrx_word' id='word_1_88' title='bbox 188 937 359 1004; x_wconf 78' lang='lat' dir='ltr'>semper</span> <span class='ocrx_word' id='word_1_89' title='bbox 381 943 731 1004; x_wconf 68' lang='lat' dir='ltr'>complectantur</span> <span class='ocrx_word' id='word_1_90' title='bbox 748 977 760 995; x_wconf 83' lang='lat'>,</span> <span class='ocrx_word' id='word_1_91' title='bbox 784 942 1016 988; x_wconf 83' lang='lat' dir='ltr'>cincinnos</span> <span class='ocrx_word' id='word_1_92' title='bbox 1050 941 1213 986; x_wconf 85' lang='lat' dir='ltr'>scilicet</span> <span class='ocrx_word' id='word_1_93' title='bbox 1247 941 1301 986; x_wconf 82' lang='lat' dir='ltr'>ad</span> <span class='ocrx_word' id='word_1_94' title='bbox 1330 941 1472 985; x_wconf 88' lang='lat' dir='ltr'>minus</span> <span class='ocrx_word' id='word_1_95' title='bbox 1490 975 1502 992; x_wconf 84' lang='lat'>‚</span> <span class='ocrx_word' id='word_1_96' title='bbox 1529 942 1813 1005; x_wconf 80' lang='lat' dir='ltr'>capreolosve</span> <span class='ocrx_word' id='word_1_97' title='bbox 1842 946 2024 992; x_wconf 79' lang='lat' dir='ltr'>arteria-</span> 
     </span>
     <span class='ocr_line' id='line_1_12' title="bbox 190 1004 2023 1075; baseline 0.005 -28"><span class='ocrx_word' id='word_1_98' title='bbox 190 1021 291 1048; x_wconf 85' lang='lat' dir='ltr'>rum</span> <span class='ocrx_word' id='word_1_99' title='bbox 311 1007 669 1054; x_wconf 75' lang='lat' dir='ltr'>anevrismalium</span> <span class='ocrx_word' id='word_1_100' title='bbox 694 1025 968 1063; x_wconf 79' lang='lat' dir='ltr'>venarumve</span> <span class='ocrx_word' id='word_1_101' title='bbox 1003 1004 1306 1055; x_wconf 74' lang='lat' dir='ltr'>varicosatum</span> <span class='ocrx_word' id='word_1_102' title='bbox 1328 1039 1340 1058; x_wconf 91' lang='lat'>,</span> <span class='ocrx_word' id='word_1_103' title='bbox 1361 1023 1548 1068; x_wconf 84' lang='lat' dir='ltr'>quarum</span> <span class='ocrx_word' id='word_1_104' title='bbox 1568 1006 1830 1055; x_wconf 79' lang='lat' dir='ltr'>dilatatione</span> <span class='ocrx_word' id='word_1_105' title='bbox 1850 1011 2023 1075; x_wconf 81' lang='lat' dir='ltr'>produ-</span> 
     </span>
     <span class='ocr_line' id='line_1_13' title="bbox 192 1084 368 1115; baseline 0.011 -2"><span class='ocrx_word' id='word_1_106' title='bbox 192 1084 368 1115; x_wconf 84' lang='lat' dir='ltr'>cuntur.</span> 
     </span>
    </p>

    <p class='ocr_par' dir='ltr' id='par_1_4' title="bbox 259 1132 2025 1198">
     <span class='ocr_line' id='line_1_14' title="bbox 259 1132 2025 1198; baseline 0.004 -19"><span class='ocrx_word' id='word_1_107' title='bbox 259 1140 320 1194; x_wconf 81' lang='lat'>30.</span> <span class='ocrx_word' id='word_1_108' title='bbox 357 1138 491 1181; x_wconf 84' lang='lat' dir='ltr'>Mora</span> <span class='ocrx_word' id='word_1_109' title='bbox 510 1136 619 1182; x_wconf 73' lang='lat' dir='ltr'>verb</span> <span class='ocrx_word' id='word_1_110' title='bbox 644 1170 656 1189; x_wconf 89' lang='lat'>,</span> <span class='ocrx_word' id='word_1_111' title='bbox 685 1134 809 1198; x_wconf 84' lang='lat' dir='ltr'>fraga</span> <span class='ocrx_word' id='word_1_112' title='bbox 832 1169 844 1187; x_wconf 84' lang='lat'>,</span> <span class='ocrx_word' id='word_1_113' title='bbox 866 1134 937 1180; x_wconf 84' lang='lat' dir='ltr'>fici</span> <span class='ocrx_word' id='word_1_114' title='bbox 959 1139 1005 1180; x_wconf 86' lang='lat'>&amp;</span> <span class='ocrx_word' id='word_1_115' title='bbox 1029 1134 1220 1180; x_wconf 83' lang='lat' dir='ltr'>mariscae</span> <span class='ocrx_word' id='word_1_116' title='bbox 1247 1133 1301 1180; x_wconf 81' lang='lat' dir='ltr'>ab</span> <span class='ocrx_word' id='word_1_117' title='bbox 1321 1132 1725 1183; x_wconf 75' lang='lat' dir='ltr'>haemorrhoidibus</span> <span class='ocrx_word' id='word_1_118' title='bbox 1744 1136 1791 1183; x_wconf 91' lang='lat' dir='ltr'>in</span> <span class='ocrx_word' id='word_1_119' title='bbox 1815 1156 1869 1184; x_wconf 91' lang='lat' dir='ltr'>eo</span> <span class='ocrx_word' id='word_1_120' title='bbox 1892 1138 2025 1187; x_wconf 85' lang='lat' dir='ltr'>diffe-</span> 
     </span>
    </p>

    <p class='ocr_par' dir='ltr' id='par_1_5' title="bbox 182 1197 2025 1846">
     <span class='ocr_line' id='line_1_15' title="bbox 190 1197 2023 1263; baseline 0.005 -21"><span class='ocrx_word' id='word_1_121' title='bbox 190 1213 318 1250; x_wconf 88' lang='lat' dir='ltr'>runt,</span> <span class='ocrx_word' id='word_1_122' title='bbox 340 1199 462 1262; x_wconf 72' lang='lat' dir='ltr'>quod</span> <span class='ocrx_word' id='word_1_123' title='bbox 487 1202 792 1246; x_wconf 82' lang='lat' dir='ltr'>excrescentiae</span> <span class='ocrx_word' id='word_1_124' title='bbox 828 1199 1134 1261; x_wconf 88' lang='lat' dir='ltr'>hujuscemodi</span> <span class='ocrx_word' id='word_1_125' title='bbox 1162 1197 1356 1262; x_wconf 68' lang='lat' dir='ltr'>globosae</span> <span class='ocrx_word' id='word_1_126' title='bbox 1373 1231 1384 1249; x_wconf 84' lang='lat'>‚</span> <span class='ocrx_word' id='word_1_127' title='bbox 1420 1199 1615 1262; x_wconf 81' lang='lat' dir='ltr'>capitatae</span> <span class='ocrx_word' id='word_1_128' title='bbox 1637 1234 1649 1252; x_wconf 87' lang='lat'>‚</span> <span class='ocrx_word' id='word_1_129' title='bbox 1676 1203 1872 1263; x_wconf 80' lang='lat' dir='ltr'>granosae</span> <span class='ocrx_word' id='word_1_130' title='bbox 1898 1206 2023 1251; x_wconf 88' lang='lat' dir='ltr'>tenui</span> 
     </span>
     <span class='ocr_line' id='line_1_16' title="bbox 190 1262 2022 1328; baseline 0.004 -21"><span class='ocrx_word' id='word_1_131' title='bbox 190 1264 405 1326; x_wconf 75' lang='lat' dir='ltr'>teretique</span> <span class='ocrx_word' id='word_1_132' title='bbox 435 1265 644 1328; x_wconf 82' lang='lat' dir='ltr'>pediculo</span> <span class='ocrx_word' id='word_1_133' title='bbox 664 1264 837 1328; x_wconf 87' lang='lat' dir='ltr'>podicis</span> <span class='ocrx_word' id='word_1_134' title='bbox 859 1265 1048 1328; x_wconf 78' lang='lat' dir='ltr'>margini</span> <span class='ocrx_word' id='word_1_135' title='bbox 1071 1262 1393 1313; x_wconf 73' lang='lat' dir='ltr'>adhaerescant3</span> <span class='ocrx_word' id='word_1_136' title='bbox 1421 1264 1577 1309; x_wconf 63' lang='lat' dir='ltr'>contra</span> <span class='ocrx_word' id='word_1_137' title='bbox 1598 1267 1707 1311; x_wconf 75' lang='lat' dir='ltr'>vero</span> <span class='ocrx_word' id='word_1_138' title='bbox 1726 1266 2022 1315; x_wconf 75' lang='lat' dir='ltr'>liaemorrhoi-</span> 
     </span>
     <span class='ocr_line' id='line_1_17' title="bbox 194 1322 2023 1393; baseline 0.005 -22"><span class='ocrx_word' id='word_1_139' title='bbox 194 1326 272 1373; x_wconf 90' lang='lat' dir='ltr'>des</span> <span class='ocrx_word' id='word_1_140' title='bbox 289 1328 523 1392; x_wconf 80' lang='lat' dir='ltr'>cuspidatae</span> <span class='ocrx_word' id='word_1_141' title='bbox 539 1363 550 1381; x_wconf 85' lang='lat'>‚</span> <span class='ocrx_word' id='word_1_142' title='bbox 567 1328 783 1392; x_wconf 79' lang='lat' dir='ltr'>angulosa:</span> <span class='ocrx_word' id='word_1_143' title='bbox 799 1363 810 1381; x_wconf 87' lang='lat'>,</span> <span class='ocrx_word' id='word_1_144' title='bbox 827 1328 1057 1393; x_wconf 83' lang='lat' dir='ltr'>superficie</span> <span class='ocrx_word' id='word_1_145' title='bbox 1073 1322 1367 1377; x_wconf 72' lang='lat' dir='ltr'>laevioreslint</span> <span class='ocrx_word' id='word_1_146' title='bbox 1384 1361 1398 1380; x_wconf 88' lang='grc'>,</span> <span class='ocrx_word' id='word_1_147' title='bbox 1414 1333 1456 1373; x_wconf 87' lang='lat'>&amp;</span> <span class='ocrx_word' id='word_1_148' title='bbox 1473 1329 1733 1392; x_wconf 85' lang='lat' dir='ltr'>plerumque</span> <span class='ocrx_word' id='word_1_149' title='bbox 1754 1332 1914 1381; x_wconf 82' lang='lat' dir='ltr'>latiore</span> <span class='ocrx_word' id='word_1_150' title='bbox 1935 1334 2023 1380; x_wconf 80' lang='lat' dir='ltr'>basi</span> 
     </span>
     <span class='ocr_line' id='line_1_18' title="bbox 186 1390 1092 1458; baseline 0.002 -22"><span class='ocrx_word' id='word_1_151' title='bbox 186 1390 245 1436; x_wconf 82' lang='lat' dir='ltr'>ab</span> <span class='ocrx_word' id='word_1_152' title='bbox 271 1409 356 1438; x_wconf 79' lang='lat' dir='ltr'>ano</span> <span class='ocrx_word' id='word_1_153' title='bbox 387 1393 457 1439; x_wconf 89' lang='lat' dir='ltr'>vel</span> <span class='ocrx_word' id='word_1_154' title='bbox 479 1393 551 1438; x_wconf 82' lang='lat' dir='ltr'>ani</span> <span class='ocrx_word' id='word_1_155' title='bbox 572 1394 774 1457; x_wconf 77' lang='lat' dir='ltr'>margine</span> <span class='ocrx_word' id='word_1_156' title='bbox 795 1394 1092 1458; x_wconf 81' lang='lat' dir='ltr'>dependeant.</span> 
     </span>
     <span class='ocr_line' id='line_1_19' title="bbox 191 1457 2023 1514; baseline 0.003 -13"><span class='ocrx_word' id='word_1_157' title='bbox 191 1494 196 1507; x_wconf 83' lang='grc'>.,</span> <span class='ocrx_word' id='word_1_158' title='bbox 254 1463 316 1514; x_wconf 84' lang='lat'>4⁹.</span> <span class='ocrx_word' id='word_1_159' title='bbox 347 1457 487 1505; x_wconf 83' lang='lat' dir='ltr'>Facile</span> <span class='ocrx_word' id='word_1_160' title='bbox 510 1459 568 1505; x_wconf 87' lang='lat' dir='ltr'>est</span> <span class='ocrx_word' id='word_1_161' title='bbox 600 1458 912 1504; x_wconf 87' lang='lat' dir='ltr'>conditionem</span> <span class='ocrx_word' id='word_1_162' title='bbox 940 1460 1154 1505; x_wconf 82' lang='lat' dir='ltr'>statumve</span> <span class='ocrx_word' id='word_1_163' title='bbox 1176 1457 1428 1510; x_wconf 82' lang='lat' dir='ltr'>cristarum,</span> <span class='ocrx_word' id='word_1_164' title='bbox 1452 1475 1684 1506; x_wconf 84' lang='lat' dir='ltr'>mororum</span> <span class='ocrx_word' id='word_1_165' title='bbox 1702 1493 1715 1511; x_wconf 84' lang='lat'>‚</span> <span class='ocrx_word' id='word_1_166' title='bbox 1739 1460 2023 1508; x_wconf 60' lang='lat' dir='ltr'>matisc-arum</span> 
     </span>
     <span class='ocr_line' id='line_1_20' title="bbox 187 1519 2024 1588; baseline 0.004 -23"><span class='ocrx_word' id='word_1_167' title='bbox 187 1519 495 1585; x_wconf 76' lang='lat' dir='ltr'>rhagadumve</span> <span class='ocrx_word' id='word_1_168' title='bbox 529 1522 795 1585; x_wconf 84' lang='lat' dir='ltr'>dignoscere</span> <span class='ocrx_word' id='word_1_169' title='bbox 824 1522 918 1569; x_wconf 91' lang='lat' dir='ltr'>visu</span> <span class='ocrx_word' id='word_1_170' title='bbox 962 1526 1165 1587; x_wconf 62' lang='lat' dir='ltr'>tactuque</span> <span class='ocrx_word' id='word_1_171' title='bbox 1190 1556 1203 1574; x_wconf 86' lang='lat'>‚</span> <span class='ocrx_word' id='word_1_172' title='bbox 1239 1522 1309 1569; x_wconf 91' lang='lat' dir='ltr'>vel</span> <span class='ocrx_word' id='word_1_173' title='bbox 1340 1523 1396 1568; x_wconf 83' lang='lat' dir='ltr'>ad</span> <span class='ocrx_word' id='word_1_174' title='bbox 1425 1522 1643 1570; x_wconf 87' lang='lat' dir='ltr'>summum</span> <span class='ocrx_word' id='word_1_175' title='bbox 1674 1523 1857 1588; x_wconf 87' lang='lat' dir='ltr'>specillo</span> <span class='ocrx_word' id='word_1_176' title='bbox 1887 1545 1895 1571; x_wconf 93' lang='lat'>:</span> <span class='ocrx_word' id='word_1_177' title='bbox 1921 1531 2024 1573; x_wconf 77' lang='lat' dir='ltr'>Vin</span> 
     </span>
     <span class='ocr_line' id='line_1_21' title="bbox 187 1586 2022 1652; baseline 0.003 -20"><span class='ocrx_word' id='word_1_178' title='bbox 187 1603 352 1650; x_wconf 79' lang='lat' dir='ltr'>nempe</span> <span class='ocrx_word' id='word_1_179' title='bbox 385 1620 398 1639; x_wconf 83' lang='lat'>‚</span> <span class='ocrx_word' id='word_1_180' title='bbox 431 1590 594 1633; x_wconf 54' lang='lat' dir='ltr'>tastum</span> <span class='ocrx_word' id='word_1_181' title='bbox 628 1607 682 1633; x_wconf 86' lang='lat' dir='ltr'>an</span> <span class='ocrx_word' id='word_1_182' title='bbox 715 1588 898 1640; x_wconf 87' lang='lat' dir='ltr'>molles,</span> <span class='ocrx_word' id='word_1_183' title='bbox 937 1588 1130 1639; x_wconf 82' lang='lat' dir='ltr'>callosae,</span> <span class='ocrx_word' id='word_1_184' title='bbox 1156 1586 1465 1640; x_wconf 73' lang='lat' dir='ltr'>inflammatae,</span> <span class='ocrx_word' id='word_1_185' title='bbox 1494 1587 1764 1652; x_wconf 57' lang='lat' dir='ltr'>suppurataes</span> <span class='ocrx_word' id='word_1_186' title='bbox 1789 1591 2022 1645; x_wconf 78' lang='lat' dir='ltr'>ulcerosae,</span> 
     </span>
     <span class='ocr_line' id='line_1_22' title="bbox 182 1651 2022 1717; baseline 0.003 -22"><span class='ocrx_word' id='word_1_187' title='bbox 182 1651 577 1697; x_wconf 81' lang='lat' dir='ltr'>carcinomatodes</span> <span class='ocrx_word' id='word_1_188' title='bbox 595 1686 608 1704; x_wconf 87' lang='lat'>‚</span> <span class='ocrx_word' id='word_1_189' title='bbox 630 1652 883 1717; x_wconf 77' lang='lat' dir='ltr'>sphacelatae</span> <span class='ocrx_word' id='word_1_190' title='bbox 904 1651 986 1698; x_wconf 84' lang='lat' dir='ltr'>fint</span> <span class='ocrx_word' id='word_1_191' title='bbox 1009 1654 1197 1716; x_wconf 66' lang='lat' dir='ltr'>2specill0</span> <span class='ocrx_word' id='word_1_192' title='bbox 1215 1653 1324 1698; x_wconf 73' lang='lat' dir='ltr'>verb</span> <span class='ocrx_word' id='word_1_193' title='bbox 1341 1670 1395 1697; x_wconf 88' lang='lat' dir='ltr'>an</span> <span class='ocrx_word' id='word_1_194' title='bbox 1424 1670 1560 1704; x_wconf 82' lang='lat' dir='ltr'>cavae3</span> <span class='ocrx_word' id='word_1_195' title='bbox 1583 1658 1627 1698; x_wconf 72' lang='grc' dir='ltr'>δε</span> <span class='ocrx_word' id='word_1_196' title='bbox 1648 1653 1677 1697; x_wconf 91' lang='lat' dir='ltr'>s1</span> <span class='ocrx_word' id='word_1_197' title='bbox 1699 1671 1811 1699; x_wconf 79' lang='lat' dir='ltr'>cavae</span> <span class='ocrx_word' id='word_1_198' title='bbox 1826 1655 2022 1709; x_wconf 87' lang='lat' dir='ltr'>fuerint,</span> 
     </span>
     <span class='ocr_line' id='line_1_23' title="bbox 189 1714 2025 1782; baseline 0.003 -21"><span class='ocrx_word' id='word_1_199' title='bbox 189 1732 249 1762; x_wconf 77' lang='lat' dir='ltr'>an</span> <span class='ocrx_word' id='word_1_200' title='bbox 269 1733 348 1782; x_wconf 89' lang='lat' dir='ltr'>per</span> <span class='ocrx_word' id='word_1_201' title='bbox 371 1714 505 1761; x_wconf 75' lang='lat' dir='ltr'>bafim</span> <span class='ocrx_word' id='word_1_202' title='bbox 526 1716 921 1763; x_wconf 80' lang='lat' dir='ltr'>foraminulentam</span> <span class='ocrx_word' id='word_1_203' title='bbox 941 1717 1152 1763; x_wconf 89' lang='lat' dir='ltr'>fistulosos</span> <span class='ocrx_word' id='word_1_204' title='bbox 1171 1716 1405 1779; x_wconf 61' lang='lat' dir='ltr'>cuniculos</span> <span class='ocrx_word' id='word_1_205' title='bbox 1417 1717 1501 1763; x_wconf 77' lang='lat' dir='ltr'>alte</span> <span class='ocrx_word' id='word_1_206' title='bbox 1520 1718 1694 1781; x_wconf 85' lang='lat' dir='ltr'>egerint</span> <span class='ocrx_word' id='word_1_207' title='bbox 1721 1736 1862 1766; x_wconf 78' lang='lat' dir='ltr'>necne</span> <span class='ocrx_word' id='word_1_208' title='bbox 1883 1753 1896 1773; x_wconf 85' lang='lat'>‚</span> <span class='ocrx_word' id='word_1_209' title='bbox 1915 1727 1959 1766; x_wconf 58' lang='grc' dir='ltr'>ὃς</span> <span class='ocrx_word' id='word_1_210' title='bbox 1977 1721 2025 1766; x_wconf 90' lang='lat' dir='ltr'>in</span> 
     </span>
     <span class='ocr_line' id='line_1_24' title="bbox 185 1781 990 1846; baseline 0.004 -21"><span class='ocrx_word' id='word_1_211' title='bbox 185 1798 325 1846; x_wconf 80' lang='lat' dir='ltr'>quam</span> <span class='ocrx_word' id='word_1_212' title='bbox 346 1782 520 1844; x_wconf 84' lang='lat' dir='ltr'>egerint</span> <span class='ocrx_word' id='word_1_213' title='bbox 545 1781 636 1827; x_wconf 91' lang='lat' dir='ltr'>loci</span> <span class='ocrx_word' id='word_1_214' title='bbox 653 1781 954 1829; x_wconf 84' lang='lat' dir='ltr'>differentiam</span> <span class='ocrx_word' id='word_1_215' title='bbox 978 1794 990 1828; x_wconf 70' lang='grc' dir='ltr'><strong>ἓ</strong></span> 
     </span>
    </p>

    <p class='ocr_par' dir='ltr' id='par_1_6' title="bbox 185 1843 2027 2170">
     <span class='ocr_line' id='line_1_25' title="bbox 257 1843 2025 1913; baseline 0.003 -23"><span class='ocrx_word' id='word_1_216' title='bbox 257 1847 317 1908; x_wconf 82' lang='lat'>5⁰.</span> <span class='ocrx_word' id='word_1_217' title='bbox 348 1843 584 1892; x_wconf 71' lang='lat' dir='ltr'>Difficilius</span> <span class='ocrx_word' id='word_1_218' title='bbox 611 1848 670 1893; x_wconf 88' lang='lat' dir='ltr'>est</span> <span class='ocrx_word' id='word_1_219' title='bbox 700 1847 824 1893; x_wconf 71' lang='lat' dir='ltr'>certo</span> <span class='ocrx_word' id='word_1_220' title='bbox 855 1864 1011 1893; x_wconf 87' lang='lat' dir='ltr'>eruere</span> <span class='ocrx_word' id='word_1_221' title='bbox 1039 1863 1095 1892; x_wconf 85' lang='lat' dir='ltr'>an</span> <span class='ocrx_word' id='word_1_222' title='bbox 1115 1845 1247 1891; x_wconf 83' lang='lat' dir='ltr'>cristae</span> <span class='ocrx_word' id='word_1_223' title='bbox 1268 1879 1280 1898; x_wconf 85' lang='lat'>‚</span> <span class='ocrx_word' id='word_1_224' title='bbox 1308 1864 1434 1892; x_wconf 85' lang='lat' dir='ltr'>mora</span> <span class='ocrx_word' id='word_1_225' title='bbox 1463 1879 1474 1898; x_wconf 90' lang='lat'>,</span> <span class='ocrx_word' id='word_1_226' title='bbox 1504 1846 1697 1893; x_wconf 85' lang='lat' dir='ltr'>mariscae</span> <span class='ocrx_word' id='word_1_227' title='bbox 1722 1847 2025 1913; x_wconf 80' lang='lat' dir='ltr'>rhagadesque</span> 
     </span>
     <span class='ocr_line' id='line_1_26' title="bbox 188 1908 2025 1975; baseline 0.003 -20"><span class='ocrx_word' id='word_1_228' title='bbox 188 1908 248 1956; x_wconf 82' lang='lat' dir='ltr'>ab</span> <span class='ocrx_word' id='word_1_229' title='bbox 282 1911 430 1956; x_wconf 54' lang='lat' dir='ltr'>avers&amp;</span> <span class='ocrx_word' id='word_1_230' title='bbox 463 1910 766 1975; x_wconf 59' lang='lat' dir='ltr'>probrosaque</span> <span class='ocrx_word' id='word_1_231' title='bbox 791 1928 957 1958; x_wconf 88' lang='lat' dir='ltr'>venere</span> <span class='ocrx_word' id='word_1_232' title='bbox 987 1926 1137 1957; x_wconf 90' lang='lat' dir='ltr'>ortum</span> <span class='ocrx_word' id='word_1_233' title='bbox 1173 1909 1365 1956; x_wconf 79' lang='lat' dir='ltr'>habeant</span> <span class='ocrx_word' id='word_1_234' title='bbox 1402 1911 1668 1964; x_wconf 80' lang='lat' dir='ltr'>necne3sed</span> <span class='ocrx_word' id='word_1_235' title='bbox 1704 1930 1786 1959; x_wconf 92' lang='lat' dir='ltr'>nec</span> <span class='ocrx_word' id='word_1_236' title='bbox 1823 1919 1944 1975; x_wconf 81' lang='lat' dir='ltr'>juvat</span> <span class='ocrx_word' id='word_1_237' title='bbox 1978 1916 2025 1960; x_wconf 91' lang='lat' dir='ltr'>in</span> 
     </span>
     <span class='ocr_line' id='line_1_27' title="bbox 185 1974 2026 2039; baseline 0.002 -19"><span class='ocrx_word' id='word_1_238' title='bbox 185 1989 312 2021; x_wconf 72' lang='lat' dir='ltr'>tanta</span> <span class='ocrx_word' id='word_1_239' title='bbox 329 1974 497 2038; x_wconf 79' lang='lat' dir='ltr'>flagitia</span> <span class='ocrx_word' id='word_1_240' title='bbox 516 1976 723 2022; x_wconf 74' lang='lat' dir='ltr'>curiosius</span> <span class='ocrx_word' id='word_1_241' title='bbox 743 1976 971 2039; x_wconf 86' lang='lat' dir='ltr'>inquirere</span> <span class='ocrx_word' id='word_1_242' title='bbox 990 2010 1002 2028; x_wconf 86' lang='lat'>‚</span> <span class='ocrx_word' id='word_1_243' title='bbox 1023 1975 1242 2039; x_wconf 86' lang='lat' dir='ltr'>decerque</span> <span class='ocrx_word' id='word_1_244' title='bbox 1262 1975 1496 2022; x_wconf 86' lang='lat' dir='ltr'>Medicum</span> <span class='ocrx_word' id='word_1_245' title='bbox 1524 1977 1634 2038; x_wconf 83' lang='lat' dir='ltr'>aequi</span> <span class='ocrx_word' id='word_1_246' title='bbox 1663 1977 1889 2024; x_wconf 91' lang='lat' dir='ltr'>conscium</span> <span class='ocrx_word' id='word_1_247' title='bbox 1918 1997 2026 2024; x_wconf 85' lang='lat' dir='ltr'>con-</span> 
     </span>
     <span class='ocr_line' id='line_1_28' title="bbox 192 2040 2027 2105; baseline 0.003 -19"><span class='ocrx_word' id='word_1_248' title='bbox 192 2040 370 2101; x_wconf 58' lang='lat' dir='ltr'>jeuuris</span> <span class='ocrx_word' id='word_1_249' title='bbox 399 2057 580 2105; x_wconf 86' lang='lat' dir='ltr'>parcere</span> <span class='ocrx_word' id='word_1_250' title='bbox 599 2075 610 2093; x_wconf 91' lang='lat'><strong><em>,</em></strong></span> <span class='ocrx_word' id='word_1_251' title='bbox 643 2042 767 2086; x_wconf 73' lang='lat' dir='ltr'>tanto</span> <span class='ocrx_word' id='word_1_252' title='bbox 794 2041 979 2104; x_wconf 81' lang='lat' dir='ltr'>quidem</span> <span class='ocrx_word' id='word_1_253' title='bbox 1012 2040 1150 2102; x_wconf 81' lang='lat' dir='ltr'>magis</span> <span class='ocrx_word' id='word_1_254' title='bbox 1172 2074 1183 2092; x_wconf 92' lang='lat'>‚</span> <span class='ocrx_word' id='word_1_255' title='bbox 1205 2040 1324 2103; x_wconf 67' lang='lat' dir='ltr'>qnod</span> <span class='ocrx_word' id='word_1_256' title='bbox 1357 2040 1465 2086; x_wconf 87' lang='lat' dir='ltr'>inde</span> <span class='ocrx_word' id='word_1_257' title='bbox 1490 2041 1610 2087; x_wconf 81' lang='lat' dir='ltr'>nulla</span> <span class='ocrx_word' id='word_1_258' title='bbox 1644 2042 1828 2088; x_wconf 80' lang='lat' dir='ltr'>accedat</span> <span class='ocrx_word' id='word_1_259' title='bbox 1861 2044 2027 2092; x_wconf 79' lang='lat' dir='ltr'>utilitas</span> 
     </span>
     <span class='ocr_line' id='line_1_29' title="bbox 190 2105 1789 2170; baseline 0 -18"><span class='ocrx_word' id='word_1_260' title='bbox 190 2122 337 2167; x_wconf 84' lang='lat' dir='ltr'>neque</span> <span class='ocrx_word' id='word_1_261' title='bbox 356 2105 412 2151; x_wconf 77' lang='lat' dir='ltr'>ad</span> <span class='ocrx_word' id='word_1_262' title='bbox 433 2105 582 2151; x_wconf 88' lang='lat' dir='ltr'>morbi</span> <span class='ocrx_word' id='word_1_263' title='bbox 603 2105 861 2170; x_wconf 82' lang='lat' dir='ltr'>prognofim</span> <span class='ocrx_word' id='word_1_264' title='bbox 877 2139 888 2158; x_wconf 83' lang='grc'>,</span> <span class='ocrx_word' id='word_1_265' title='bbox 910 2123 1052 2168; x_wconf 88' lang='lat' dir='ltr'>neque</span> <span class='ocrx_word' id='word_1_266' title='bbox 1076 2105 1130 2151; x_wconf 78' lang='lat' dir='ltr'>ad</span> <span class='ocrx_word' id='word_1_267' title='bbox 1160 2105 1437 2152; x_wconf 75' lang='lat' dir='ltr'>curationem</span> <span class='ocrx_word' id='word_1_268' title='bbox 1461 2105 1789 2152; x_wconf 84' lang='lat' dir='ltr'>instituendam.</span> 
     </span>
    </p>

    <p class='ocr_par' dir='ltr' id='par_1_7' title="bbox 183 2167 2028 3266">
     <span class='ocr_line' id='line_1_30' title="bbox 257 2167 2026 2225; baseline 0.003 -11"><span class='ocrx_word' id='word_1_269' title='bbox 257 2178 322 2214; x_wconf 88' lang='lat'>60.</span> <span class='ocrx_word' id='word_1_270' title='bbox 359 2170 499 2215; x_wconf 82' lang='lat' dir='ltr'>Pluris</span> <span class='ocrx_word' id='word_1_271' title='bbox 525 2169 705 2217; x_wconf 88' lang='lat' dir='ltr'>interest</span> <span class='ocrx_word' id='word_1_272' title='bbox 730 2173 918 2217; x_wconf 76' lang='lat' dir='ltr'>statuere</span> <span class='ocrx_word' id='word_1_273' title='bbox 947 2188 1003 2216; x_wconf 83' lang='lat' dir='ltr'>an</span> <span class='ocrx_word' id='word_1_274' title='bbox 1032 2167 1287 2216; x_wconf 70' lang='lat' dir='ltr'>affeffiones</span> <span class='ocrx_word' id='word_1_275' title='bbox 1313 2169 1621 2225; x_wconf 60' lang='lat' dir='ltr'>hujuscemodi</span> <span class='ocrx_word' id='word_1_276' title='bbox 1646 2171 1767 2217; x_wconf 88' lang='lat' dir='ltr'>luem</span> <span class='ocrx_word' id='word_1_277' title='bbox 1787 2190 2026 2220; x_wconf 86' lang='lat' dir='ltr'>veneream</span> 
     </span>
     <span class='ocr_line' id='line_1_31' title="bbox 191 2233 2024 2299; baseline 0.002 -19"><span class='ocrx_word' id='word_1_278' title='bbox 191 2233 453 2299; x_wconf 79' lang='lat' dir='ltr'>praesentem</span> <span class='ocrx_word' id='word_1_279' title='bbox 487 2235 690 2281; x_wconf 84' lang='lat' dir='ltr'>indicent</span> <span class='ocrx_word' id='word_1_280' title='bbox 726 2253 866 2281; x_wconf 88' lang='lat' dir='ltr'>necne</span> <span class='ocrx_word' id='word_1_281' title='bbox 883 2269 896 2288; x_wconf 87' lang='lat'>,</span> <span class='ocrx_word' id='word_1_282' title='bbox 922 2235 993 2282; x_wconf 89' lang='lat' dir='ltr'>vel</span> <span class='ocrx_word' id='word_1_283' title='bbox 1023 2251 1231 2298; x_wconf 80' lang='lat' dir='ltr'>tanquam</span> <span class='ocrx_word' id='word_1_284' title='bbox 1250 2233 1460 2279; x_wconf 57' lang='lat' dir='ltr'>causam&amp;</span> <span class='ocrx_word' id='word_1_285' title='bbox 1477 2234 1565 2297; x_wconf 58' lang='lat' dir='ltr'>qua</span> <span class='ocrx_word' id='word_1_286' title='bbox 1594 2235 1691 2299; x_wconf 81' lang='lat' dir='ltr'>ipsae</span> <span class='ocrx_word' id='word_1_287' title='bbox 1718 2235 2024 2292; x_wconf 84' lang='lat' dir='ltr'>sobolescant,</span> 
     </span>
     <span class='ocr_line' id='line_1_32' title="bbox 191 2297 2026 2363; baseline 0.002 -17"><span class='ocrx_word' id='word_1_288' title='bbox 191 2299 266 2346; x_wconf 87' lang='lat' dir='ltr'>vel</span> <span class='ocrx_word' id='word_1_289' title='bbox 287 2315 498 2362; x_wconf 78' lang='lat' dir='ltr'>tanquam</span> <span class='ocrx_word' id='word_1_290' title='bbox 519 2298 783 2347; x_wconf 67' lang='lat' dir='ltr'>coeffesstum</span> <span class='ocrx_word' id='word_1_291' title='bbox 800 2299 932 2345; x_wconf 81' lang='lat' dir='ltr'>causae</span> <span class='ocrx_word' id='word_1_292' title='bbox 958 2298 1154 2360; x_wconf 81' lang='lat' dir='ltr'>ejusdem</span> <span class='ocrx_word' id='word_1_293' title='bbox 1172 2299 1195 2343; x_wconf 72' lang='grc' dir='ltr'>εὶ</span> <span class='ocrx_word' id='word_1_294' title='bbox 1216 2297 1303 2361; x_wconf 67' lang='grc' dir='ltr'>(1υᾶ</span> <span class='ocrx_word' id='word_1_295' title='bbox 1332 2303 1379 2344; x_wconf 85' lang='lat'>&amp;</span> <span class='ocrx_word' id='word_1_296' title='bbox 1406 2298 1505 2363; x_wconf 82' lang='lat' dir='ltr'>ipsae</span> <span class='ocrx_word' id='word_1_297' title='bbox 1525 2299 1807 2363; x_wconf 80' lang='lat' dir='ltr'>dependeant</span> <span class='ocrx_word' id='word_1_298' title='bbox 1828 2335 1840 2354; x_wconf 91' lang='lat'>,</span> <span class='ocrx_word' id='word_1_299' title='bbox 1869 2319 2026 2349; x_wconf 80' lang='lat' dir='ltr'>conta·</span> 
     </span>
     <span class='ocr_line' id='line_1_33' title="bbox 190 2362 2026 2432; baseline 0.002 -24"><span class='ocrx_word' id='word_1_300' title='bbox 190 2364 256 2426; x_wconf 85' lang='lat' dir='ltr'>gii</span> <span class='ocrx_word' id='word_1_301' title='bbox 288 2363 453 2410; x_wconf 84' lang='lat' dir='ltr'>scilicet</span> <span class='ocrx_word' id='word_1_302' title='bbox 482 2364 625 2416; x_wconf 83' lang='lat' dir='ltr'>illius,</span> <span class='ocrx_word' id='word_1_303' title='bbox 644 2364 768 2427; x_wconf 88' lang='lat' dir='ltr'>quod</span> <span class='ocrx_word' id='word_1_304' title='bbox 799 2365 950 2410; x_wconf 76' lang='lat' dir='ltr'>recens</span> <span class='ocrx_word' id='word_1_305' title='bbox 970 2362 1203 2409; x_wconf 77' lang='lat' dir='ltr'>admissum</span> <span class='ocrx_word' id='word_1_306' title='bbox 1239 2368 1283 2408; x_wconf 65' lang='grc' dir='ltr'>ὃς</span> <span class='ocrx_word' id='word_1_307' title='bbox 1311 2362 1457 2409; x_wconf 76' lang='lat' dir='ltr'>labem</span> <span class='ocrx_word' id='word_1_308' title='bbox 1488 2365 1601 2426; x_wconf 82' lang='lat' dir='ltr'>parti</span> <span class='ocrx_word' id='word_1_309' title='bbox 1617 2364 1816 2411; x_wconf 80' lang='lat' dir='ltr'>inusserit</span> <span class='ocrx_word' id='word_1_310' title='bbox 1845 2367 2026 2432; x_wconf 86' lang='lat' dir='ltr'>cuipri-</span> 
     </span>
     <span class='ocr_line' id='line_1_34' title="bbox 193 2427 2025 2490; baseline 0.003 -18"><span class='ocrx_word' id='word_1_311' title='bbox 193 2427 318 2473; x_wconf 74' lang='lat' dir='ltr'>mum</span> <span class='ocrx_word' id='word_1_312' title='bbox 348 2427 595 2474; x_wconf 78' lang='lat' dir='ltr'>affricarum</span> <span class='ocrx_word' id='word_1_313' title='bbox 627 2429 712 2474; x_wconf 85' lang='lat' dir='ltr'>fuit</span> <span class='ocrx_word' id='word_1_314' title='bbox 740 2462 752 2480; x_wconf 90' lang='lat'>,</span> <span class='ocrx_word' id='word_1_315' title='bbox 788 2434 833 2474; x_wconf 72' lang='lat' dir='ltr'>&lt;Sc</span> <span class='ocrx_word' id='word_1_316' title='bbox 862 2427 987 2473; x_wconf 83' lang='lat' dir='ltr'>fimul</span> <span class='ocrx_word' id='word_1_317' title='bbox 1016 2428 1153 2474; x_wconf 79' lang='lat' dir='ltr'>etiam</span> <span class='ocrx_word' id='word_1_318' title='bbox 1183 2427 1443 2490; x_wconf 73' lang='lat' dir='ltr'>sanguinem</span> <span class='ocrx_word' id='word_1_319' title='bbox 1474 2428 1664 2476; x_wconf 79' lang='lat' dir='ltr'>latenrer</span> <span class='ocrx_word' id='word_1_320' title='bbox 1697 2429 1937 2476; x_wconf 78' lang='lat' dir='ltr'>vitiaverit.</span> <span class='ocrx_word' id='word_1_321' title='bbox 1972 2431 2025 2477; x_wconf 65' lang='lat' dir='ltr'>Id</span> 
     </span>
     <span class='ocr_line' id='line_1_35' title="bbox 183 2492 2025 2556; baseline 0.002 -19"><span class='ocrx_word' id='word_1_322' title='bbox 183 2492 306 2538; x_wconf 68' lang='lat' dir='ltr'>vero</span> <span class='ocrx_word' id='word_1_323' title='bbox 323 2492 424 2538; x_wconf 89' lang='lat' dir='ltr'>licet</span> <span class='ocrx_word' id='word_1_324' title='bbox 445 2493 615 2538; x_wconf 65' lang='lat' dir='ltr'>tantum</span> <span class='ocrx_word' id='word_1_325' title='bbox 642 2493 856 2556; x_wconf 79' lang='lat' dir='ltr'>colligere</span> <span class='ocrx_word' id='word_1_326' title='bbox 874 2510 925 2538; x_wconf 87' lang='lat' dir='ltr'>ex</span> <span class='ocrx_word' id='word_1_327' title='bbox 945 2492 1208 2538; x_wconf 82' lang='lat' dir='ltr'>conditione</span> <span class='ocrx_word' id='word_1_328' title='bbox 1228 2498 1271 2537; x_wconf 70' lang='grc' dir='ltr'>ὃ(</span> <span class='ocrx_word' id='word_1_329' title='bbox 1297 2492 1533 2553; x_wconf 87' lang='lat' dir='ltr'>syndrome</span> <span class='ocrx_word' id='word_1_330' title='bbox 1548 2492 1772 2555; x_wconf 87' lang='lat' dir='ltr'>signorum</span> <span class='ocrx_word' id='word_1_331' title='bbox 1789 2511 1883 2556; x_wconf 83' lang='lat' dir='ltr'>quae</span> <span class='ocrx_word' id='word_1_332' title='bbox 1903 2495 2025 2541; x_wconf 88' lang='lat' dir='ltr'>luem</span> 
     </span>
     <span class='ocr_line' id='line_1_36' title="bbox 192 2555 2025 2620; baseline 0.002 -19"><span class='ocrx_word' id='word_1_333' title='bbox 192 2555 468 2619; x_wconf 78' lang='lat' dir='ltr'>significant,</span> <span class='ocrx_word' id='word_1_334' title='bbox 489 2562 534 2602; x_wconf 84' lang='lat'>&amp;</span> <span class='ocrx_word' id='word_1_335' title='bbox 567 2557 623 2603; x_wconf 88' lang='lat' dir='ltr'>de</span> <span class='ocrx_word' id='word_1_336' title='bbox 646 2557 806 2620; x_wconf 85' lang='lat' dir='ltr'>quibus</span> <span class='ocrx_word' id='word_1_337' title='bbox 827 2557 945 2602; x_wconf 62' lang='lat' dir='ltr'>infra</span> <span class='ocrx_word' id='word_1_338' title='bbox 979 2557 1106 2602; x_wconf 81' lang='lat' dir='ltr'>Libro</span> <span class='ocrx_word' id='word_1_339' title='bbox 1132 2561 1230 2604; x_wconf 77' lang='lat' dir='ltr'>IV.</span> <span class='ocrx_word' id='word_1_340' title='bbox 1260 2572 1351 2619; x_wconf 76' lang='lat' dir='ltr'>cap.</span> <span class='ocrx_word' id='word_1_341' title='bbox 1386 2577 1429 2615; x_wconf 83' lang='lat'>4.</span> <span class='ocrx_word' id='word_1_342' title='bbox 1456 2575 1646 2620; x_wconf 84' lang='lat' dir='ltr'>quorum</span> <span class='ocrx_word' id='word_1_343' title='bbox 1672 2559 1857 2620; x_wconf 86' lang='lat' dir='ltr'>quidem</span> <span class='ocrx_word' id='word_1_344' title='bbox 1885 2578 2025 2605; x_wconf 86' lang='lat' dir='ltr'>unum</span> 
     </span>
     <span class='ocr_line' id='line_1_37' title="bbox 194 2620 2024 2685; baseline 0 -17"><span class='ocrx_word' id='word_1_345' title='bbox 194 2638 270 2668; x_wconf 84' lang='lat' dir='ltr'>aut</span> <span class='ocrx_word' id='word_1_346' title='bbox 290 2621 478 2668; x_wconf 87' lang='lat' dir='ltr'>alterum</span> <span class='ocrx_word' id='word_1_347' title='bbox 493 2639 549 2667; x_wconf 83' lang='lat' dir='ltr'>ex</span> <span class='ocrx_word' id='word_1_348' title='bbox 576 2622 908 2685; x_wconf 83' lang='lat' dir='ltr'>urgentioribus</span> <span class='ocrx_word' id='word_1_349' title='bbox 926 2621 1163 2684; x_wconf 84' lang='lat' dir='ltr'>requiritur</span> <span class='ocrx_word' id='word_1_350' title='bbox 1178 2655 1189 2672; x_wconf 89' lang='lat'>‚</span> <span class='ocrx_word' id='word_1_351' title='bbox 1210 2620 1238 2666; x_wconf 87' lang='lat' dir='ltr'>fi</span> <span class='ocrx_word' id='word_1_352' title='bbox 1261 2624 1393 2668; x_wconf 86' lang='lat' dir='ltr'>cristae</span> <span class='ocrx_word' id='word_1_353' title='bbox 1411 2638 1482 2667; x_wconf 83' lang='lat' dir='ltr'>aut</span> <span class='ocrx_word' id='word_1_354' title='bbox 1509 2622 1723 2685; x_wconf 79' lang='lat' dir='ltr'>rhagades</span> <span class='ocrx_word' id='word_1_355' title='bbox 1742 2622 1839 2668; x_wconf 85' lang='lat' dir='ltr'>solae</span> <span class='ocrx_word' id='word_1_356' title='bbox 1857 2623 1996 2669; x_wconf 76' lang='lat' dir='ltr'>adsint</span> <span class='ocrx_word' id='word_1_357' title='bbox 2009 2658 2024 2676; x_wconf 89' lang='lat'>‚</span> 
     </span>
     <span class='ocr_line' id='line_1_38' title="bbox 192 2684 2024 2751; baseline 0.002 -20"><span class='ocrx_word' id='word_1_358' title='bbox 192 2686 408 2749; x_wconf 85' lang='lat' dir='ltr'>quoniam</span> <span class='ocrx_word' id='word_1_359' title='bbox 444 2687 614 2751; x_wconf 86' lang='lat' dir='ltr'>priores</span> <span class='ocrx_word' id='word_1_360' title='bbox 636 2688 718 2732; x_wconf 79' lang='lat' dir='ltr'>illae</span> <span class='ocrx_word' id='word_1_361' title='bbox 741 2684 994 2733; x_wconf 65' lang='lat' dir='ltr'>affestiones</span> <span class='ocrx_word' id='word_1_362' title='bbox 1013 2720 1026 2738; x_wconf 84' lang='lat'>,</span> <span class='ocrx_word' id='word_1_363' title='bbox 1052 2702 1097 2731; x_wconf 89' lang='lat' dir='ltr'>ut</span> <span class='ocrx_word' id='word_1_364' title='bbox 1116 2684 1244 2750; x_wconf 63' lang='lat' dir='ltr'>supra</span> <span class='ocrx_word' id='word_1_365' title='bbox 1270 2696 1307 2744; x_wconf 64' lang='grc' dir='ltr'>ξ.</span> <span class='ocrx_word' id='word_1_366' title='bbox 1337 2692 1404 2733; x_wconf 91' lang='grc' dir='ltr'>ΙΙ.</span> <span class='ocrx_word' id='word_1_367' title='bbox 1433 2687 1599 2732; x_wconf 60' lang='lat' dir='ltr'>dietum</span> <span class='ocrx_word' id='word_1_368' title='bbox 1631 2688 1690 2733; x_wconf 90' lang='lat' dir='ltr'>est</span> <span class='ocrx_word' id='word_1_369' title='bbox 1709 2721 1721 2739; x_wconf 85' lang='lat'>,</span> <span class='ocrx_word' id='word_1_370' title='bbox 1748 2687 1868 2733; x_wconf 84' lang='lat' dir='ltr'>luem</span> <span class='ocrx_word' id='word_1_371' title='bbox 1897 2706 1949 2734; x_wconf 89' lang='lat' dir='ltr'>ex</span> <span class='ocrx_word' id='word_1_372' title='bbox 1979 2688 2024 2735; x_wconf 85' lang='lat' dir='ltr'>se</span> 
     </span>
     <span class='ocr_line' id='line_1_39' title="bbox 198 2751 2022 2814; baseline 0.001 -19"><span class='ocrx_word' id='word_1_373' title='bbox 198 2752 413 2814; x_wconf 75' lang='lat' dir='ltr'>perpetuo</span> <span class='ocrx_word' id='word_1_374' title='bbox 433 2769 524 2796; x_wconf 89' lang='lat' dir='ltr'>non</span> <span class='ocrx_word' id='word_1_375' title='bbox 547 2751 749 2797; x_wconf 82' lang='lat' dir='ltr'>indicant</span> <span class='ocrx_word' id='word_1_376' title='bbox 769 2769 781 2804; x_wconf 79' lang='lat'>3</span> <span class='ocrx_word' id='word_1_377' title='bbox 801 2769 938 2797; x_wconf 89' lang='lat' dir='ltr'>unum</span> <span class='ocrx_word' id='word_1_378' title='bbox 971 2751 1127 2796; x_wconf 64' lang='lat' dir='ltr'>contra</span> <span class='ocrx_word' id='word_1_379' title='bbox 1150 2767 1222 2796; x_wconf 84' lang='lat' dir='ltr'>aut</span> <span class='ocrx_word' id='word_1_380' title='bbox 1240 2751 1427 2797; x_wconf 82' lang='lat' dir='ltr'>alterum</span> <span class='ocrx_word' id='word_1_381' title='bbox 1458 2769 1510 2798; x_wconf 84' lang='lat' dir='ltr'>ex</span> <span class='ocrx_word' id='word_1_382' title='bbox 1527 2751 1770 2798; x_wconf 85' lang='lat' dir='ltr'>levioribus</span> <span class='ocrx_word' id='word_1_383' title='bbox 1791 2751 1946 2798; x_wconf 78' lang='lat' dir='ltr'>sufficit</span> <span class='ocrx_word' id='word_1_384' title='bbox 1960 2787 1973 2805; x_wconf 85' lang='grc'>,</span> <span class='ocrx_word' id='word_1_385' title='bbox 1992 2752 2022 2797; x_wconf 79' lang='lat' dir='ltr'>si</span> 
     </span>
     <span class='ocr_line' id='line_1_40' title="bbox 198 2812 2024 2878; baseline 0.002 -20"><span class='ocrx_word' id='word_1_386' title='bbox 198 2812 394 2862; x_wconf 77' lang='lat' dir='ltr'>mariscis</span> <span class='ocrx_word' id='word_1_387' title='bbox 415 2816 486 2861; x_wconf 87' lang='lat' dir='ltr'>vel</span> <span class='ocrx_word' id='word_1_388' title='bbox 511 2815 604 2862; x_wconf 86' lang='lat' dir='ltr'>ficis</span> <span class='ocrx_word' id='word_1_389' title='bbox 631 2834 736 2862; x_wconf 85' lang='lat' dir='ltr'>anus</span> <span class='ocrx_word' id='word_1_390' title='bbox 755 2815 1035 2867; x_wconf 65' lang='lat' dir='ltr'>obsideatur,</span> <span class='ocrx_word' id='word_1_391' title='bbox 1055 2815 1266 2878; x_wconf 86' lang='lat' dir='ltr'>quoniam</span> <span class='ocrx_word' id='word_1_392' title='bbox 1287 2816 1548 2878; x_wconf 88' lang='lat' dir='ltr'>posteriores</span> <span class='ocrx_word' id='word_1_393' title='bbox 1568 2816 1651 2862; x_wconf 83' lang='lat' dir='ltr'>istae</span> <span class='ocrx_word' id='word_1_394' title='bbox 1673 2814 1927 2863; x_wconf 68' lang='lat' dir='ltr'>affeffiones</span> <span class='ocrx_word' id='word_1_395' title='bbox 1945 2851 1956 2868; x_wconf 93' lang='lat'>‚</span> <span class='ocrx_word' id='word_1_396' title='bbox 1975 2832 2024 2862; x_wconf 90' lang='lat' dir='ltr'>ut</span> 
     </span>
     <span class='ocr_line' id='line_1_41' title="bbox 197 2878 2024 2942; baseline 0.001 -17"><span class='ocrx_word' id='word_1_397' title='bbox 197 2878 372 2925; x_wconf 73' lang='lat' dir='ltr'>ibidem</span> <span class='ocrx_word' id='word_1_398' title='bbox 397 2879 639 2942; x_wconf 77' lang='lat' dir='ltr'>expositum</span> <span class='ocrx_word' id='word_1_399' title='bbox 662 2882 721 2927; x_wconf 88' lang='lat' dir='ltr'>est</span> <span class='ocrx_word' id='word_1_400' title='bbox 737 2915 749 2932; x_wconf 80' lang='grc'>,</span> <span class='ocrx_word' id='word_1_401' title='bbox 769 2881 889 2926; x_wconf 90' lang='lat' dir='ltr'>luem</span> <span class='ocrx_word' id='word_1_402' title='bbox 909 2897 1147 2925; x_wconf 80' lang='lat' dir='ltr'>veneream</span> <span class='ocrx_word' id='word_1_403' title='bbox 1169 2879 1268 2923; x_wconf 80' lang='lat' dir='ltr'>satis</span> <span class='ocrx_word' id='word_1_404' title='bbox 1291 2880 1388 2937; x_wconf 61' lang='lat' dir='ltr'>ipsse</span> <span class='ocrx_word' id='word_1_405' title='bbox 1415 2897 1619 2942; x_wconf 84' lang='lat' dir='ltr'>arguunt.</span> <span class='ocrx_word' id='word_1_406' title='bbox 1650 2881 1788 2938; x_wconf 72' lang='lat' dir='ltr'>Quod</span> <span class='ocrx_word' id='word_1_407' title='bbox 1815 2881 1842 2925; x_wconf 87' lang='lat' dir='ltr'><strong>fi</strong></span> <span class='ocrx_word' id='word_1_408' title='bbox 1864 2881 2024 2934; x_wconf 80' lang='lat' dir='ltr'>cristae,</span> 
     </span>
     <span class='ocr_line' id='line_1_42' title="bbox 200 2941 2026 3007; baseline 0.003 -19"><span class='ocrx_word' id='word_1_409' title='bbox 200 2961 330 2991; x_wconf 81' lang='lat' dir='ltr'>mora</span> <span class='ocrx_word' id='word_1_410' title='bbox 349 2976 360 2995; x_wconf 92' lang='lat'>‚</span> <span class='ocrx_word' id='word_1_411' title='bbox 384 2941 574 2989; x_wconf 77' lang='lat' dir='ltr'>mariscae</span> <span class='ocrx_word' id='word_1_412' title='bbox 592 2978 604 2996; x_wconf 90' lang='lat'>‚</span> <span class='ocrx_word' id='word_1_413' title='bbox 623 2944 835 3006; x_wconf 74' lang='lat' dir='ltr'>rhagades</span> <span class='ocrx_word' id='word_1_414' title='bbox 855 2942 1096 3007; x_wconf 67' lang='lat' dir='ltr'>suppuratae</span> <span class='ocrx_word' id='word_1_415' title='bbox 1111 2977 1123 2994; x_wconf 89' lang='lat'>‚</span> <span class='ocrx_word' id='word_1_416' title='bbox 1144 2943 1350 2989; x_wconf 84' lang='lat' dir='ltr'>ulcerosae</span> <span class='ocrx_word' id='word_1_417' title='bbox 1367 2978 1378 2995; x_wconf 85' lang='lat'>‚</span> <span class='ocrx_word' id='word_1_418' title='bbox 1398 2944 1592 2990; x_wconf 58' lang='lat' dir='ltr'>fistulosa:</span> <span class='ocrx_word' id='word_1_419' title='bbox 1610 2978 1621 2995; x_wconf 90' lang='lat'>‚</span> <span class='ocrx_word' id='word_1_420' title='bbox 1643 2945 2026 2993; x_wconf 81' lang='lat' dir='ltr'>carcinomatodes</span> 
     </span>
     <span class='ocr_line' id='line_1_43' title="bbox 197 3006 2028 3071; baseline 0.003 -19"><span class='ocrx_word' id='word_1_421' title='bbox 197 3007 284 3053; x_wconf 79' lang='lat' dir='ltr'>sint</span> <span class='ocrx_word' id='word_1_422' title='bbox 301 3043 311 3059; x_wconf 91' lang='lat'>,</span> <span class='ocrx_word' id='word_1_423' title='bbox 334 3024 438 3053; x_wconf 87' lang='lat' dir='ltr'>tunc</span> <span class='ocrx_word' id='word_1_424' title='bbox 473 3008 543 3054; x_wconf 89' lang='lat' dir='ltr'>vel</span> <span class='ocrx_word' id='word_1_425' title='bbox 573 3007 785 3055; x_wconf 69' lang='lat' dir='ltr'>levissima</span> <span class='ocrx_word' id='word_1_426' title='bbox 805 3006 991 3071; x_wconf 85' lang='lat' dir='ltr'>suspicio</span> <span class='ocrx_word' id='word_1_427' title='bbox 1014 3007 1222 3071; x_wconf 84' lang='lat' dir='ltr'>prudenti</span> <span class='ocrx_word' id='word_1_428' title='bbox 1246 3008 1430 3054; x_wconf 89' lang='lat' dir='ltr'>Medico</span> <span class='ocrx_word' id='word_1_429' title='bbox 1458 3008 1557 3053; x_wconf 78' lang='lat' dir='ltr'>satis</span> <span class='ocrx_word' id='word_1_430' title='bbox 1580 3009 1663 3055; x_wconf 85' lang='lat' dir='ltr'>erit</span> <span class='ocrx_word' id='word_1_431' title='bbox 1685 3026 1731 3055; x_wconf 88' lang='lat' dir='ltr'>ut</span> <span class='ocrx_word' id='word_1_432' title='bbox 1760 3009 1814 3055; x_wconf 83' lang='lat' dir='ltr'>ad</span> <span class='ocrx_word' id='word_1_433' title='bbox 1838 3010 2028 3071; x_wconf 80' lang='lat' dir='ltr'>hydrar-</span> 
     </span>
     <span class='ocr_line' id='line_1_44' title="bbox 200 3071 2025 3139; baseline 0.002 -21"><span class='ocrx_word' id='word_1_434' title='bbox 200 3071 393 3137; x_wconf 83' lang='lat' dir='ltr'>gyrofim</span> <span class='ocrx_word' id='word_1_435' title='bbox 421 3089 502 3118; x_wconf 90' lang='lat' dir='ltr'>ceu</span> <span class='ocrx_word' id='word_1_436' title='bbox 529 3073 585 3119; x_wconf 83' lang='lat' dir='ltr'>ad</span> <span class='ocrx_word' id='word_1_437' title='bbox 609 3071 773 3118; x_wconf 83' lang='lat' dir='ltr'>sacram</span> <span class='ocrx_word' id='word_1_438' title='bbox 795 3072 1036 3118; x_wconf 84' lang='lat' dir='ltr'>anchoram</span> <span class='ocrx_word' id='word_1_439' title='bbox 1055 3071 1189 3134; x_wconf 74' lang='lat' dir='ltr'>ocyus</span> <span class='ocrx_word' id='word_1_440' title='bbox 1210 3088 1440 3138; x_wconf 87' lang='lat' dir='ltr'>properet,</span> <span class='ocrx_word' id='word_1_441' title='bbox 1461 3073 1560 3119; x_wconf 72' lang='lat' dir='ltr'>cum</span> <span class='ocrx_word' id='word_1_442' title='bbox 1595 3074 1642 3119; x_wconf 91' lang='lat' dir='ltr'>in</span> <span class='ocrx_word' id='word_1_443' title='bbox 1677 3074 1876 3120; x_wconf 86' lang='lat' dir='ltr'>evidenti</span> <span class='ocrx_word' id='word_1_444' title='bbox 1905 3076 2025 3139; x_wconf 62' lang='lat' dir='ltr'>peri*-</span> 
     </span>
     <span class='ocr_line' id='line_1_45' title="bbox 202 3133 2028 3203; baseline 0.003 -19"><span class='ocrx_word' id='word_1_445' title='bbox 202 3138 306 3184; x_wconf 86' lang='lat' dir='ltr'>culo</span> <span class='ocrx_word' id='word_1_446' title='bbox 333 3136 461 3182; x_wconf 83' lang='lat' dir='ltr'>satius</span> <span class='ocrx_word' id='word_1_447' title='bbox 480 3136 528 3183; x_wconf 79' lang='lat' dir='ltr'>fit</span> <span class='ocrx_word' id='word_1_448' title='bbox 552 3137 801 3184; x_wconf 86' lang='lat' dir='ltr'>remedium</span> <span class='ocrx_word' id='word_1_449' title='bbox 818 3137 973 3182; x_wconf 86' lang='lat' dir='ltr'>inutile</span> <span class='ocrx_word' id='word_1_450' title='bbox 995 3169 1008 3188; x_wconf 88' lang='lat'>,</span> <span class='ocrx_word' id='word_1_451' title='bbox 1040 3133 1116 3183; x_wconf 86' lang='lat' dir='ltr'>sed</span> <span class='ocrx_word' id='word_1_452' title='bbox 1133 3137 1257 3203; x_wconf 83' lang='lat' dir='ltr'>qnod</span> <span class='ocrx_word' id='word_1_453' title='bbox 1275 3137 1402 3187; x_wconf 88' lang='lat' dir='ltr'>omni</span> <span class='ocrx_word' id='word_1_454' title='bbox 1423 3155 1699 3188; x_wconf 85' lang='lat' dir='ltr'>nocumento</span> <span class='ocrx_word' id='word_1_455' title='bbox 1719 3155 1839 3189; x_wconf 85' lang='lat' dir='ltr'>caret</span> <span class='ocrx_word' id='word_1_456' title='bbox 1856 3173 1870 3195; x_wconf 85' lang='lat'>‚</span> <span class='ocrx_word' id='word_1_457' title='bbox 1897 3139 2028 3201; x_wconf 70' lang='lat' dir='ltr'>adhi3</span> 
     </span>
     <span class='ocr_line' id='line_1_46' title="bbox 183 3200 1061 3266; baseline 0 -17"><span class='ocrx_word' id='word_1_458' title='bbox 183 3201 310 3250; x_wconf 68' lang='lat' dir='ltr'>bere</span> <span class='ocrx_word' id='word_1_459' title='bbox 323 3235 337 3257; x_wconf 89' lang='lat'>‚</span> <span class='ocrx_word' id='word_1_460' title='bbox 365 3202 499 3266; x_wconf 64' lang='lat' dir='ltr'>quam</span> <span class='ocrx_word' id='word_1_461' title='bbox 528 3203 739 3251; x_wconf 84' lang='lat' dir='ltr'>omittere</span> <span class='ocrx_word' id='word_1_462' title='bbox 758 3200 1061 3252; x_wconf 65' lang='lat' dir='ltr'>necessarium-</span> 
     </span>
    </p>
   </div>
   <div class='ocr_carea' id='block_1_3' title="bbox 2078 438 2305 541">
    <p class='ocr_par' dir='ltr' id='par_1_8' title="bbox 2078 438 2305 541">
     <span class='ocr_line' id='line_1_47' title="bbox 2112 438 2305 490; baseline 0.021 -16"><span class='ocrx_word' id='word_1_463' title='bbox 2112 438 2305 490; x_wconf 72' lang='lat' dir='ltr'>Diagnqsis</span> 
     </span>
     <span class='ocr_line' id='line_1_48' title="bbox 2078 486 2303 541; baseline 0.022 -17"><span class='ocrx_word' id='word_1_464' title='bbox 2078 486 2303 541; x_wconf 77' lang='lat' dir='ltr'>thagadutu.</span> 
     </span>
    </p>
   </div>
   <div class='ocr_carea' id='block_1_4' title="bbox 2090 691 2305 737">
    <p class='ocr_par' dir='ltr' id='par_1_9' title="bbox 2090 691 2305 737">
     <span class='ocr_line' id='line_1_49' title="bbox 2090 691 2305 737; baseline 0.014 -7"><span class='ocrx_word' id='word_1_465' title='bbox 2090 691 2305 737; x_wconf 60' lang='lat' dir='ltr'>mistarum&lt;</span> 
     </span>
    </p>
   </div>
   <div class='ocr_carea' id='block_1_5' title="bbox 2073 1141 2305 1233">
    <p class='ocr_par' dir='ltr' id='par_1_10' title="bbox 2073 1141 2305 1233">
     <span class='ocr_line' id='line_1_50' title="bbox 2098 1141 2305 1197; baseline 0.024 -20"><span class='ocrx_word' id='word_1_466' title='bbox 2098 1141 2143 1178; x_wconf 87' lang='lat' dir='ltr'>Et</span> <span class='ocrx_word' id='word_1_467' title='bbox 2171 1141 2305 1197; x_wconf 53' lang='lat' dir='ltr'>matii}</span> 
     </span>
     <span class='ocr_line' id='line_1_51' title="bbox 2073 1206 2210 1233; baseline 0.022 -3"><span class='ocrx_word' id='word_1_468' title='bbox 2073 1206 2210 1233; x_wconf 69' lang='lat' dir='ltr'>catum·</span> 
     </span>
    </p>
   </div>
   <div class='ocr_carea' id='block_1_6' title="bbox 2071 1476 2308 1827">
    <p class='ocr_par' dir='ltr' id='par_1_11' title="bbox 2071 1476 2308 1827">
     <span class='ocr_line' id='line_1_52' title="bbox 2097 1476 2303 1529; baseline 0.01 -15"><span class='ocrx_word' id='word_1_469' title='bbox 2097 1476 2303 1529; x_wconf 64' lang='lat' dir='ltr'>Dz&#39;agnoliss&#39;⁴²</span> 
     </span>
     <span class='ocr_line' id='line_1_53' title="bbox 2071 1525 2292 1567; baseline 0.014 -3"><span class='ocrx_word' id='word_1_470' title='bbox 2071 1525 2292 1567; x_wconf 69' lang='lat' dir='ltr'>diffsrcntia-</span> 
     </span>
     <span class='ocr_line' id='line_1_54' title="bbox 2072 1584 2307 1633; baseline 0.013 -17"><span class='ocrx_word' id='word_1_471' title='bbox 2072 1584 2307 1633; x_wconf 71' lang='lat' dir='ltr'>rum‚quibu·3</span> 
     </span>
     <span class='ocr_line' id='line_1_55' title="bbox 2072 1630 2280 1672; baseline 0.005 -4"><span class='ocrx_word' id='word_1_472' title='bbox 2072 1630 2280 1672; x_wconf 64' lang='lat' dir='ltr'>affistiones</span> 
     </span>
     <span class='ocr_line' id='line_1_56' title="bbox 2074 1685 2308 1738; baseline 0.013 -18"><span class='ocrx_word' id='word_1_473' title='bbox 2074 1685 2138 1722; x_wconf 68' lang='lat' dir='ltr'>511ae</span> <span class='ocrx_word' id='word_1_474' title='bbox 2159 1687 2308 1738; x_wconf 74' lang='lat' dir='ltr'>fingu&#39;ae</span> 
     </span>
     <span class='ocr_line' id='line_1_57' title="bbox 2072 1737 2279 1791; baseline 0.014 -18"><span class='ocrx_word' id='word_1_475' title='bbox 2072 1737 2279 1791; x_wconf 80' lang='lat' dir='ltr'>distingun-</span> 
     </span>
     <span class='ocr_line' id='line_1_58' title="bbox 2078 1803 2154 1827; baseline -0.013 -1"><span class='ocrx_word' id='word_1_476' title='bbox 2078 1803 2154 1827; x_wconf 83' lang='lat' dir='ltr'>tur.</span> 
     </span>
    </p>
   </div>
   <div class='ocr_carea' id='block_1_7' title="bbox 2073 1864 2308 2074">
    <p class='ocr_par' dir='ltr' id='par_1_12' title="bbox 2073 1864 2308 2074">
     <span class='ocr_line' id='line_1_59' title="bbox 2111 1864 2308 1917; baseline 0 -14"><span class='ocrx_word' id='word_1_477' title='bbox 2111 1864 2308 1917; x_wconf 77' lang='lat' dir='ltr'>Diagnofis</span> 
     </span>
     <span class='ocr_line' id='line_1_60' title="bbox 2075 1915 2293 1967; baseline 0.005 -14"><span class='ocrx_word' id='word_1_478' title='bbox 2075 1915 2267 1967; x_wconf 82' lang='lat' dir='ltr'>causarum</span> <span class='ocrx_word' id='word_1_479' title='bbox 2280 1945 2293 1962; x_wconf 89' lang='lat'><em>‚</em></span> 
     </span>
     <span class='ocr_line' id='line_1_61' title="bbox 2073 1969 2307 2021; baseline 0.004 -15"><span class='ocrx_word' id='word_1_480' title='bbox 2073 1969 2092 2006; x_wconf 69' lang='grc' dir='ltr'>ἓ]</span> <span class='ocrx_word' id='word_1_481' title='bbox 2105 1970 2236 2021; x_wconf 77' lang='lat' dir='ltr'>quibus</span> <span class='ocrx_word' id='word_1_482' title='bbox 2248 1969 2307 2007; x_wconf 84' lang='lat' dir='ltr'>de-</span> 
     </span>
     <span class='ocr_line' id='line_1_62' title="bbox 2074 2023 2238 2074; baseline 0.018 -16"><span class='ocrx_word' id='word_1_483' title='bbox 2074 2023 2238 2074; x_wconf 74' lang='lat' dir='ltr'>pendent.</span> 
     </span>
    </p>
   </div>
  </div>
 </body>
</html>
