2477 3643
677 143 1683 193 annn11.CA1=u-rvl1.
1971 161 2058 206 ιιι)

220 246 360 286 tunt,
391 230 470 297 qui
499 229 548 278 in
578 229 757 296 Europa
787 246 887 278 ante
919 246 1072 279 renata
1100 230 1351 279 litterarum
1381 229 1520 278 studia
1545 229 1758 276 claruere.
1799 229 1871 277 Sic
1903 229 1950 278 in
2007 249 2058 281 e-

231 297 485 345 diculorum
518 294 762 361 perniciem
798 311 1027 358 unguenta
1076 295 1359 344 mercurialia
1447 293 1752 341 raescribuntur
1799 294 1824 340 a
1869 296 1971 342 Guil
1992 297 2057 344 el-

230 359 563 425 moVarignana
592 392 604 412 ‚
637 360 715 422 qui
748 362 913 406 Genua:
948 360 1226 408 Medicinam
1262 378 1363 408 cum
1407 314 1538 406 liitude
1570 357 1677 405 fecit
1717 358 1835 404 circa
1879 377 2052 408 annum

235 444 253 472 1
270 444 372 487 300.
401 429 443 472 in
465 431 664 471 Secretor.
682 423 914 486 sublimium
945 428 1093 472 Traffl.
1129 447 1159 487 3.
1186 440 1277 490 cap.
1300 444 1338 483 9.
1374 424 1398 470 εὶ
1428 423 1655 471 Bernardo
1675 423 1916 470 Gordonio
1936 458 1948 478 ‚
1974 426 2053 489 qui

223 489 411 537 Montis
436 487 558 536 effuli
588 506 690 535 cum
710 486 829 535 fama
844 489 998 535 docuit
1015 507 1132 536 anno
1157 507 1295 553 1305.
1320 491 1637 554 Liliiparticul.
1666 507 1705 534 2.
1725 503 1816 552 cap.
1838 507 1878 546 9.
1899 489 1923 535 a
1941 490 2052 536 Gui-

225 556 347 602 done
384 508 441 601 cib
471 553 714 605 Cauliaco,
749 552 1022 601 summorum
1053 554 1319 602 Pontificum
1339 554 1589 602 Clementis
1618 558 1705 599 VI.
1723 558 1768 599 δε
1789 552 1968 600 Urbani
1994 560 2050 601 V.

222 618 468 684 Capellano
491 623 536 665 ὃς
559 618 746 665 Medico
762 652 775 671 ‚
799 618 854 664 ab
876 637 994 665 anno
1021 626 1144 680 1348.
1177 620 1231 665 ad
1265 637 1431 666 annum
1465 626 1599 681 1363.
1640 619 1869 684 Chirurgiae
1903 636 2054 683 magnae

221 684 414 731 Tradat.
443 683 484 729 6.
511 685 700 742 Doc‘t'rin.
725 700 754 727 1.
785 698 876 748 cap.
904 704 941 744 3.
965 688 1006 730 in
1021 685 1119 744 fine.
1152 684 1176 730 a
1196 683 1379 730 Valesco
1409 684 1465 730 de
1494 682 1719 735 Taranta,
1750 685 1826 746 qui
1854 683 2055 730 Medici-

222 764 324 794 nam
347 747 588 812 Monspelii
606 746 818 813 profess'us
842 749 901 794 est
927 766 1044 795 anno
1072 754 1208 807 1418.
1232 751 1410 809 Philopii
1428 748 1523 795 Lib.
1547 768 1588 807 7.
1606 763 1698 812 cap.
1715 766 1792 806 74.
1828 747 1901 796 Sic
1918 748 2056 796 etiam

223 829 451 877 unguenta
480 811 636 858 similia
665 828 821 859 contra
849 813 1042 859 scabiem
1078 848 1091 866 ‚
1134 813 1388 878 variasque
1415 812 1577 860 scabiei
1606 812 1788 876 ‚species
1825 847 1839 866 ,
1881 828 1930 860 ut
1964 831 2056 860 ma-

223 880 309 924 lum
329 893 523 925 mortuum
544 915 559 931 ‚
594 878 782 941 phlegma
803 878 955 937 salsum
974 917 987 932 ,
1005 878 1193 943 afizphctti
1227 878 1318 925 &a
1351 878 1553 924 adhibita
1586 876 1768 925 fuerunt
1793 877 1818 923 εὶ
1851 878 2056 942 Rogerio

225 941 449 989 Parmensi
467 976 479 994 ,
501 942 687 988 Medico
704 941 822 987 circa
843 959 1008 988 annum
1038 961 1166 1006 1250.
1196 944 1422 1007 Chiritrgiae
1451 943 1548 990 Lib.
1573 960 1604 988 1.
1631 958 1722 1006 cap.
1744 960 1819 1000 42.
1847 944 1894 988 de
1921 948 2056 989 Mor-

221 1006 339 1071 phaed
366 1006 488 1053 alb&
522 1006 545 1052 ὁ.
577 1006 804 1053 Rollando
825 1007 1065 1072 Capelluto
1084 1042 1097 1060 ,
1124 1007 1310 1054 Medico
1332 1010 1449 1053 circa
1466 1025 1629 1054 annum
1657 1013 1788 1053 1268.
1825 1008 2055 1071 Chirurgiae

220 1071 319 1117 Lib.
340 1089 371 1116 1.
392 1087 482 1135 cap.
503 1088 556 1134 15.
585 1073 633 1116 de
657 1068 779 1117 Rima‘¹
795 1073 867 1130 fini
897 1070 1021 1132 Rnffd
1039 1076 1182 1137 capitis
1204 1091 1214 1117 3
1243 1073 1267 1117 a
1301 1071 1597 1118 Theodorico
1614 1105 1628 1124 ,
1660 1071 1847 1118 Medico
1883 1072 2053 1119 celebri

223 1136 344 1182 circa
363 1152 527 1182 annum
554 1152 568 1179 1
581 1140 684 1181 280.
714 1134 793 1198 qui
814 1135 921 1181 dein
942 1138 1034 1199 post
1053 1137 1277 1182 addictum
1300 1154 1467 1182 nomen
1484 1136 1654 1184 Ordini
1673 1141 1872 1182 Fratrum
1889 1137 2056 1183 Praedi-

228 1215 434 1247 catorum
467 1199 523 1246 ad
560 1198 872 1264 Episcopatum
905 1200 1200 1247 Cerviensem
1235 1217 1466 1265 promotus
1500 1203 1559 1248 est
1585 1235 1597 1254 ,
1637 1202 1865 1264 Chirurgiae
1895 1201 1992 1247 Lib.
2022 1222 2056 1263 5,

221 1280 316 1329 cap.
343 1284 413 1323 49.
447 1265 497 1309 de
527 1267 661 1310 Malo
687 1278 836 1308 mortim
858 1282 868 1308 ς
900 1263 955 1310 ab
985 1265 1185 1311 Arualdo
1207 1265 1263 1312 de
1283 1266 1521 1313 Villanova
1538 1300 1551 1318 ‚
1584 1266 1702 1312 circa
1725 1283 1889 1311 annum
1921 1283 1935 1309 1
1953 1284 2056 1326 300.

223 1330 393 1376 Medic.
422 1331 601 1374 Pmfflc.
634 1327 730 1373 Lib.
762 1345 800 1372 2.
834 1342 927 1392 cap.
958 1349 1027 1390 43.
1060 1335 1130 1375 De
1154 1330 1289 1390 scabie
1312 1332 1384 1390 Jbu
1416 1334 1580 1394 pruritu
1614 1349 1625 1376 ς
1662 1330 1686 1375 a
1711 1328 1953 1374 Guillelmo
2001 1333 2058 1376 de

230 1392 484 1457 Varignana
503 1426 516 1444 ‚
556 1391 721 1439 eodem
758 1392 935 1439 circiter
971 1410 1175 1458 tempore
1193 1429 1207 1447 ,
1244 1399 1285 1440 in
1312 1399 1486 1441 Secretis
1504 1394 1742 1455 fiiblimibns
1762 1433 1776 1447 ,
1803 1396 1992 1439 Trabiat.
2024 1415 2059 1454 5.

229 1472 321 1522 cap.
349 1476 381 1502 1.
410 1456 436 1502 ἑ
463 1457 687 1504 Bernardo
715 1457 953 1503 Gordonio
974 1493 986 1512 ‚
1018 1477 1136 1504 anno
1174 1477 1310 1522 1305.
1344 1462 1451 1505 Lilii
1472 1463 1667 1524 particiil.
1705 1477 1733 1503 1.
1760 1473 1851 1521 cap.
1885 1476 1954 1515 24.
1985 1476 2058 1503 ru-

224 1523 327 1570 bric.
352 1540 380 1566 1.
409 1521 459 1568 ὠ
480 1537 573 1586 cap.
594 1541 654 1583 25.
691 1521 716 1567 a
735 1521 947 1570 Guidone
971 1524 1028 1570 de
1049 1525 1265 1570 Cauliaco
1285 1558 1297 1576 ‚
1324 1542 1442 1570 anno
1475 1542 1489 1568 1
1506 1532 1599 1585 565.
1628 1525 1854 1587 Chirurgtae
1873 1539 2020 1586 magnae
2043 1560 2062 1577 ,

223 1589 415 1635 Trac‘Zat.
450 1593 491 1631 6.
527 1589 718 1631 Doffrin.
740 1603 770 1631 1.
803 1601 894 1650 cap.
920 1609 958 1648 5.
987 1589 1142 1635 rubrio.
1177 1607 1207 1634 1.
1239 1607 1277 1634 2.
1313 1587 1365 1635 (θ’
1398 1610 1440 1647 4.
1468 1589 1491 1634 a
1523 1587 1708 1635 Valesco
1737 1587 1794 1634 de
1826 1586 2022 1633 Taranta
2042 1621 2057 1640 ,

227 1668 347 1699 anno
372 1655 509 1709 1418.
532 1650 712 1696 Philonii
736 1649 834 1696 Lib.
854 1670 893 1708 7.
916 1667 1035 1716 capp.
1058 1672 1116 1713 35.
1141 1653 1192 1700 ὠ*
1215 1661 1274 1713 56.

289 1720 411 1762 Inter
450 1730 676 1777 unguenta
709 1715 992 1762 mercurialia
1023 1733 1130 1763 tunc
1161 1716 1374 1781 temporis
1408 1715 1487 1762 usu
1524 1715 1814 1780 receptiffima
1838 1715 2060 1761 famosum

225 1778 313 1827 fuit
337 1795 616 1843 unguentum
635 1780 942 1826 Saracenicum
958 1814 969 1833 ‚
990 1781 1096 1828 ideo
1128 1781 1183 1828 fic
1203 1782 1371 1828 dietum
1398 1781 1538 1827 dubio
1559 1781 1713 1845 procul
1728 1780 1850 1844 quod
1870 1779 1925 1825 ab
1946 1783 2061 1825 Ara-

227 1845 358 1892 bibus
393 1845 466 1891 seu
503 1844 729 1891 Saracenis
765 1860 996 1908 acceptum
1027 1847 1283 1894 haberetur.
1319 1849 1448 1893 Extat
1482 1845 1663 1910 sequens
1700 1845 1827 1908 hujus
1862 1843 2061 1893 formula

235 1909 355 1974 apud
380 1907 637 1956 Guidonem
654 1909 759 1955 loco
776 1910 972 1955 laudato.

293 1991 346 2030 13:-
410 1974 624 2037 Euphorb.
655 1974 704 2021 &⁶
727 1976 986 2038 Lithargyrii
1015 1992 1097 2020 ana
1115 1975 1187 2022 lib.
1211 1975 1259 2021 ss.

414 2038 614 2102 Staphid.
646 2042 767 2102 agriae
796 2054 985 2101 quartam
1034 2038 1079 2085 ss.

420 2105 599 2166 Argenti
624 2106 721 2148 vivi
753 2118 941 2164 quartam
960 2109 993 2157 s.

425 2171 631 2231 Aximgiae
658 2171 769 2231 porci
796 2172 945 2213 veteris
968 2166 1039 2213 lib.
1071 2170 1107 2222 J'.

393 2232 697 2294 Incorporando
725 2235 767 2276 in
788 2235 977 2277 mortario
988 2232 1068 2293 fiat
1088 2244 1327 2295 unguentum
1349 2271 1363 2287 ,
1385 2232 1434 2279 de
1452 2250 1525 2296 qim
1553 2248 1649 2297 aeger
1686 2234 1854 2299 inungat
1871 2235 1916 2295 fh
1933 2234 2060 2296 semel

393 2300 435 2340 in
459 2294 705 2358 fieptimand.
2057 2317 2059 2323 ¹

292 2357 465 2405 Debuit
495 2375 773 2422 unguentum
800 2358 912 2405 illud
940 2359 1031 2405 cuti
1061 2358 1223 2405 illitum
1243 2392 1255 2412 ,
1284 2376 1332 2405 ut
1358 2359 1483 2423 quod
1506 2360 1740 2406 Mercurio
1760 2363 1976 2409 constaret
2006 2362 2063 2410 ad

233 2440 402 2470 nonam
429 2439 598 2487 partem
616 2457 629 2476 ‚
661 2422 968 2470 salivationem
999 2441 1186 2470 movere
1207 2424 1253 2469 in
1280 2425 1511 2489 plurimis3
1536 2430 1581 2470 ὃς
1612 2424 1712 2471 sane
1738 2428 1904 2472 constat
1927 2428 2064 2474 etiam

233 2505 316 2535 nec
337 2486 595 2534 Guidonem
616 2522 628 2539 ,
648 2505 730 2534 nec
752 2488 1095 2535 Theodoricum
1128 2488 1245 2534 hunc
1272 2490 1488 2553 unguenti
1509 2489 1712 2536 effeetum
1741 2489 1909 2538 latuisse
1926 2526 1938 2544 ‚
1961 2510 2064 2538 nam

234 2568 422 2615 uterque
451 2551 613 2598 diserte
634 2554 807 2599 monuit
823 2555 896 2600 hoc
917 2556 1162 2599 linimentum
1174 2553 1314 2612 facere
1334 2560 1496 2600 educere
1508 2555 1806 2617 fitperflnitates
1818 2570 1895 2619 per
1914 2574 1949 2600 os
1969 2557 2064 2602 bal-

231 2619 389 2662 neando
409 2654 424 2669 ‚
445 2624 457 2674 (
478 2616 721 2678 bavando)
750 2619 799 2666 cb*
824 2633 898 2682 per
920 2617 1165 2679 snbascellas
1193 2619 1415 2676 resndando
1433 2657 1446 2672 ,
1471 2618 1685 2681 additque
1723 2619 1874 2666 Guido
1915 2636 2064 2684 argen-

237 2697 321 2726 tam
339 2685 488 2726 vivum
509 2699 645 2728 nocere
663 2681 845 2727 membris
864 2682 1159 2747 principalibus
1179 2720 1193 2736 ‚
1213 2682 1263 2728 ῥ’
1287 2683 1466 2729 dentibus
1485 2698 1604 2745 atque
1623 2688 1804 2748 gingivis
1820 2718 1833 2736 ‚
1866 2684 2065 2748 ideoque

235 2746 360 2790 varia
373 2747 585 2809 proponit
597 2745 909 2810 gai-garismata
924 2781 936 2799 ,
952 2764 1045 2809 quat
1058 2746 1112 2792 ab
1127 2764 1207 2794 ore
1221 2747 1438 2794 interiore
1455 2763 1619 2792 noxam
1634 2764 1850 2794 arcerent.
1870 2749 1973 2794 Illos
1994 2766 2066 2795 au·-

238 2827 329 2855 tem
359 2809 511 2856 ambos
538 2812 704 2875 primos
729 2809 855 2857 fuiffe
881 2812 1042 2875 opinor
1062 2844 1074 2863 ‚
1099 2812 1177 2873 qui
1203 2809 1513 2858 salivationem
1540 2812 1878 2859 observaverint
1896 2846 1910 2864 ,
1943 2818 2064 2871 cujus

241 2874 543 2937 antiquiorem
561 2875 732 2921 nullum
750 2876 982 2921 Medicum
1001 2908 1013 2926 ‚
1041 2875 1118 2920 nifi
1138 2875 1290 2920 forsan
1318 2876 1649 2921 Alsaharavium
1669 2910 1682 2928 ‚
1701 2875 1947 2922 meminisse
1970 2893 2065 2921 cre-

236 2939 381 2985 dimus
401 2972 413 2990 ,
445 2944 490 2983 &
521 2940 608 3002 qua
637 2954 787 2985 tamen
810 2939 1007 2986 notabile
1040 2939 1368 2985 incrementum
1398 2940 1636 2986 Medicinae
1661 2940 1860 2993 accessit,
1893 2938 2067 2987 deteffli.

234 3021 396 3067 nempe
421 3002 540 3048 nova
559 3009 605 3048 δε
627 3002 949 3066 antiquioribus
980 3003 1172 3049 Medicis
1199 3003 1429 3066 incognita
1459 3021 1584 3049 nova:
1620 3005 1924 3051 evacuationis
1942 3004 2030 3051 via.

301 3068 520 3133 Oportuit
547 3068 636 3113 haec
658 3067 880 3131 sigillatim
909 3085 1159 3114 memorare
1178 3101 1190 3119 ,
1218 3067 1588 3131 quandoquidem
1622 3070 1787 3115 constat
1814 3069 1921 3115 inde
1957 3070 2067 3116 olim

242 3132 429 3198 petitam
457 3130 584 3180 fuisse
615 3151 668 3180 ex
701 3132 905 3196 analogia
921 3132 1183 3179 methodam
1207 3133 1329 3179 illam
1361 3134 1629 3180 curatoriam
1648 3168 1661 3186 ,
1682 3133 1757 3180 seu
1790 3133 2065 3199 therapeiam

1898 3198 1910 3212 x

237 3198 551 3248 mercurialem
569 3232 583 3253 ,
604 3216 698 3264 quae
731 3216 849 3246 nunc
876 3198 927 3245 ad
954 3199 1037 3247 luis
1063 3215 1262 3247 venereae
1288 3199 1567 3247 curationem
1592 3198 1671 3247 usu
1697 3198 1965 3264 potissimum¹
1996 3200 2065 3248 vi-

2106 258 2245 287 tatores
2261 247 2337 289 ha·-

2106 301 2258 339 buerunt
2275 303 2336 340 fe-

2106 354 2144 392 re
2162 367 2289 392 omues

2103 406 2269 444 Medicos
2284 434 2297 451 ‚

2102 459 2164 508 qui
2193 459 2226 495 in
2258 461 2334 497 Eu-

2101 509 2191 560 topai⁴
2217 511 2339 548 vixere

2099 563 2117 601 a
2135 562 2260 600 saeculo
2275 576 2338 602 uu-

2102 613 2258 654 decimo.

2166 3110 2271 3151 Unde
2296 3110 2345 3147 ad

2112 3163 2337 3202 curationem

2113 3214 2183 3254 luis
2207 3224 2321 3253 vene-
