2477 3643
611 135 1695 186 anan1110CA1’urV111.
1947 148 2030 207 263

193 214 255 267 tis
275 216 480 284 quotidie
503 216 695 282 liquetur
711 251 723 272 ,
743 234 838 282 quae
861 216 942 264 sint
974 232 1027 265 ex
1056 231 1221 280 genere
1242 217 1556 279 anodynorum
1578 225 1625 268 δε
1645 221 2037 287 paregoricorum‚

200 283 369 332 scilicet
390 301 443 331 ex
461 283 571 331 latire
593 316 605 335 ,
624 300 677 331 ex
697 281 794 331 sero
818 281 938 329 laetis
953 315 966 335 ,
986 299 1039 329 ex
1059 281 1246 329 decoCto
1265 281 1464 330 tadicum
1483 283 1669 338 althaeae,
1690 285 1906 334 foliorum
1934 308 2038 338 ver-

197 347 316 396 basci
332 383 344 401 ,
381 346 624 411 cynogloffi
647 382 659 399 ‚
679 363 872 412 quatuor
905 346 1123 394 seminum
1146 345 1417 410 frigidorum
1432 382 1444 400 ,
1463 347 1641 397 seminis
1673 350 1781 403 lini,
1802 357 2036 418 papaveris

193 412 284 459 albi
305 419 392 459 &c.
416 431 470 462 ex
493 411 659 472 jusculo
679 413 861 477 pingui3
882 411 1042 475 quibus
1067 409 1244 474 singulis
1274 409 1594 463 admiscebitur
1623 415 1701 462 ovi
1735 416 1909 464 vitellus
1926 450 1938 469 ,
1960 421 2034 466 vel

196 475 452 525 saccharum
472 477 621 524 album
637 510 649 529 ,
667 478 737 524 vel
756 478 908 524 oleum
929 495 982 524 ex
1003 475 1246 539 amygdalis
1266 476 1469 524 dulcibus
1487 478 1733 544 expressum
1754 498 1765 535 3
1785 480 1877 528 imo
1894 482 2030 531 etiam

195 543 415 608 praestabit
456 542 728 607 quandoque
763 542 912 591 oleum
945 541 1280 604 amygdalinum
1302 541 1518 590 sincerum
1554 544 1744 608 clysteris
1770 544 1916 593 formai
1943 547 2030 594 im-

192 609 389 655 mittere.

244 677 313 719 11.
351 672 394 719 Si
431 671 540 719 verb
574 687 665 719 arte
686 671 805 717 elusa
825 669 894 719 vel
928 668 1130 734 superata
1159 668 1529 719 inflammatorius
1553 674 1750 739 praeputii
1781 691 1855 722 aut
1876 674 2024 724 balani

190 749 344 783 tumor
373 738 420 784 in
442 737 534 784 dies
552 735 830 800 ingravescat
859 752 960 781 cum
979 735 1149 781 doloris
1165 769 1178 788 ‚
1195 736 1354 782 caloris
1369 771 1382 790 ,
1406 737 1612 784 tenfionis
1633 757 1874 803 augmento
1892 775 1905 794 ‚
1930 742 2022 788 imo

188 799 219 846 fi
244 802 306 848 ita
334 801 524 874 persistat
544 836 556 855 ,
574 820 621 848 ut
652 801 728 847 usu
750 799 1077 865 propositorum
1100 801 1406 847 remediorum
1438 803 1555 848 intra
1586 802 1658 850 sex
1684 805 1909 870 septemve
1928 807 2022 856 dies

189 865 248 912 ad
276 868 594 914 reiolutionem
621 866 824 931 proxime
853 883 945 910 non
974 865 1127 912 tendat
1151 899 1163 917 ‚
1197 866 1359 912 merito
1390 867 1643 914 timendum
1674 872 1732 915 est
1756 871 1803 916 in
1828 888 2022 936 utroque

188 930 290 976 casu
313 950 368 978 ne
402 932 636 995 stagnantis
660 930 880 994 sanguinis
901 931 1029 995 copi&
1067 936 1114 976 δέ
1147 930 1359 977 virulenti
1378 931 1579 979 humoris
1605 934 1731 980 mora
1757 936 1802 981 in
1822 954 2026 1002 gangrae-

188 1012 291 1042 mm
313 996 527 1044 desiturus
552 995 616 1042 sit.
647 996 875 1053 Quocirca
906 995 1129 1042 advocato
1162 996 1412 1059 Chirurgiae
1437 998 1602 1043 auxilio
1633 999 1926 1049 discindenda
1945 1006 2025 1051 sta·-

188 1061 271 1106 tim
293 1063 502 1126 repagula
516 1097 528 1115 ,
544 1061 704 1125 quibus
738 1060 960 1123 sanguinis
984 1060 1216 1106 circulatio
1236 1060 1468 1107 inhibetur
1489 1063 1560 1109 vel
1581 1065 1828 1112 retardatur
1844 1101 1856 1119 ,
1879 1073 1925 1114 δε
1951 1070 2025 1117 via

188 1126 234 1171 vi
259 1127 499 1191 aperienda
533 1128 592 1173 est
621 1128 833 1189 stagnanti
853 1125 1034 1176 cruori,
1056 1141 1103 1170 ut
1138 1125 1264 1188 poffit
1298 1125 1404 1171 inde
1434 1125 1729 1176 inflammatio
1759 1132 1830 1178 vel
1850 1132 2025 1180 resolu-

188 1189 313 1237 tione
345 1192 507 1244 celeri‚
529 1192 601 1237 vel
624 1191 716 1236 tuta
739 1189 1053 1254 suppuratione
1085 1190 1280 1235 feliciter
1309 1191 1572 1248 terminari,
1601 1211 1650 1238 ac
1684 1196 1876 1258 proinde
1900 1202 2023 1259 juxta

187 1253 369 1319 scopum
386 1256 582 1303 secundae
599 1255 886 1301 iudicationis
904 1254 1144 1300 imminens
1159 1271 1454 1319 praecaveatur
1473 1272 1714 1320 gangraenae
1733 1263 1997 1324 periculum.

256 1325 411 1383 ltaque
432 1339 486 1366 eo
505 1320 593 1367 fine
614 1354 626 1372 ‚
652 1329 712 1365 10.
742 1326 791 1366 In
812 1318 1000 1384 phimofi
1019 1319 1278 1384 praeputium
1297 1320 1591 1366 incidendum
1613 1324 1671 1368 est
1688 1357 1700 1375 ‚
1721 1342 1813 1371 non
1832 1328 2024 1390 quidem

185 1382 314 1448 supra
339 1385 486 1431 balani
506 1383 688 1432 dorsum
706 1418 718 1437 ‚
740 1384 825 1448 qua
846 1384 1090 1447 grandiora
1121 1383 1220 1431 vasa
1254 1402 1509 1449 perreptant
1528 1420 1540 1438 ,
1571 1385 1646 1432 sed
1678 1389 1732 1434 ad
1763 1390 2024 1440 alterutrum

189 1450 263 1495 vel
308 1465 546 1513 utrumque
589 1450 762 1514 glandis
787 1450 898 1496 latus
927 1469 936 1495 t
970 1450 1110 1513 Igitur
1140 1449 1312 1495 intruso
1345 1449 1499 1496 sensim
1532 1451 1650 1498 inter
1684 1456 1944 1519 praeputium
1977 1465 2026 1505 ὃς

186 1514 396 1578 glandem
414 1517 628 1562 alterutro
641 1514 848 1562 forficum
865 1514 993 1579 scapo
1009 1548 1021 1567 ,
1042 1515 1119 1578 qui
1134 1513 1260 1560 fimus
1274 1513 1323 1560 sit
1340 1521 1385 1561 δε
1403 1516 1649 1580 praepilatus
1667 1552 1679 1571 ,
1700 1522 2024 1585 comprehensa

187 1579 305 1626 cutis
332 1580 418 1626 alte
438 1580 691 1626 diffecanda
708 1582 767 1626 est
781 1613 793 1631 ‚
814 1585 859 1624 &
877 1579 908 1624 si
922 1580 1051 1626 unica
1073 1578 1208 1626 sectio
1231 1579 1490 1643 detegenda:
1510 1581 1662 1643 glandi
1689 1601 1780 1629 non
1811 1584 1993 1634 sufficiat
2010 1623 2024 1642 ,

193 1661 376 1708 compar
400 1645 448 1689 in
469 1660 592 1707 parte
622 1644 819 1708 opposita
837 1643 1105 1690 instituenda
1123 1646 1182 1690 est
1201 1643 1330 1689 sunili
1358 1647 1583 1691 cautione.
1617 1649 1755 1706 Quod
1770 1648 1800 1694 fi
1820 1668 2029 1699 commo-

188 1708 247 1763 de
267 1726 357 1755 non
383 1709 512 1773 possit
535 1725 621 1773 prae
642 1708 836 1772 angusti&
854 1709 943 1754 loci
960 1707 1109 1772 scapus
1130 1707 1337 1754 foi-ficum
1355 1709 1453 1755 satis
1480 1710 1565 1756 alte
1581 1711 1750 1758 intrudi
1766 1747 1779 1765 ‚
1795 1714 2027 1778 specillum

189 1772 404 1819 sulcatum
426 1774 500 1820 seu
526 1774 722 1819 striarum
740 1772 858 1838 prius
882 1773 1194 1820 insinuandum
1214 1775 1272 1820 est
1286 1808 1299 1826 ‚
1321 1778 1442 1835 cujus
1469 1793 1553 1839 ope
1571 1775 1745 1823 facilior
1771 1782 2025 1846 certiorque

186 1838 260 1884 via
284 1838 398 1901 apici
418 1838 533 1903 scapi
560 1838 793 1902 aperiatur.
829 1843 938 1884 Sunt
970 1837 1130 1903 quibus
1153 1839 1358 1884 videatur
1384 1840 1666 1903 praestabilius
1694 1842 1794 1889 loco
1814 1841 2025 1894 forficum

186 1903 373 1948 cultello
398 1904 603 1949 tenuiore
634 1903 699 1948 uti
719 1903 773 1948 ad
802 1901 997 1949 formam
1023 1902 1213 1968 scalpelli
1245 1902 1498 1967 scriptorii,
1528 1909 1647 1966 cujus
1673 1925 1781 1971 apex
1809 1911 1879 1956 vel
1910 1912 2033 1961 solus·

186 1965 266 2014 sed
287 1967 471 2030 globulo
498 1986 631 2015 cereo
655 1984 871 2020 armatus,
891 1968 962 2015 vel
998 1985 1075 2032 per
1115 1985 1295 2014 crenain
1327 1969 1491 2032 specilli
1520 1970 1639 2034 prius
1668 1973 1842 2020 immissi
1876 1975 2026 2025 subter

189 2033 450 2097 praeputium
472 2033 750 2098 pedetentim
770 2033 901 2097 plano
921 2032 1001 2079 situ
1022 2033 1322 2079 introducitur
1341 2033 1397 2079 ad
1427 2049 1623 2098 optatam
1641 2036 1923 2087 altitudinem
1943 2078 1953 2094 ‚
1978 2049 2024 2089 δε

130 2138 133 2141 .
182 2115 279 2161 quo
297 2097 520 2161 pertusum
542 2097 675 2145 semel
700 2099 958 2163 praeputium
991 2099 1263 2145 retrahendo
1296 2097 1562 2145 discinditur
1585 2120 1594 2145 :
1616 2102 1704 2148 Sed
1735 2103 1781 2148 in
1804 2122 1852 2149 re
1884 2106 2025 2154 istius-

187 2162 342 2215 modi,
359 2181 454 2226 quae
474 2163 656 2210 levioris
675 2164 894 2219 momenti
910 2165 969 2211 est
982 2197 995 2218 ,
1017 2163 1203 2210 cuilibet
1220 2179 1266 2210 ut
1287 2162 1365 2209 suo
1381 2162 1516 2228 sapiat
1535 2166 1721 2229 ingenio
1734 2201 1746 2220 ,
1768 2167 1900 2217 facile
1922 2191 2024 2238 per-

189 2228 463 2274 mittendum
489 2227 730 2275 censemus.

190 2330 194 2334 ,
256 2301 320 2338 20.
352 2293 494 2340 Simili
526 2292 709 2340 consilio
736 2292 783 2337 in
805 2291 1099 2356 paraphimosi
1117 2291 1348 2340 annulares
1371 2311 1486 2357 rugae
1517 2294 1773 2359 complicati
1787 2300 2022 2363 praeputii,

184 2357 347 2420 quibus
377 2358 550 2421 glandis
579 2375 748 2403 corona
782 2357 936 2402 aterius
962 2357 1215 2419 stringitur,
1248 2359 1422 2422 vulgari
1448 2359 1679 2423 scalpens),
1707 2362 1832 2424 quod
1849 2364 2022 2421 Bistouri

188 2423 346 2468 dicunt
367 2455 378 2474 ,
414 2421 691 2469 transversim
717 2421 976 2467 diffecandae
1008 2420 1210 2467 incisuris
1235 2422 1403 2486 aliquot
1436 2424 1902 2488 perpendicularibuS,
1924 2447 2022 2492 quae

191 2486 314 2550 penis
336 2486 594 2532 rectitudini
619 2486 915 2550 respondeant
935 2520 947 2538 ‚
979 2486 1261 2549 adduetoque
1290 2489 1395 2535 dein
1414 2489 1629 2553 prtrputio
1662 2490 1787 2554 super
1811 2492 2022 2554 glandem

192 2567 307 2613 rugae
341 2551 441 2596 ante
475 2552 722 2614 constipata:
751 2550 905 2596 sedulo
935 2550 1205 2614 explicandae
1241 2551 1351 2608 sunt.
1402 2558 1597 2617 Oportet
1626 2572 1772 2600 autem
1810 2556 2023 2604 incisuras

190 2616 389 2680 ptaeputii
416 2616 462 2661 in
482 2615 681 2680 praesenti
710 2615 809 2661 casu
827 2650 839 2668 ,
858 2615 965 2662 sicut
989 2616 1222 2663 ineismnes
1245 2617 1441 2677 ejusdem
1470 2619 1516 2663 in
1534 2620 1814 2682 praecedente
1838 2623 2021 2685 opplere

192 2681 334 2726 statim
361 2681 608 2728 linamento
627 2680 740 2726 sicco
762 2681 816 2726 ad
836 2681 1207 2745 haemorrhagiam
1227 2684 1583 2746 restinguendam
1603 2717 1615 2736 ,
1638 2703 1686 2731 ac
1705 2686 1851 2750 postea
1874 2686 2023 2752 diges-

192 2745 288 2791 tivo
307 2744 492 2810 firnplici
508 2752 552 2792 ὃς
571 2746 737 2793 deinde
756 2745 952 2792 balsamo
969 2748 1109 2792 Arcaei
1124 2765 1279 2794 curare
1295 2781 1306 2800 ,
1328 2765 1373 2793 ut
1398 2749 1498 2795 artis
1515 2749 1588 2794 est.

262 2818 323 2869 30.
367 2816 418 2855 In
448 2812 594 2874 priore
622 2812 806 2874 quidem
843 2812 1107 2875 operatione
1145 2812 1350 2860 revoluto
1385 2815 1478 2877 post
1513 2813 1772 2861 mcifionem
1805 2814 2020 2879 praeputio

190 2874 544 2922 exulcerationes
572 2877 770 2938 maligna:
805 2875 1059 2938 foetidaeque
1079 2910 1090 2927 ‚
1122 2893 1215 2938 quae
1252 2875 1400 2922 subtus
1436 2878 1630 2924 latebant
1661 2897 1672 2931 3
1700 2880 1747 2923 in
1780 2880 2022 2942 posteriore

194 2938 304 2985 vero
327 2939 548 3002 explicato
574 2941 789 3003 praeputio
808 2973 819 2991 ‚
841 2939 993 2984 fiss‘urae
1017 2940 1318 3002 rhagadesque
1334 2959 1488 2987 omnes
1506 2976 1517 2993 ‚
1540 2959 1634 3004 qua'
1652 2947 1768 2988 intra
1788 2943 1928 2989 sulcos
1948 2946 2023 2991 de-

192 3002 457 3050 litescebant
472 3037 484 3056 ,
501 3003 772 3050 diluentibus
787 3038 799 3055 ‚
821 3003 1119 3049 relaxantibus
1135 3038 1147 3055 ,
1170 3003 1491 3051 resolventibus
1505 3041 1516 3057 ‚
1541 3007 1802 3053 vulnerariis
1817 3042 1828 3061 ,
1855 3009 2026 3073 phagae·

193 3068 395 3120 denicis‚
426 3069 573 3131 qualia
594 3069 719 3133 supra
741 3067 1049 3132 proposuimus
1067 3103 1077 3120 ‚
1111 3068 1309 3116 eluenda:
1329 3104 1340 3121 ‚
1366 3070 1650 3135 suppurandae
1674 3106 1684 3123 ‚
1710 3073 2024 3136 detetgemiae,

196 3133 540 3182 mundificandae
576 3134 701 3186 sunt,
725 3134 869 3180 donec
898 3151 951 3181 ex
974 3134 1076 3180 artis
1095 3133 1267 3197 legibus
1292 3136 1499 3182 cicatrice
1521 3138 1704 3184 tandem
1729 3137 2026 3185 obducantur.

252 3207 326 3260 40.
354 3199 506 3265 Siqua
533 3199 652 3249 bulla
678 3198 925 3265 crystallina
953 3216 1037 3250 nec
1067 3198 1339 3249 resolutione
1360 3201 1624 3258 evanescat,
1651 3220 1732 3251 nec
1751 3204 1908 3269 sponte
1940 3203 2032 3259 dis-2

2116 700 2242 739 Altera
2263 711 2299 753 3z

2071 763 2111 789 Ut
2130 765 2259 790 liutm-

2082 817 2164 841 nens
2198 818 2297 856 gan-

2070 870 2190 909 grael‘la
2206 871 2303 908 ptaec.

2071 922 2260 961 caveatur,
