2477 3643
469 140 559 188 282
847 138 953 187 DE
1021 136 1387 187 MQRMS
1457 136 1974 191 VENERErts.

454 269 458 272 .
543 226 605 280 5⁰·
635 216 849 270 Similiter·
879 218 934 269 ab
949 233 1194 282 {egrotante
1221 214 1486 265 discendum
1507 218 1567 268 est
1586 234 1642 266 an
1670 218 1795 286 porri
1814 234 1889 268 aut
1915 235 2119 273 verruca!
2133 222 2308 276 success·

473 281 614 332 serint
635 282 815 350 impuro
835 283 1126 334 concubitui,
1149 281 1227 348 qui
1246 297 1397 330 recens
1417 280 1523 331 effer
1539 315 1552 337 ‚
1572 297 1704 348 atque
1728 283 1841 334 adeo
1861 285 1885 333 εὶ
1906 287 2118 353 contagio
2133 290 2306 354 genitaa

471 347 588 396 libus
615 365 755 412 nuper
774 348 912 396 affuso
930 345 1369 413 progerminaverint
1389 358 1403 393 ἲ
1427 349 1500 392 An
1519 349 1675 396 contra
1696 347 1808 397 eitra
1829 349 2122 401 concubitum
2140 354 2277 403 ullum
2289 388 2305 411 ,

481 414 559 476 qui
576 413 794 477 suspestus
807 413 891 459 effe
914 412 1039 476 possit
1057 445 1071 464 ,
1092 410 1248 475 sponte
1262 409 1516 475 prodierint
1534 446 1547 466 ,
1579 428 1712 477 atque
1740 414 1853 463 adeo
1870 415 1894 464 ἐ.
1912 414 2103 466 [eminio
2129 418 2179 466 in
2206 418 2307 469 san-

473 478 658 544 guinem
678 482 764 540 jam
783 476 960 544 pridem
978 474 1126 524 infuso
1148 474 1470 542 dependeant*

974 614 1014 663 §.
1072 610 1127 653 V.
1215 608 1807 654 PROGNOSIS.

233 732 433 795 ProgUnofis
472 747 474 749 ’
544 740 602 781 10.
649 740 861 781 Venereae
889 733 1151 798 genitalium
1180 733 1488 782 excrescenriae
1515 751 1570 781 ex
1599 731 1646 786 se
1671 733 1858 798 quidem
1885 735 2004 786 leves
2032 739 2132 788 sunt
2165 776 2178 796 ,
2211 740 2312 807 pos.

199 788 432 876 vffnffijbssffl'
482 799 666 863 suntque
680 799 802 844 facili
821 800 1011 863 negotio
1033 799 1243 846 radicitus
1263 800 1489 864 extirpari.

198 851 266 944 ἓξ,
301 852 432 929 ‹isacii-
536 873 599 911 20.
629 870 685 910 At
704 865 813 911 vero
830 865 1001 912 ratione
1023 863 1157 911 causae
1174 864 1404 927 graviores
1423 862 1508 912 esse
1530 860 1704 928 possunt
1723 896 1736 915 ,
1760 881 1922 931 nempe
1950 866 1980 912 fi
2008 868 2031 913 a
2051 867 2239 916 seminio
2263 871 2311 916 in

199 957 273 981 tate
292 923 404 981 etiusae
418 971 429 988 ,
482 929 743 993 sanguinem
757 934 846 992 jam
862 930 1037 994 pridem
1057 929 1204 977 infuso
1226 930 1530 994 producantur
1545 964 1558 982 ,
1574 929 1788 994 quoniam
1817 946 1921 977 tunc
1936 933 2056 979 luem
2077 952 2315 982 veneream

196 996 215 1048 ὲ
248 997 320 1045 qua
362 996 424 1034 de.
477 995 786 1042 confirmatam
814 1011 1004 1058 arguunt
1023 1029 1034 1048 ‚
1056 999 1177 1055 cujus
1197 994 1530 1058 hydrargyrofis
1551 994 1682 1040 unica
1705 994 1930 1043 medicina
1957 999 2029 1044 est.

194 1045 358 1106 pendent.
539 1071 604 1124 30.
630 1061 755 1118 Quin
788 1060 881 1105 imo
902 1061 1005 1107 licet
1030 1061 1273 1107 constiterit
1295 1060 1473 1108 easdem
1496 1058 1652 1107 inferri
1672 1059 1696 1105 a
1718 1058 1823 1106 tabo
1857 1062 2125 1126 genitalibus
2153 1079 2312 1110 recen-

479 1139 544 1172 ter
565 1124 831 1191 superaffuso
852 1125 899 1170 in
918 1125 1097 1190 impuro
1115 1125 1359 1172 concubitu
1377 1159 1390 1178 ,
1416 1125 1664 1190 periculum
1687 1141 1837 1172 tamen
1856 1129 1915 1174 est
1935 1145 1991 1174 ne
2012 1128 2130 1176 virus
2145 1163 2157 1181 ‚
2185 1127 2311 1192 quod

478 1189 631 1238 subter
658 1190 895 1237 cuticulam
923 1195 1009 1252 jam
1044 1192 1295 1256 penetravit
1314 1225 1325 1243 ‚
1362 1208 1443 1237 nec
1472 1190 1578 1236 inde
1611 1191 1752 1254 potest
1783 1190 1871 1237 ulla
1893 1193 2068 1241 ratione
2096 1193 2310 1245 effluere,

476 1256 663 1303 ulterius
693 1254 969 1320 progreffum
1001 1254 1260 1320 sanguinem
1288 1255 1565 1320 pedetentim
1592 1255 1798 1318 inquinet
1815 1289 1828 1308 ,
1851 1262 1897 1304 &
1925 1258 2046 1305 luem
2071 1258 2312 1305 confirma-

483 1335 573 1367 tam
598 1322 783 1367 tandem
809 1319 973 1367 inferat
993 1354 1006 1374 ‚
1026 1320 1055 1366 fi
1077 1322 1309 1368 omittatur
1333 1321 1726 1367 antivenereorum
1745 1320 1859 1367 usus.

535 1387 601 1444 4⁰.
640 1387 760 1432 Hinc
780 1386 921 1449 liquet
947 1385 1066 1431 luem
1095 1386 1405 1432 confirmatam
1433 1386 1696 1450 plerumque
1716 1387 1843 1449 argui
1861 1386 1883 1432 a
1903 1387 2046 1452 porris
2075 1391 2122 1432 δε
2152 1404 2312 1434 verru-

476 1450 539 1496 cis
557 1451 820 1515 genitalium
839 1451 1038 1497 venereis
1056 1485 1068 1504 ,
1088 1452 1159 1498 vel
1177 1467 1387 1515 tanquam
1405 1449 1577 1507 causam
1597 1483 1609 1502 ‚
1629 1450 1700 1495 vel
1720 1466 1931 1513 tanquam
1959 1451 2181 1499 effectum.
2218 1454 2312 1498 Ca-

476 1533 533 1562 ve
555 1532 704 1563 tamen
734 1534 789 1562 ne
812 1533 913 1561 cum
931 1515 1264 1580 Chirurgorum
1284 1516 1422 1579 vulgo
1451 1516 1572 1562 luem
1592 1531 1831 1561 veneream
1859 1516 1908 1562 in
1940 1516 1992 1562 iis
2014 1516 2224 1563 omnibus
2251 1517 2313 1563 la-

476 1594 573 1627 tere
593 1581 760 1627 temere
784 1580 1024 1626 concludas
1044 1615 1056 1633 ‚
1079 1599 1275 1645 quorum
1293 1580 1504 1644 genitalia
1525 1579 1598 1626 vel
1618 1579 1901 1644 praesentibus
1925 1581 2182 1628 obsidentur
2206 1599 2313 1646 por·

476 1645 539 1691 ris
558 1661 631 1691 aut
652 1646 850 1692 verrucis
870 1679 881 1697 ,
902 1645 975 1692 vel
992 1646 1103 1692 olim
1124 1644 1289 1693 obsessa
1310 1644 1409 1691 sunt
1427 1664 1439 1699 ·‚
1459 1644 1560 1691 cum
1580 1643 1700 1691 certa
1726 1645 2001 1709 experientia
2034 1661 2311 1710 compertum

477 1709 530 1755 fit
558 1728 714 1774 porros
734 1715 779 1756 ἃ
801 1728 1007 1757 verrucas
1027 1744 1039 1762 ,
1067 1712 1144 1774 qui
1165 1712 1188 1757 :l
1211 1710 1421 1774 contagio
1450 1709 1707 1774 dependent
1738 1726 1941 1757 recenter
1957 1710 2141 1757 admiffo
2157 1744 2171 1764 ,
2191 1711 2314 1758 radi-

478 1774 592 1821 citus
619 1776 762 1821 curari
781 1775 871 1822 fine
892 1774 980 1821 ulla
1002 1777 1119 1822 noxa
1138 1811 1150 1829 ,
1169 1794 1262 1840 quae
1285 1776 1334 1821 in
1354 1775 1567 1838 sanguine
1587 1774 1794 1839 superstes
1819 1774 1882 1820 fit.

215 1855 262 1893 Et
276 1863 431 1892 numero
551 1842 613 1898 5⁰.
641 1842 768 1886 Porri
787 1875 799 1891 ‚
818 1857 1014 1887 verrucae
1031 1874 1042 1893 ,
1065 1843 1381 1903 condylomata
1398 1874 1410 1892 ,
1439 1841 1572 1886 cristae
1593 1840 1856 1903 genitalium
1874 1873 1886 1892 ,
1914 1839 1944 1885 fi
1963 1840 2238 1887 inflammata
2263 1839 2312 1886 in

196 1919 263 1945 aur
315 1904 432 1957 gradu
483 1904 725 1951 absceffum
755 1904 916 1951 abeant
962 1921 1036 1950 aut
1073 1906 1104 1951 si
1133 1905 1405 1953 lancinantia
1451 1904 1847 1951 carcinomatoden
1880 1920 2085 1951 naturam
2132 1921 2312 1952 contra-

197 1959 424 2011 symptoma-
484 1968 592 2014 hant
613 2003 624 2020 ,
646 1970 781 2032 quam
803 1969 1037 2016 celerrime
1066 1970 1328 2036 extirpanda
1352 1970 1451 2016 sunt
1468 2003 1482 2024 ‚
1512 1986 1569 2017 ne
1598 1969 1846 2016 cunctando
1870 1969 2067 2025 finitimae
2091 1986 2236 2035 partes
2264 1970 2314 2017 in

196 2020 434 2113 ἷὲἓὲζγέῃχ
484 2032 684 2097 ejusdem
713 2034 836 2097 labis·
852 2031 1129 2082 consortium
1151 2037 1394 2082 trahantur.

198 2115 312 2155 ‘’mm‘'
1149 2167 1167 2209 1
1256 2166 1297 2210 c
1328 2167 1375 2210 U
1414 2168 1454 2211 R
1486 2166 1525 2212 A
1558 2167 1598 2211 T
1637 2169 1655 2210 1
1691 2166 1734 2211 o

542 2292 691 2339 Porris
707 2327 717 2344 ‚
740 2293 937 2339 verrucis
953 2327 965 2344 ,
985 2292 1311 2354 condylomatis
1331 2326 1344 2345 ,
1371 2293 1503 2339 cristis
1532 2293 1694 2358 duplex
1729 2292 1952 2340 medicina
1983 2291 2188 2340 facienda
2221 2295 2309 2350 est3

480 2358 621 2404 altera
641 2359 816 2404 interna
836 2393 848 2410 ,
872 2375 966 2421 quae
989 2356 1177 2404 seminio
1198 2359 1424 2404 virulento
1444 2360 1491 2404 in
1513 2358 1772 2422 sanguinem
1791 2362 1879 2419 jam
1898 2358 2089 2420 ingresso
2116 2359 2186 2405 vel
2204 2377 2308 2423 pro-

482 2423 602 2469 xime
637 2422 883 2486 ingressuro
914 2423 1143 2471 medeatur
1162 2442 1173 2477 ·,
1193 2439 1377 2474 externa
1413 2423 1549 2471 altera
1577 2457 1591 2477 ,
1626 2423 1858 2488 quaepartis
1889 2423 2048 2470 vitium
2083 2422 2231 2470 deleat
2261 2431 2310 2472 δε

482 2487 713 2534 emendet.
2036 2543 2041 2547 ἱ

255 2550 403 2588 Imma
544 2557 579 2598 Ι.
612 2553 747 2598 Circa
772 2551 996 2599 internam
1024 2551 1206 2616 quidem
1235 2551 1508 2600 medicinam
1527 2587 1539 2606 ‚
1574 2552 1603 2598 fi
1639 2552 1854 2616 colligere
1885 2551 2016 2600 liceat
2046 2570 2100 2598 ex
2130 2552 2311 2600 indiciis

200 2601 418 2691 Zeresceri-e
483 2617 742 2680 urgentibus
769 2617 888 2663 luem
918 2636 1153 2664 veneream
1186 2617 1356 2670 latere,
1400 2626 1458 2664 10.
1491 2618 1625 2664 Plena
1659 2617 1971 2681 hydrargyrosi
2003 2617 2218 2663 utendum
2250 2620 2309 2665 est

202 2666 338 2761 {4532}
355 2667 368 2691 t
386 2668 398 2691 ¹
424 2678 435 2686 ’
489 2686 610 2743 juxta
629 2682 892 2728 methodum
918 2682 1036 2727 infrzl
1062 2683 1402 2746 proponendam
1417 2716 1428 2734 ‚
1447 2682 1546 2727 cum
1565 2682 1615 2728 ea
1637 2682 1807 2729 tanturn
1827 2682 2000 2732 ratione
2021 2681 2164 2735 virus,
2183 2683 2308 2746 quod

485 2746 535 2793 in
559 2745 818 2808 sanguinem
836 2751 921 2806 jam
939 2746 1133 2792 infusum
1150 2748 1209 2793 est
1221 2780 1233 2799 ‚
1250 2747 1372 2792 certo
1392 2746 1655 2793 debelletur.

557 2819 621 2856 20.
656 2810 792 2868 Quod
815 2810 843 2856 si
863 2828 1078 2874 aegrotans
1106 2811 1207 2857 huic
1239 2811 1455 2858 methodo
1486 2829 1567 2859 ceu
1604 2810 1850 2875 operosiori
1871 2824 2089 2874 repugnet
2107 2843 2118 2861 ‚
2147 2825 2191 2855 at
2226 2809 2308 2857 sal-

483 2891 572 2922 tem
602 2875 863 2923 adhibendae
890 2875 988 2923 sunt
1018 2876 1268 2925 identidem
1288 2876 1480 2923 leviores
1497 2877 1713 2940 unguenti
1734 2875 2006 2923 mercurialis
2026 2875 2306 2921 inunctiones

480 2939 611 3005 super
629 2940 837 3004 genitalia
855 2975 867 2993 ‚
888 2941 1071 3005 inguina
1085 2975 1097 2993 ,
1116 2958 1239 2988 nates
1255 2946 1342 2988 δίε.
1364 2942 1435 2989 vel
1458 2940 1777 3006 praescribenda
1796 2955 2034 3005 praeparata
2054 2939 2304 2990 Mercuria-

480 3004 542 3052 lia
562 3039 573 3057 ,
593 3023 688 3068 quae
718 3005 1023 3071 diaphoretica
1044 3006 1124 3053 lint
1142 3012 1189 3053 δε
1208 3007 1338 3052 tacite
1365 3007 1652 3055 antivenerea
1664 3039 1678 3059 ‚
1704 3005 1941 3067 interjectis
1959 3003 2210 3050 identidem
2228 3019 2302 3047 ca-

480 3068 682 3115 tharticis
700 3102 713 3120 ,
744 3088 837 3133 quae
865 3071 1073 3118 humores
1101 3071 1156 3117 ad
1186 3070 1382 3118 salivales
1412 3071 1642 3134 glandulas
1674 3070 1950 3117 confluentes
1976 3067 2185 3115 deorsum
2221 3066 2301 3113 de-

480 3134 667 3249 turbeizt
687 3166 718 3210 ,Α
735 3138 857 3196 juxta
891 3136 1156 3188 methodum
1176 3170 1191 3191 ‚
1227 3153 1363 3202 quam
1395 3134 1526 3203 supra
1553 3135 1863 3202 proposuimus
1900 3137 2047 3199 Capite
2080 3150 2113 3178 1.
2145 3129 2222 3178 ubi
2248 3130 2296 3179 de

477 3212 626 3260 gonorr
657 3216 734 3248 cea,
1089 3222 1098 3229 ⁴
2133 3224 2135 3227 ·
