2477 3643
189 229 304 270 neque
345 219 367 256 ἐι

186 272 364 322 qualitate
377 270 422 306 es-

188 335 331 365 carum,
343 322 423 373 qui.

187 372 253 410 bus
270 375 420 414 victita-

188 436 278 463 tent.

248 2408 318 2446 Sed
333 2408 417 2446 for-

193 2457 254 2496 san
279 2475 322 2499 ex
352 2475 421 2500 va-

193 2512 241 2563 ga
256 2540 267 2556 ,
282 2514 423 2550 immo-

190 2564 318 2603 deratfi
348 2571 383 2604 &

190 2616 399 2665 promiscua}

190 2680 318 2705 venere
334 2697 346 2714 ,
380 2681 423 2707 ac

189 2718 367 2759 virulenta

190 2774 395 2811 menstruo·

191 2835 271 2859 rum
296 2826 392 2864 acri-

192 2877 328 2917 monia.

459 116 524 166 '62
809 113 1347 161 DEMORBIS
1422 113 1919 163 VENEREIS.

464 192 626 259 quibus
643 193 865 258 indigenae
888 191 1143 239 utebantur.
1174 187 1320 235 Moris
1346 186 1530 251 quidem
1546 187 1795 233 communis
1818 187 1930 242 fuit,
1945 203 1994 235 ut
2006 189 2302 239 vescerentur:

465 260 622 325 paratis
641 257 715 305 seu
732 258 892 305 batatis
910 290 923 310 ‚
950 254 1096 303 farina
1115 253 1254 300 tritici
1275 253 1422 300 Indici
1449 252 1571 315 quod
1587 257 1739 316 ⁴Mayz.
1766 252 1928 299 dicitur
1947 287 1960 306 ,
1986 254 2153 303 cassav&
2170 288 2184 309 ,
2213 275 2294 303 va*

466 323 632 388 riisque
658 322 874 370 fruetibus
903 320 1063 367 horaeis
1082 352 1094 371 ,
1129 336 1241 381 quos
1275 317 1388 364 filvae
1422 317 1681 380 suggerunt,
1717 317 1803 363 Sed
1836 317 1867 363 si
1899 318 2077 365 illorum
2107 316 2299 384 penuria:

465 388 572 437 effer
588 424 601 442 ‚
629 404 677 449 ut
701 388 786 436 effe
810 386 967 433 debuit
997 383 1217 447 saepiffime
1239 382 1354 447 apud
1376 383 1561 444 ignavos
1578 416 1591 434 ‚
1618 383 1768 445 pigros
1785 415 1797 434 ‚
1824 382 2073 430 incuriosos
2092 418 2106 436 ,
2126 385 2301 432 laboris

464 453 745 518 impatientes
765 452 969 499 homines
988 483 1000 502 ‚
1024 448 1143 494 haud
1162 446 1467 494 detrestabant
1490 447 1717 493 vermibus
1736 480 1748 498 ‚
1770 449 1939 495 araneis
1953 483 1966 501 ,
1989 448 2295 513 serpentibus,

466 517 855 583 vespertilionibus
869 550 882 568 ,
905 513 1089 577 aliisque
1111 511 1159 558 id
1179 530 1316 575 genus
1335 512 1685 575 inquinamentis
1706 510 1840 556 vesci.

529 583 730 645 Largiter
748 581 986 628 utebantur
1003 577 1296 624 condimento
1315 577 1512 640 quodam
1528 577 1699 622 acriore
1717 609 1731 628 ,
1745 576 1868 638 quod
1883 581 2021 622 Yraca
2041 577 2295 633 nominant,

467 665 522 695 ex
555 647 775 693 radicibus
798 651 844 692 δε
874 644 994 690 foliis
1021 642 1116 694 ari,
1150 642 1273 705 quod
1302 644 1428 688 caulis
1466 640 1714 687 Caribarum
1739 640 1902 686 dicitur
1924 674 1936 693 ,
1963 641 2144 688 surculis
2163 659 2293 707 pata-

467 728 611 759 tarum
634 717 679 757 &
699 710 885 757 mombini
901 747 918 763 ,
951 725 1053 755 cum
1078 707 1201 769 larg&
1233 704 1361 770 copia
1393 705 1549 770 capsici
1576 704 1651 751 seu
1676 703 1839 768 piperis
1867 705 2042 760 Indici,
2070 707 2196 772 quod.
2216 711 2297 754 axi

467 776 691 825 vocabant
706 809 718 828 ,
741 774 951 821 confesto
967 807 979 826 ‚
1000 790 1091 836 quo
1112 787 1267 818 caetera
1289 771 1455 818 cibaria
1482 768 1780 833 intingebant.

527 840 755 906 Saepiffime
788 839 873 885 una
909 836 1237 885 conveniebant
1255 870 1268 890 ,
1288 852 1336 881 ut
1363 836 1506 881 tabaci
1533 834 1707 881 fumum
1737 833 1969 880 haurirent
1989 867 2003 887 ‚
2033 851 2125 881 non
2158 836 2312 901 quem*

466 922 558 952 arte
579 906 736 952 eadem
763 904 850 968 qua
872 902 1073 967 Europaei
1091 936 1102 955 ‚
1125 919 1204 947 ore
1225 902 1477 965 acciperent
1497 899 1829 962 redderentque
1846 932 1860 950 ,
1890 897 1965 945 sed
2001 917 2136 962 quem
2165 920 2300 965 pecu..

464 970 561 1016 liari
585 971 876 1017 instrumento
896 969 942 1014 in
965 985 1092 1014 nares
1112 965 1290 1011 fortiter
1313 965 1584 1012 attraherent
1599 997 1612 1018 ,
1642 963 1788 1010 donec
1809 963 1969 1028 sopore
1996 965 2130 1027 gravi·
2143 965 2300 1014 obruti·

469 1041 515 1082 δ(
538 1034 836 1081 semi-mortni
858 1033 981 1080 humi
1001 1030 1362 1097 procumberent.

531 1103 728 1147 Demum
749 1100 796 1146 in
819 1099 923 1145 cibo
948 1103 994 1144 ὅ(
1012 1095 1196 1161 quidem
1224 1095 1424 1159 expetito
1454 1093 1539 1139 illis
1572 1108 1664 1139 erat
1693 1092 1881 1139 lacertus
1914 1092 2098 1156 quidam
2123 1094 2298 1159 amphi-

464 1164 565 1211 blus
584 1199 596 1218 ,
618 1163 767 1212 Insulae
788 1163 1020 1230 peculiaris
1040 1196 1052 1214 ,
1081 1166 1222 1207 [vana
1241 1160 1314 1206 vel
1331 1165 1494 1223 [gmina
1511 1158 1677 1210 distus,
1704 1157 1868 1221 saporis
1894 1157 2078 1220 quidem
2108 1159 2293 1221 gratilliu-

465 1230 556 1282 mi,
590 1229 666 1276 sed
683 1247 775 1293 quo
799 1230 980 1275 dolores
999 1243 1214 1273 venereos
1233 1223 1463 1289 praesentes
1491 1223 1644 1285 augeri
1662 1256 1673 1274 ,
1693 1238 1766 1268 aut
1787 1221 1898 1267 male
1921 1221 2087 1285 sopitos
2109 1240 2199 1268 tam
2218 1242 2303 1271 ve,-

465 1294 703 1341 hementer
731 1292 1042 1341 recrudescere
1067 1288 1350 1336 observatum
1380 1288 1465 1334 fuit
1485 1288 1510 1332 :i
1531 1286 1755 1333 Gonsalvo
1784 1287 2038 1333 fernandez
2061 1287 2115 1333 ab
2148 1289 2299 1336 Ovie-

467 1359 529 1405 do
546 1392 558 1411 ,
583 1358 746 1418 Hister.
772 1359 937 1405 Indiar.
962 1355 1060 1403 Lib.
1083 1372 1134 1417 ¹5·
1169 1369 1260 1418 cap.
1286 1377 1319 1415 3.
1343 1371 1392 1399 ut
1414 1352 1659 1398 crediderit
1678 1351 1784 1398 inde
1804 1350 1992 1397 Listerus
2009 1386 2022 1404 ,
2057 1358 2296 1399 Eat-mitat.

468 1425 518 1469 de
555 1425 618 1469 lue
649 1422 856 1476 venerei,
882 1421 1002 1468 luem
1039 1437 1280 1466 veneream
1308 1418 1363 1464 ab
1398 1417 1622 1480 indigenis
1651 1416 1854 1479 primitus
1887 1416 1992 1461 ideo
2031 1434 2303 1482 conceptam

466 1486 595 1534 fuisse
612 1522 625 1540 ,
663 1488 786 1551 quod
814 1487 982 1533 lacerto
1002 1519 1014 1538 ‚
1044 1484 1118 1530 seu
1137 1501 1185 1529 ut
1212 1484 1288 1530 ille
1317 1484 1376 1529 ait
1395 1518 1406 1536 ‚
1424 1482 1627 1546 serpente
1651 1481 1728 1527 illo
1751 1480 2050 1527 vescerentur.

530 1551 687 1599 Forsan
720 1570 772 1599 ea
803 1552 975 1599 leviora
1003 1547 1088 1596 effe
1116 1549 1391 1595 videbuntur
1410 1582 1423 1600 ,
1452 1565 1534 1592 nec
1556 1545 1729 1593 affectui
1766 1543 2018 1608 graviflimo
2037 1578 2050 1597 ‚
2071 1545 2211 1608 qualis
2239 1547 2306 1592 est

466 1634 662 1664 venerea
695 1618 786 1663 lues
805 1650 818 1669 ‚
846 1613 1142 1681 producendo
1173 1612 1272 1660 satis
1307 1628 1577 1677 comparata.
1609 1610 1915 1659 Nihilominus
1938 1625 2085 1656 tamen
2123 1609 2302 1673 sangui-

467 1699 571 1727 nem
589 1682 695 1728 inde
717 1681 946 1744 corrumpi
967 1686 1012 1726 &
1033 1680 1182 1725 vitiari
1204 1677 1482 1724 manifestum
1508 1678 1567 1723 est
1585 1694 1596 1728 3
1618 1675 1829 1738 sanguine
1850 1675 1961 1721 verb
1983 1674 2116 1721 semel
2137 1675 2304 1722 vitiato

465 1746 514 1792 in
545 1746 832 1793 calidioribus
853 1744 972 1793 hisce
996 1744 1132 1809 plagis
1149 1776 1162 1796 ,
1189 1744 1306 1789 acria
1326 1776 1340 1795 ,
1366 1741 1602 1787 abnormia
1623 1775 1635 1793 ,
1666 1739 1888 1786 virulenta
1909 1739 2131 1786 fermenta
2163 1757 2299 1803 gene*

465 1812 555 1857 rari
587 1811 707 1876 posse
737 1827 907 1857 certum
930 1811 988 1856 est
1004 1844 1016 1862 ,
1042 1827 1136 1872 quae
1157 1808 1182 1853 a
1198 1806 1430 1855 fermentis
1449 1806 1650 1853 venereis
1669 1805 1786 1851 haud
1818 1803 2045 1850 ablndant.
2074 1805 2186 1851 Sane
2216 1822 2302 1852 net:

466 1877 678 1939 graviora
699 1875 799 1922 sunt
817 1910 829 1928 ,
855 1893 950 1938 quae
969 1874 1164 1920 Galenus
1179 1873 1272 1938 ipse
1299 1870 1471 1937 profert
1490 1905 1501 1924 ,
1532 1871 1728 1918 stz‘ethool.
1750 1869 1932 1914 medend.
1956 1869 2038 1915 Lib
2057 1884 2208 1933 zwcap.
2232 1887 2297 1917 ιι,

466 1956 516 1986 ut
542 1941 762 1988 rationem
783 1939 941 1986 reddat
972 1956 1047 1984 cur
1066 1938 1187 2002 lepra
1204 1971 1218 1991 ,
1239 1955 1334 2000 qua:
1358 1936 1521 1982 morbo
1542 1951 1736 1981 venereo
1757 1934 1818 1979 ita
1838 1951 2064 1996 congener
2091 1936 2177 1987 est',
2208 1952 2250 1980 ut
2272 1935 2299 1981 a

466 2004 619 2050 multis
647 2005 804 2053 eadem
829 2001 913 2050 effe
940 2003 1149 2049 credatur
1167 2036 1180 2054 ,
1207 2001 1485 2048 Alexandriae
1516 1999 1772 2059 frequenter
1799 1999 1969 2044 oriatur
1986 2032 1998 2050 ,
2031 2001 2257 2058 Vescuntur
2280 2038 2297 2053 ,

465 2068 611 2132 inquit
629 2103 641 2122 ,
673 2069 960 2115 Alexandrini
991 2069 1100 2130 pulte
1118 2105 1135 2120 ,
1163 2070 1262 2112 Ieme
1285 2104 1301 2120 ,
1335 2066 1499 2112 cochleis
1519 2103 1535 2118 ,
1565 2082 1614 2110 ac
1640 2064 1889 2123 fizlfizmentis
1923 2065 2057 2108 multis
2087 2082 2098 2108 3
2123 2063 2297 2126 quidam

465 2138 586 2179 etiam
608 2151 728 2180 carne
751 2131 910 2194 afinimss
927 2171 943 2186 ,
968 2131 1019 2178 &⁴
1042 2134 1139 2176 aliir
1167 2131 1387 2191 ejusmodi,
1412 2147 1493 2191 quae
1523 2128 1691 2188 craffnm
1716 2129 1767 2176 &²
1787 2128 2113 2173 melancholicum
2133 2132 2304 2187 succum

463 2201 649 2262 pariunt.
682 2197 753 2244 Sic
774 2213 956 2261 quoque
985 2195 1210 2241 hodierno
1243 2211 1446 2258 tempore
1477 2208 1634 2238 notum
1656 2193 1716 2237 est
1750 2189 2006 2237 scorbutum
2029 2224 2040 2243 ,
2063 2192 2141 2254 qui
2171 2192 2195 2237 a
2225 2192 2301 2239 lue

466 2261 659 2309 venerea
691 2278 781 2309 tam
813 2260 966 2326 parum
998 2259 1246 2323 discrepat,
1280 2276 1328 2306 ut
1358 2276 1461 2305 cum
1490 2257 1648 2305 eadem
1684 2254 1791 2321 saepe
1823 2255 2125 2302 confundatur
2149 2290 2167 2310 ,-
2202 2256 2301 2303 solo·

466 2327 587 2373 victu
614 2345 750 2391 pravo
786 2324 942 2390 sponte
971 2324 1186 2387 generari.

529 2396 637 2437 111.
675 2391 763 2438 Sed
797 2406 1156 2454 quantacumque
1183 2406 1235 2435 ea
1268 2387 1350 2433 fint
1373 2420 1385 2440 ,
1414 2383 1589 2451 possunt
1623 2383 1764 2430 multo
1806 2382 2055 2429 efficaciora
2092 2385 2307 2449 proponi„

470 2455 623 2508 Solent
649 2473 810 2520 nempe
830 2455 1023 2500 foeminae
1043 2455 1088 2501 in
1115 2452 1403 2499 calidioribus
1430 2449 1687 2514 regionibus
1709 2449 1938 2494 menstruis
1957 2448 2162 2495 laborare
2180 2467 2303 2496 acer-

469 2519 593 2566 rimis
623 2526 669 2567 &
695 2519 814 2584 quasi
842 2519 1072 2565 virulentis
1093 2551 1105 2570 ‚
1134 2517 1402 2582 potissimum
1433 2515 1542 2562 vero
1571 2514 1676 2559 dum
1709 2530 1848 2577 pravo
1878 2529 2063 2559 utuntur
2097 2513 2304 2560 ciborum

469 2599 646 2646 genere.
674 2587 742 2631 Sic
763 2584 943 2630 Grotius
969 2584 1028 2628 ait
1044 2584 1091 2629 in
1114 2581 1334 2628 adnotatis
1349 2581 1408 2626 ad
1426 2586 1567 2644 Caput
1583 2582 1629 2624 X
1640 2583 1698 2623 V.
1730 2581 1912 2623 Levitici
1928 2616 1944 2630 ,
1961 2582 2002 2622 in
2023 2577 2150 2640 Syriai
2171 2578 2221 2624 (9³
2241 2582 2302 2623 [οι-

469 2651 524 2693 cis
555 2652 705 2695 vicinis
730 2647 1062 2709 {upivarhabere
1098 2646 1261 2708 aliquid
1295 2648 1521 2708 contagione
1555 2658 1707 2687 nocens.
1752 2641 1823 2687 Sic
1856 2643 2106 2688 Tavernier
2132 2647 2180 2688 V
2178 2660 2304 2706 oyage·

469 2710 536 2758 des
553 2714 675 2775 Iride,-
692 2751 706 2766 ‚
729 2717 834 2759 Liv.
858 2733 889 2774 3.
912 2714 1030 2774 chap.
1059 2729 1126 2769 27.
1161 2708 1297 2757 refert
1318 2709 1525 2755 mulieres
1544 2706 1657 2770 apud
1688 2704 1851 2758 Cafros
1870 2739 1883 2757 ,
1914 2704 2154 2769 praesertim
2184 2708 2295 2753 vero

466 2776 515 2822 in
531 2776 610 2822 orii
630 2775 898 2823 Melindenfi
914 2809 926 2828 ‚
946 2791 1035 2821 tam
1056 2775 1297 2821 virulentas
1317 2772 1402 2820 effe
1419 2806 1432 2825 ‚
1450 2771 1548 2816 cum
1565 2770 1889 2879 menstruatgur
1910 2803 1923 2822 ‚
1945 2787 1992 2815 ut
2008 2769 2211 2834 Europaei
2227 2804 2240 2823 ‚
2261 2770 2294 2816 fi

467 2842 603 2888 urinae
628 2859 762 2905 quam
786 2841 870 2886 illae
892 2855 1094 2887 recenter
1129 2856 1232 2885 tunc
1263 2837 1490 2885 emiserint
1508 2869 1520 2888 ,
1556 2834 1787 2899 propiores
1834 2835 1974 2881 dstent
2003 2834 2257 2897 aliquandiu
2279 2867 2300 2887 ,.

468 2917 570 2951 noir
598 2905 768 2953 tantum
802 2904 930 2953 febre
965 2922 1066 2951 cum
1103 2903 1320 2968 cephala’a
1349 2937 1363 2957 ‚
1408 2900 1484 2950 sed
1519 2900 1653 2947 etiarn
1692 2899 1809 2963 peste
1844 2899 2116 2963 quandoque
2150 2899 2292 2945 corti-

466 2986 656 3036 piantur.

530 3035 601 3082 Sic
631 3034 811 3081 demum
831 3067 843 3086 ,
869 3034 899 3079 si
918 3032 1056 3080 mode>
1076 3050 1179 3081 vera
1199 3031 1310 3083 sint,
1332 3030 1544 3077 videntur
1577 3028 1634 3074 de
1666 3027 1895 3074 menstruis
1925 3027 2162 3072 mulierum
2192 3044 2286 3090 quae

468 3099 703 3145 calidiores
727 3099 932 3161 regiones
960 3098 1166 3144 incolunt
1184 3132 1197 3150 ,
1222 3095 1341 3162 posse
1371 3112 1424 3141 ea
1452 3091 1624 3139 tantum
1656 3092 1876 3155 intelligi,
1904 3108 1997 3153 quae
2030 3090 2198 3136 Plinius
2223 3092 2286 3137 ait

467 3165 565 3210 Lib.
584 3183 624 3222 7.
655 3163 816 3225 Histor.
837 3166 1099 3219 Naturalis,
1119 3178 1211 3226 cap.
1232 3179 1284 3227 15.
1315 3158 1416 3207 cum
1443 3174 1559 3205 notae
1589 3158 1915 3206 menstruorum
1935 3170 2100 3202 naturae
2127 3156 2174 3203 in
2209 3172 2281 3204 re-
