2477 3643
532 151 1566 200 vL11³na1vCiiivuwlv.
1882 164 1976 220 '329

144 235 330 284 alteram
359 233 544 297 quidem
561 233 785 297 signorum
812 236 948 297 primae
972 251 1064 282 notae
1086 276 1099 292 ,
1120 252 1214 299 quae
1235 235 1339 281 licet
1359 252 1459 281 cum
1481 235 1573 280 aliis
1606 248 1787 298 quoque
1810 237 1979 281 morbis

149 299 408 356 communia
437 297 517 344 fint
535 332 547 351 3
570 297 847 361 frequentius
879 314 1026 346 tamen
1047 305 1091 346 δε
1114 300 1252 363 magis
1285 300 1463 364 proprie
1495 298 1549 344 ad
1587 299 1704 345 luem
1741 316 1980 345 veneream

149 363 408 429 pertinent,
439 363 643 426 adeoque
664 364 718 408 ad
739 361 933 408 univoca
959 365 1137 429 propius
1163 365 1379 411 accedunt
1405 383 1414 409 z
1454 364 1652 410 Alteram
1690 363 1798 409 verb
1830 362 1978 425 signo-

149 446 251 475 rum
280 428 563 486 notrcsecnndae
581 466 595 480 ,
619 445 712 490 quae
733 426 853 472 nullo
875 429 1040 491 potiori
1062 433 1155 488 jure
1174 429 1235 475 lui
1264 445 1461 475 venereae
1485 427 1723 492 peculiaria
1754 427 1851 472 sunt
1868 461 1880 478 3
1905 427 1979 473 sed

152 507 246 556 quae
267 491 314 536 in
340 492 432 538 aliis
452 509 630 554 quoque
646 492 814 537 morbis
833 493 955 537 nullo
985 492 1076 539 fere
1092 493 1346 539 discrimine
1369 492 1661 539 observantur
1680 526 1694 546 3
1713 508 1844 555 atque
1865 491 1979 537 adeo

154 557 210 603 ab
234 556 434 602 univocis
455 556 671 602 recedunt
700 555 889 618 longius.
1290 574 1297 579 ¹
1580 570 1584 578 ·

217 620 379 667 Prioris
399 635 514 666 notae
535 621 670 683 vulgo
690 620 922 667 censentur
937 654 949 673 3
976 623 1035 665 1⁹.
1063 621 1313 668 Oculorum
1337 622 1485 669 morbi
1508 656 1518 674 3
1547 638 1595 668 ut
1628 619 1765 666 rubor
1788 654 1799 673 3
1836 621 1982 685 pruri-

151 700 214 749 go
232 718 245 738 3
276 684 497 748 lippitudo
518 719 529 737 3
572 686 721 732 ulcera
740 719 752 739 3
790 702 983 734 verrucae
1004 718 1015 737 3
1058 685 1277 731 hordeola
1314 687 1623 751 palpebrarum
1659 704 1669 738 3
1706 685 1985 749 ophthalmia

154 749 406 814 phlogodes
433 782 447 802 3
476 749 670 796 ulcerosa
704 784 716 802 3
749 750 1073 813 phlytstaenodes
1108 768 1120 802 3
1157 768 1329 796 corneae
1372 752 1542 797 nebulae
1593 751 1678 797 live
1719 751 1948 813 albugines
1966 783 1979 802 3

153 815 329 878 pUstUlae
349 847 361 866 3
393 813 613 861 ulcuscula
629 849 640 866 3
667 814 938 878 staphyloma
955 847 966 866 3
998 814 1229 877 glaucoma
1250 849 1261 867 3
1286 815 1460 864 suffusio
1483 849 1495 868 3
1525 815 1774 880 pterygium
1803 848 1816 867 3
1850 815 1986 861 fistula

155 879 403 940 lacrymalis
422 878 509 925 five
527 880 706 943 aegilops
724 912 735 931 3
758 879 1014 942 hypopyon.

225 950 288 988 20.
322 943 477 989 Morbi
498 946 666 989 aurium
686 977 697 995 3
725 959 772 988 ut
793 944 977 989 tinnitus
992 977 1005 995 3
1025 942 1171 989 sibilus
1189 977 1201 995 3
1221 961 1420 989 murmur
1438 962 1448 997 3
1469 944 1656 1007 gravitas
1677 944 1847 990 auditus
1866 978 1877 996 3
1901 945 1989 991 sur«

151 1007 275 1053 'ditas
293 1024 305 1060 3
324 1009 550 1054 interioris
574 1008 688 1054 auris
715 1007 1007 1054 inflammatio
1023 1041 1034 1059 3
1056 1008 1268 1054 abscefl'us
1287 1042 1299 1061 3
1317 1007 1590 1054 exulceratio
1620 1027 1632 1061 3
1659 1009 1798 1055 caries
1825 1009 1925 1058 offic
1937 1028 1989 1056 u«

158 1072 307 1119 lorum
329 1106 341 1124 3
371 1078 415 1118 δε
437 1070 541 1119 offei
567 1073 739 1119 aurium
761 1072 946 1117 fornicis
967 1106 979 1124 3
1006 1090 1108 1117 cum
1124 1073 1287 1118 effluxu
1308 1074 1424 1136 puris
1449 1072 1611 1119 foetidi.

226 1146 289 1198 30.
318 1137 489 1201 Capitis
516 1137 732 1199 gravitas,
761 1136 1009 1200 cephalaea3
1034 1155 1169 1182 ovum
1188 1170 1200 1189 3
1228 1137 1374 1182 clavus
1395 1170 1406 1189 3
1434 1136 1704 1182 hemicrania
1737 1155 1748 1189 3
1777 1138 1955 1201 vertigo
1977 1171 1990 1191 3

163 1199 400 1266 epilepsia3
429 1200 608 1265 phthisis
637 1235 650 1253 3
670 1218 844 1247 marcor
862 1234 874 1253 3
902 1201 1104 1265 atrophia
1122 1236 1133 1253 3
1162 1201 1401 1247 marasmus
1422 1235 1434 1253 3
1462 1202 1626 1248 virium
1658 1202 1843 1263 languor
1864 1221 1875 1255 3
1897 1203 1992 1266 pal-

163 1266 237 1312 lor
259 1271 303 1312 &
322 1267 439 1310 livor
458 1265 589 1313 faciei
607 1283 619 1317 3
639 1265 779 1312 febris
802 1266 1102 1312 intermittens
1129 1263 1321 1311 difficilis
1341 1299 1353 1317 3
1374 1282 1446 1311 aut
1474 1266 1593 1312 lenta
1613 1284 1624 1318 3
1656 1271 1700 1310 δε
1720 1267 1766 1310 in
1792 1265 1991 1313 foeminis

164 1330 282 1376 fluor
302 1329 530 1376 muliebris
549 1349 560 1382 3
580 1330 874 1376 inflammatio
897 1363 909 1381 3
937 1329 1177 1383 abscessus3
1204 1328 1405 1376 skirrhus
1423 1364 1436 1383 3
1470 1348 1628 1376 cancer
1664 1330 1779 1376 uteri
1801 1348 1812 1381 3
1842 1331 2000 1377 sterili·

162 1410 227 1441 tas
248 1427 261 1447 3
289 1393 470 1440 abortus
501 1394 712 1458 frequens
730 1429 742 1447 3
775 1410 922 1459 partus
939 1393 1130 1441 foetuum
1164 1394 1483 1457 squallidorum
1501 1429 1513 1446 3
1544 1394 1874 1458 semi-putrium
1907 1400 1994 1440 &c-

163 1459 196 1505 si
225 1477 276 1506 ea
297 1458 446 1505 forsan
469 1462 732 1524 contingant
750 1459 838 1506 fine
858 1458 946 1506 ulla
974 1460 1100 1508 causa
1124 1460 1335 1507 evidente
1353 1494 1365 1513 3
1389 1477 1483 1524 quae
1502 1459 1678 1507 effectui
1704 1459 1999 1523 producendo

168 1541 352 1588 compar
383 1523 468 1571 effe
491 1524 711 1571 videatur.

220 1595 343 1635 Inter
367 1589 486 1652 signa
512 1591 620 1635 vero
650 1589 877 1637 inferioris
910 1606 1023 1636 notae
1059 1603 1346 1636 numerantur
1376 1605 1532 1636 caetera
1562 1587 1852 1652 symptomata
1873 1622 1885 1641 3
1908 1605 2003 1651 quae

167 1652 296 1717 supra
320 1653 532 1700 recensita
551 1653 645 1700 sunt
668 1661 776 1719 Cap.
805 1673 842 1700 1.
879 1656 926 1700 in
946 1654 1247 1719 descriptione
1266 1688 1278 1706 3
1300 1670 1348 1699 ut
1376 1653 1592 1718 spasmus,
1626 1653 1860 1716 motusque
1884 1653 2000 1717 spas-

169 1717 370 1770 modici,
399 1734 567 1764 tremor
603 1734 776 1765 artuum
799 1754 811 1772 3
844 1719 1074 1785 paralysis,
1112 1719 1496 1782 hydrocephalus3
1522 1718 1732 1781 agrypnia
1764 1735 1775 1770 3
1807 1718 2001 1771 asthma,

162 1782 380 1846 'dyspnoea
397 1817 408 1836 3
431 1783 722 1839 orthopnoea3
742 1784 1014 1848 haemopto'e‘3
1032 1783 1145 1829 tuffis
1166 1802 1177 1836 3
1201 1783 1349 1829 cordis
1366 1799 1537 1829 tremor
1558 1788 1600 1828 &
1618 1782 1848 1846 palpitatio
1865 1816 1877 1834 3
1899 1782 2000 1844 syn-

169 1865 281 1910 cope
300 1880 312 1899 3
333 1848 475 1911 pulsus
495 1848 762 1911 inaequalitas
786 1854 830 1893 «Se
849 1848 1110 1894 intermissio
1128 1867 1139 1899 3
1164 1847 1374 1893 anorexia
1393 1881 1404 1899 3
1437 1846 1604 1910 apepsia
1623 1879 1635 1897 3
1659 1847 1833 1892 affectio
1855 1848 1999 1911 hypo-

169 1910 438 1957 chondriaca
454 1945 466 1964 3
488 1912 696 1975 singultus
712 1947 725 1964 3
746 1913 937 1958 vomitio
957 1946 968 1964 3
995 1912 1221 1958 diarrhoea
1239 1931 1250 1965 ·3
1269 1912 1589 1957 obstructiones
1614 1911 1783 1975 hepatis
1803 1944 1815 1963 3
1840 1911 1969 1957 lienis
1984 1946 1998 1965 3

169 1976 412 2040 pancreatis
432 1995 442 2029 3
464 1977 621 2023 ieter-us
642 2011 654 2028 3
677 1977 874 2041 hydrops
895 2010 906 2028 3
929 1976 1310 2028 haemorrhoides3
1333 1982 1376 2022 ἅ
1400 1977 1446 2021 in
1468 1975 1663 2022 foeminis
1682 1992 1840 2020 cancer
1862 1993 2000 2022 mam-

171 2058 345 2088 marum
366 2075 378 2094 3
406 2040 641 2104 suppreffio
664 2041 737 2087 vel
760 2041 903 2087 fluxus
928 2042 1089 2087 nimius
1110 2042 1433 2086 menstruorum
1453 2074 1464 2092 3
1487 2039 1617 2104 pafiio
1646 2039 1857 2100 hysterica
1886 2046 1974 2086 &c.

229 2110 256 2151 S
273 2110 307 2151 E
322 2108 362 2151 C
376 2109 421 2149 U
435 2110 481 2152 N
500 2110 542 2151 D
559 2110 619 2152 O.
655 2107 789 2168 Signa
817 2105 1436 2168 commemorativapraeteriti
1452 2104 1578 2150 status
1601 2104 1770 2150 desumi
1794 2103 1962 2151 debent
1980 2107 2003 2150 a

171 2166 341 2219 morbis
371 2171 574 2216 venereis
588 2170 745 2234 topicis
765 2170 853 2217 sive
870 2170 1085 2217 localibus
1101 2204 1111 2222 3
1144 2171 1220 2232 qui
1237 2170 1297 2214 lui
1317 2186 1518 2216 venereae
1539 2169 1708 2232 semper
1729 2169 1975 2232 praeludunt
1993 2204 2006 2223 3

173 2241 221 2282 δέ
237 2235 394 2298 quibus
414 2253 465 2281 ea
486 2235 684 2299 corporis
702 2236 801 2280 loca
815 2269 828 2287 3
847 2235 967 2281 unde
981 2236 1085 2280 mali
1100 2234 1217 2280 labes
1237 2235 1505 2295 contagione
1520 2234 1769 2297 concipitur
1785 2267 1796 2285 3
1813 2234 2006 2298 primum

173 2299 449 2346 inficiuntur.
477 2299 711 2362 Siquidem
732 2316 1012 2363 compertum
1045 2301 1103 2346 est
1134 2298 1406 2362 experientia
1425 2332 1437 2350 3
1458 2314 1506 2343 ut
1525 2297 1652 2360 supra
1675 2298 1867 2344 vidimus
1895 2305 2004 2363 Cap.

176 2385 214 2425 3.
239 2364 334 2410 Lib.
371 2369 434 2410 Il.
468 2364 586 2410 virus
624 2380 707 2427 prae
730 2364 878 2408 nativa
909 2363 1076 2409 fixitate
1095 2364 1214 2408 intra
1242 2380 1401 2425 corpus
1431 2379 1675 2425 numquam
1697 2362 1901 2416 admitti,
1928 2364 2004 2409 nisi

175 2445 230 2474 ea
249 2446 344 2491 pars
363 2462 374 2479 3
394 2446 470 2491 per
490 2446 624 2490 quam
644 2427 893 2472 admittitur
911 2461 922 2478 3
953 2428 1069 2486 prius
1087 2425 1242 2473 affecfflxr
1263 2426 1400 2473 fuerit
1417 2459 1429 2478 3
1450 2442 1582 2490 atque
1603 2427 1714 2472 adeo
1734 2426 1850 2472 luem
1872 2445 2006 2473 vene-

175 2510 301 2538 ream
329 2509 570 2554 numquam
597 2492 801 2537 contrahi
833 2509 910 2555 per
943 2487 1098 2539 saltum
1130 2507 1176 2537 ut
1194 2493 1256 2537 ita
1275 2491 1421 2537 dicam
1440 2524 1453 2544 3
1488 2491 1616 2552 omiffi1
1645 2492 1771 2537 medio
1790 2530 1804 2545 ,
1836 2490 1921 2537 hoc
1947 2494 2006 2539 est

177 2556 309 2605 illaesa
338 2573 460 2620 parte
479 2590 491 2607 3
517 2555 603 2619 qua
631 2556 922 2601 contrahitur.

244 2621 404 2666 Morbi
436 2621 499 2666 illi
532 2620 691 2667 locales
725 2620 813 2667 sive
848 2619 985 2679 topici
1019 2619 1158 2666 modo
1193 2620 1325 2666 causae
1358 2619 1578 2666 rationem
1607 2618 1775 2665 habent
1812 2619 2006 2683 respectu

181 2685 265 2732 luis
288 2703 487 2732 venereae
507 2718 519 2736 3
540 2703 672 2747 quam
701 2700 803 2730 tunc
830 2680 1020 2749 proinde
1049 2685 1246 2731 indicant
1277 2701 1486 2747 tanquam
1517 2683 1641 2730 causa
1668 2683 1875 2731 effeCmm
1901 2704 1909 2730 :
1935 2686 2006 2732 Sic

181 2751 455 2812 gonorrhoea
474 2750 697 2795 virulenta
719 2749 933 2813 suppressa
948 2782 960 2800 3
981 2748 1036 2793 fic
1059 2749 1180 2795 bubo
1202 2751 1370 2795 temere
1398 2747 1609 2813 repressiis
1629 2749 1750 2795 luem
1771 2766 2007 2796 veneream

184 2815 385 2860 inferunt
403 2848 415 2866 3
445 2819 489 2859 ὃ(
516 2814 681 2858 illatam
702 2812 919 2859 denotant
941 2828 1149 2874 tanquam
1168 2814 1388 2859 effecium.
1413 2813 1558 2858 Modo
1582 2813 1690 2859 verb
1715 2814 1908 2877 respectu
1928 2815 2010 2860 luis

183 2895 385 2925 venereae
418 2878 637 2924 rationem
672 2877 839 2923 habent
872 2875 1106 2922 co'e‘ffefflis
1149 2878 1203 2923 ab
1235 2878 1392 2924 eadem
1425 2878 1741 2939 communique
1775 2878 1930 2930 causa,
1963 2883 2009 2924 &

184 2943 306 2989 ‘luem
332 2942 519 3005 proinde
546 2957 649 2986 tunc
670 2941 913 3002 significant
949 2957 1158 3002 tanquam
1188 2940 1366 2987 effectus
1385 2942 1645 2987 coeffeetum
1664 2939 1860 2999 ejusdem
1881 2957 2009 2988 natu-

185 3025 241 3053 ra:
263 3026 271 3051 :
294 3007 364 3052 Sic
395 3006 517 3070 porri
540 3010 583 3050 δε
605 3021 798 3050 verrucae
819 3038 832 3056 3
852 3005 907 3049 sic
926 3005 1074 3050 ulcera
1093 3005 1301 3051 cancrosa
1320 3005 1583 3064 genitalium
1609 3004 1876 3069 syphilidem
1896 3008 2010 3053 desi-

185 3087 324 3135 gnant
361 3088 455 3115 non
488 3086 695 3131 tanquam
723 3068 846 3114 causa
876 3067 1082 3114 effebium
1101 3103 1113 3120 3
1142 3068 1240 3114 cum
1268 3069 1359 3128 ipsa
1379 3069 1642 3133 syphilidem
1669 3070 1877 3116 rarissime
1902 3091 2010 3136 pro-

190 3137 352 3182 ducant
372 3169 384 3187 3
414 3135 442 3178 sl
475 3133 591 3180 forte
622 3151 814 3196 unquam
835 3152 845 3185 3
869 3132 945 3179 sed
967 3149 1172 3196 tanquam
1196 3132 1373 3180 effecius
1394 3133 1654 3180 coeffectuiii
1682 3135 1808 3180 unius
1829 3141 1871 3180 &
1897 3136 2013 3195 ejus-

186 3201 297 3253 dem
324 3199 457 3263 causa*
475 3233 489 3255 3
515 3199 883 3264 quandoquidem
904 3214 998 3256 tum
1018 3199 1124 3250 vitia
1137 3198 1215 3248 illa
1232 3199 1278 3247 in
1295 3199 1562 3266 genitalibus
1579 3232 1593 3260 3
1613 3215 1705 3250 tuin
1726 3198 1815 3261 ipsa
1835 3201 2014 3267 syphilis

1717 3267 1757 3311 T
1780 3280 1797 3310 t

2067 641 2147 678 Alia
2179 641 2259 678 sunt

2031 693 2165 745 primae.

2084 1598 2163 1637 Alia
2183 1600 2274 1638 verb

2041 1648 2198 1689 secuudae
2212 1664 2274 1689 no«

2040 1715 2095 1741 tae.

2052 2128 2215 2165 Secunda.
2231 2125 2283 2167 Si·

2051 2189 2120 2228 gna
2148 2191 2258 2216 com-

2051 2242 2268 2268 memorau-

2050 2294 2095 2319 va
2111 2295 2274 2333 repetun-

2052 2345 2110 2369 tur
2122 2346 2165 2370 ex
2184 2347 2285 2371 mor·

2052 2384 2104 2420 bis
2130 2387 2286 2424 venereis

2053 2436 2229 2474 localibus
2246 2466 2258 2483 3

2053 2489 2115 2537 qui
2129 2488 2285 2540 praeces-

2054 2541 2143 2578 sere.

2081 2642 2256 2688 Quorum

2053 2694 2113 2730 alii
2143 2697 2257 2738 causae
2272 2729 2286 2746 ,

2055 2746 2111 2780 alli
2125 2748 2210 2784 veti>
2225 2765 2287 2789 co-

2054 2793 2206 2837 Cffitstiis
2221 2816 2287 2840 ra...

2057 2852 2192 2890 tionem
2216 2854 2287 2896 ha-

2057 2905 2152 2949 benc..
