2477 3643
477 128 564 188 196
783 106 892 176 Dr
960 112 1934 177 MORBISVENEREIS.

457 211 605 276 qualia
622 210 952 278 praescripfimus
981 208 1107 274 supra
1123 224 1215 273 cap.
1244 229 1281 268 3.
1304 217 1344 265 §.
1363 221 1393 252 1.
1417 208 1513 254 Imb
1539 208 1674 256 etiam
1695 209 1957 274 adaugenda
1976 193 2051 256 est·
2061 212 2288 259 maturans

457 277 723 324 eorumdem
738 274 935 323 efficacia
953 309 964 327 ,
997 273 1157 320 additis
1179 287 1407 335 unguento
1427 272 1603 320 basilico
1619 307 1632 326 ,
1655 273 1881 321 fermento
1904 275 2047 323 veteri
2062 309 2075 328 ,
2102 276 2171 323 vel
2199 293 2280 322 co-

456 342 593 390 chleis
613 341 886 390 terrestribus
906 338 1010 386 testa
1035 338 1251 402 exemptis
1277 342 1323 382 &
1342 336 1389 382 in
1407 338 1722 402 putrilaginem
1743 337 1946 386 contufis.

519 415 611 452 110.
648 406 828 454 Deinde
854 404 931 450 ubi
968 403 1162 467 primum
1189 401 1280 448 levi
1321 402 1454 466 partis
1486 403 1712 465 cujusdam
1745 404 1964 455 mollitie,
1985 404 2058 451 vel
2095 403 2283 451 obscura

455 472 647 536 quadam
677 470 989 518 fluctuatione,
1011 468 1081 513 vel
1111 466 1454 530 symptomatum
1482 468 1738 530 urgentium
1767 468 2015 515 remissione
2040 469 2284 515 constiterit

455 555 536 599 pus
556 541 644 598 jam
664 534 827 584 alicubi
849 531 1099 579 confectum
1121 533 1257 578 latere
1276 565 1289 584 ,
1313 532 1384 577 via
1408 532 1486 596 ipsi
1507 533 1598 578 cito
1625 533 1815 596 paranda
1833 567 1844 586 ‚
1867 551 1921 579 ne
1951 534 2134 579 mollem
2170 533 2286 582 testis

453 600 735 647 substantiam
765 596 965 644 funditus
993 611 1248 660 corrumpat
1277 615 1286 641 :
1324 596 1476 643 Solent
1505 597 1552 642 in
1578 597 1696 643 hunc
1722 597 1859 644 finem
1895 598 2102 644 nonnulli
2131 613 2286 644 caure-

450 666 569 712 rium
590 664 802 712 adhibere
823 661 1064 727 potentiale
1082 694 1095 713 ,
1127 659 1203 706 sed
1229 660 1382 725 parum
1411 661 1623 707 laudabili
1644 660 1826 707 consilio
1842 695 1857 716 ,
1876 662 2089 726 quoniam
2119 663 2282 709 delete-

450 732 523 777 riae
556 729 738 776 cauterii
765 744 909 793 partes
942 726 1055 772 testis
1083 726 1252 771 tunicas
1281 725 1521 773 admodum
1543 725 1715 773 senfiles
1736 727 1942 773 rodendo
1980 745 2136 790 graves
2171 745 2283 773 con-

450 794 671 842 vulsiones
697 791 940 840 erethismo
960 789 1258 855 saepenumero
1285 792 1480 837 excitant
1504 811 1513 836 ε
1552 794 1836 855 Quapropter
1865 790 1995 837 satius
2011 793 2068 838 est
2095 792 2286 856 phlebo-

450 876 576 906 tomo
597 875 768 924 partem
788 857 991 903 incidere
1010 889 1022 907 ‚
1047 855 1138 902 levi
1161 855 1344 918 quidem
1373 873 1506 901 manu
1525 889 1537 907 ‚
1569 872 1625 902 ne
1657 857 1770 902 testis
1798 854 2031 901 substantia
2051 857 2174 903 altius
2194 857 2283 903 sau-

449 926 591 970 cietur
609 959 620 976 ,
649 929 695 970 Sc
722 921 941 969 mediocri
973 920 1177 984 apertura
1198 954 1210 973 ‚
1240 937 1334 983 quae
1359 920 1479 984 puris
1512 920 1673 967 effluxu
1711 918 1894 967 sufficiat
1928 920 2112 984 quidem
2129 955 2142 974 ‚
2167 922 2282 970 testis

449 989 559 1036 vero
580 987 863 1034 substantiam
887 984 1076 1032 nimium
1101 981 1193 1030 non
1215 984 1461 1049 pessundet.

520 1071 535 1098 1
551 1062 613 1098 2⁰.
646 1053 814 1098 Eduao
833 1068 941 1116 pure
963 1084 975 1102 ,
1008 1049 1225 1096 abscessus
1245 1067 1403 1095 cavum
1422 1050 1489 1095 bis
1516 1049 1564 1095 in
1585 1049 1658 1095 die
1680 1048 2006 1112 detergendum
2035 1051 2093 1095 est
2119 1050 2283 1113 inje&o

447 1119 637 1164 decocto
662 1117 825 1164 hordei
845 1133 944 1162 cum
963 1115 1094 1161 melle
1118 1114 1299 1161 rosaceo
1315 1148 1326 1165 ,
1357 1132 1405 1161 ac
1428 1114 1647 1179 penicillis
1667 1113 1862 1160 molliter
1890 1115 2148 1178 replendum
2165 1150 2178 1168 ,
2203 1115 2281 1179 qui

445 1183 537 1231 levi
558 1188 603 1229 δε
625 1182 833 1243 anodyno
855 1180 1072 1244 digestivo
1094 1180 1263 1226 madidi
1286 1178 1365 1225 sint
1385 1198 1436 1226 ex
1466 1178 1772 1227 terebinthina
1790 1179 1962 1225 Veneta
1977 1214 1988 1231 ‚
2012 1180 2167 1227 vitello
2198 1181 2277 1227 ovi

448 1243 648 1312 &guttis
668 1248 836 1311 aliquot
857 1245 945 1292 olei
974 1245 1031 1292 de
1052 1244 1265 1309 hyperico
1282 1278 1294 1296 ‚
1313 1245 1399 1290 una
1422 1244 1554 1290 mistis
1585 1249 1632 1289 &
1658 1243 1853 1293 subactis.
1890 1245 2008 1290 Dein
2031 1245 2154 1292 finita
2173 1243 2275 1310 sup-

446 1314 684 1377 puratione
703 1347 714 1364 ‚
738 1313 845 1359 dum
882 1327 1034 1357 carnes
1059 1309 1336 1355 succrescunt
1357 1343 1372 1361 ,
1409 1309 1530 1355 ulcus
1558 1308 1799 1354 eluendum
1827 1309 1886 1353 est
1910 1309 2030 1373 aquis
2057 1309 2282 1360 'Therma-

446 1376 562 1425 libus
581 1411 592 1429 ‚
614 1376 891 1426 Balerucanis
906 1410 918 1428 ‚
937 1373 1309 1420 Borbonienfibus
1325 1405 1338 1424 ‚
1369 1373 1620 1437 Baregianis
1641 1378 1728 1418 &c.
1750 1378 1796 1418 δ(
1813 1374 2058 1419 curandum
2081 1373 2279 1422 balsamo

447 1443 591 1490 Arc-xi
612 1477 624 1494 ‚
648 1442 718 1487 cui
749 1457 880 1505 guttae
912 1440 1078 1503 aliquot
1100 1438 1279 1485 balsami
1300 1437 1455 1485 viridis
1486 1437 1755 1486 Metensium
1780 1452 1992 1502 poterunt
2026 1438 2193 1500 adjici,
2225 1455 2274 1486 ut

427 1533 433 1539 =
449 1508 624 1556 firmior
645 1507 824 1551 cicatrix
841 1505 1099 1550 inducatur.

522 1581 615 1632 130.
647 1570 816 1619 Verum
844 1569 873 1614 fi
909 1569 1206 1615 inflammatus
1238 1568 1355 1615 testis
1381 1567 1625 1631 incipiente
1660 1565 1892 1630 gangraena
1919 1565 2214 1630 corripiatur,
2247 1567 2278 1613 fi

446 1637 763 1700 suppuratione
795 1634 932 1680 nimia
956 1632 1155 1679 funditus
1190 1648 1421 1697 corruptus
1447 1631 1496 1676 fit
1517 1665 1528 1683 ‚
1558 1630 1676 1676 autfi
1710 1630 1891 1677 skirrho
1920 1630 2178 1690 jamdudum
2209 1631 2279 1678 af·-

449 1703 588 1751 fectus
619 1698 1006 1747 carcinomatodes
1021 1697 1123 1750 fiat,
1155 1696 1321 1760 abjeci&
1352 1697 1478 1744 omni
1498 1695 1777 1744 cundkatione
1797 1729 1809 1749 ‚
1836 1694 2161 1742 abscindendus
2193 1698 2281 1745 erit

449 1767 725 1816 castratione.

508 1839 600 1889 140.
643 1829 852 1892 Denique
884 1828 914 1879 fi
949 1826 1187 1880 fistulosum
1221 1827 1343 1872 ulcus
1374 1826 1420 1871 in
1446 1823 1684 1889 suppurato
1709 1826 1814 1872 teste
1850 1824 2029 1889 supersit
2056 1859 2069 1878 ,
2105 1826 2277 1873 si⁴testis

447 1912 569 1944 totus
583 1893 848 1941 skirthodes
870 1908 1093 1944 ,remaneat
1113 1925 1124 1943 ,
1151 1907 1225 1937 aut
1242 1891 1271 1938 s1
1295 1890 1485 1937 notabils
1507 1896 1550 1935 ὃς
1568 1887 1842 1939 skirrhoda’a
1861 1890 2045 1938 durities
2063 1891 2175 1936 testis
2200 1891 2275 1938 vel

449 1960 779 2026 Epididym‘idis
796 1973 965 2023 partem
987 1956 1180 2019 aliquam
1197 1971 1387 2020 occupet
1402 1989 1414 2007 ,
1440 1955 1679 2000 necess'ario
1709 1954 1971 2002 adhibendae
1990 1954 2086 1999 sunt
2118 1956 2279 2002 inunc-

449 2027 596 2073 tiones
612 2023 892 2071 mercuriales
907 2055 919 2074 ‚
936 2038 1032 2084 quae
1051 2021 1149 2072 sunt
1168 2021 1214 2066 in
1232 2020 1401 2066 morbis
1417 2019 1617 2065 venereis
1637 2018 2046 2064 contumacior-ibus
2067 2035 2278 2083 tanquam

447 2091 569 2137 sacra
593 2089 809 2136 anchora:
830 2092 928 2133 Hac
957 2086 1077 2132 enim
1107 2085 1325 2131 methodo
1349 2083 1438 2129 sola
1456 2085 1596 2147 potest
1615 2082 1787 2146 sanguis
1806 2082 2040 2132 efficaciter
2069 2084 2276 2142 alterari,

447 2155 600 2203 semen
619 2153 788 2200 craffius
803 2187 815 2204 ,
837 2150 957 2215 quod
980 2150 1026 2195 in
1046 2151 1148 2196 teste
1168 2149 1301 2196 haeret
1317 2183 1328 2201 ,
1348 2149 1476 2195 atteri
1494 2182 1506 2200 ,
1529 2166 1577 2193 ac
1606 2147 1786 2193 demum
1814 2148 1979 2210 corrigi
2000 2148 2120 2196 virus
2142 2167 2278 2196 vene-

449 2238 578 2270 reum
601 2254 613 2272 ,
640 2218 762 2282 quod
781 2218 852 2279 vel
874 2221 956 2272 jam
979 2215 1152 2278 pridem
1171 2215 1277 2260 latet
1303 2214 1350 2259 in
1371 2213 1582 2275 sanguine
1604 2246 1616 2265 ,
1644 2214 1717 2259 vel
1738 2213 1884 2260 eidem
1902 2211 2053 2258 saltem
2070 2230 2274 2260 recenter

451 2285 728 2331 commistum
747 2282 833 2328 fuit
859 2281 918 2326 ob
939 2279 1256 2345 gonorrhoeam
1287 2277 1579 2346 suppreffam,
1608 2282 1654 2324 δε
1681 2279 1705 2324 εὶ
1734 2296 1824 2342 quo
1850 2277 2094 2343 superstites
2125 2278 2274 2329 ,morbi

449 2350 643 2416 seliquiae
663 2347 891 2396 foventur.

594 2489 631 2536 ξ.
668 2481 735 2525 II.
784 2478 876 2524 DE
926 2476 1293 2523 V'ENEREO
1344 2475 1683 2523 PERINAEI
1737 2472 2129 2518 ABSCESSU.

202 2633 404 2682 Qtpar.
508 2612 620 2654 Tres
653 2623 798 2672 partes
828 2604 925 2651 sunt
959 2621 1052 2668 quae
1075 2602 1120 2648 in
1158 2601 1442 2647 Gonorrhoea
1476 2599 1828 2646 inflammatione
1864 2598 2109 2645 afficiantur
2134 2600 2271 2647 modb

176 2690 228 2719 ‘xes
255 2685 400 2720 infiam-
449 2672 606 2723 simul,
642 2672 779 2717 modo
815 2670 1020 2721 seorsim,
1048 2683 1093 2713 ut
1130 2665 1254 2730 supra
1292 2666 1511 2717 vidimus,
1533 2664 1742 2711 nimirum
1779 2663 1970 2709 vesiculae
1999 2663 2268 2718 seminariae,

175 2748 316 2771 mentm
340 2736 376 2772 in
447 2740 671 2804 prestante,
690 2742 735 2781 &c
766 2734 982 2798 glandulae
1009 2731 1332 2796 Cowperianae.
1370 2731 1414 2776 Si
1446 2730 1625 2793 gravior
1646 2746 1752 2791 ergo
1777 2734 1822 2773 &
1841 2727 2028 2774 nimium
2047 2729 2270 2775 virulenta

177 2799 318 2874 ξξὲῗζ
447 2802 718 2872 gonorrhoea
738 2801 961 2845 contracta
991 2796 1040 2842 fit
1060 2815 1070 2849 ·‚
1090 2796 1119 2841 si
1141 2795 1413 2845 conveniens
1434 2794 1714 2858 gonorrhoeae
1741 2794 1911 2839 curatio
1940 2792 2105 2839 diutius
2125 2793 2269 2857 negli-

176 2867 260 2878 ”w
304 2871 314 2878 ’
446 2884 574 2932 gatur
595 2885 605 2919 3
628 2865 656 2911 fi
684 2864 844 2910 omiffis
871 2880 989 2918 vente
1023 2860 1289 2909 sectionibus
1317 2865 1361 2905 &
1382 2859 1598 2921 anodynis
1621 2858 1827 2904 remediis
1845 2892 1856 2909 ,
1883 2857 2130 2910 mochum,
2150 2857 2270 2903 dras-

448 2934 536 2979 tica
552 2967 564 2984 ‚
581 2929 921 2978 vehementiora
947 2926 1182 2992 purgantia
1204 2926 1457 2989 praepostere
1482 2924 1776 2971 adhibeantur
1804 2941 1816 2976 3
1844 2923 1875 2967 fi
1893 2922 2166 2987 imprudenti
2192 2938 2267 2970 ve·¹

446 2998 565 3044 neris
595 2996 697 3046 usu,
728 2994 958 3057 potatione
997 2992 1091 3037 vini
1121 2990 1378 3037 meracioris
1411 3007 1483 3035 aut
1515 2989 1742 3052 liquorum
1771 2987 2023 3033 ardentium
2042 3020 2055 3038 ,
2091 2986 2266 3048 equita-

445 3063 568 3109 tione
584 3094 596 3112 ,
618 3059 832 3106 exercitio
855 3058 994 3104 nimio
1017 3062 1102 3102 &c.
1130 3055 1310 3105 morbus
1331 3053 1605 3118 exasperetur
1625 3072 1636 3106 3
1662 3052 1691 3097 si
1713 3052 1924 3098 virulenti
1948 3050 2122 3097 seminis
2137 3049 2265 3095 efflu-

444 3128 568 3172 vium
606 3123 913 3184 injefflonibus
941 3121 1131 3185 stypticis
1161 3126 1206 3166 δε
1243 3119 1581 3180 astringentibus
1611 3118 1779 3163 temere
1808 3116 2068 3162 cohibeatur
2088 3147 2100 3165 ,
2129 3114 2175 3158 in
2194 3113 2263 3159 his

441 3189 619 3253 ‚singulis
649 3186 811 3238 casibus
835 3188 970 3249 grave
994 3185 1241 3249 periculum
1272 3184 1506 3235 imminet,
1527 3199 1582 3230 ne
1605 3197 1751 3247 partes
1783 3181 1989 3229 disti-ackae
2020 3183 2065 3225 δε
2085 3177 2264 3237 indam-2
