2477 3643
460 110 568 174 ηδ*
798 104 905 156 DE
971 107 1332 154 Moassrs
1398 105 1920 157 VENERFAS.
2182 107 2299 120 ”“”·

467 194 556 244 cisa
579 209 681 243 cute
712 191 834 241 ferro
861 192 1187 258 extirpandam.
1218 190 1308 237 Sed
1338 206 1579 254 numquam
1615 191 1821 239 suaserim
1850 191 2036 255 longas,
2063 187 2299 248 difficiles}=

455 261 650 328 periculi
670 259 819 325 plenas
838 258 1121 323 operationes
1153 253 1398 301 istiusmodi
1417 289 1429 308 ‚
1451 256 1648 319 quandiu
1677 257 1876 303 fxii-rhus
1902 257 2109 304 indolens
2127 258 2297 306 nullam

467 345 630 375 noxam
650 323 788 372 infert
807 343 817 369 t
838 323 976 385 Quod
995 321 1052 368 de
1074 319 1361 366 cathaereticis
1381 319 1618 383 praesertim
1639 321 1806 368 dierum
1826 322 1932 368 volo
1950 356 1963 375 ,
1991 339 2186 385 quorum
2215 323 2294 371 usu

468 394 734 458 praepostero
755 388 952 434 sKirrhus
971 386 1017 431 in
1037 385 1294 431 carcinoma
1323 383 1431 449 saepe
1456 386 1750 432 convertitur.

534 462 687 519 Itaque
704 453 834 499 satius
855 453 913 498 est
931 450 986 497 ad
1005 449 1093 511 hyd
1103 466 1227 511 rargy
1236 448 1366 495 rosim
1385 449 1630 513 confugere
1650 484 1662 503 ‚
1685 450 1710 495 a
1729 450 1816 514 qua
1843 449 2094 498 feliciorem
2128 452 2296 499 succes-

470 520 566 567 sum
586 522 690 566 licet
711 518 955 581 expefilxtre.
977 518 1124 561 Partes
1156 514 1277 560 enim
1299 515 1546 567 Mercurii,
1560 532 1654 578 quae
1670 532 1724 561 eo
1739 517 1863 579 padio
1879 517 1926 561 in
1946 515 2201 578 sanguinem
2219 517 2295 562 in-

472 586 721 632 funduntur
738 617 749 634 ‚
769 580 868 626 cum
881 577 1178 627 efficacissimae
1191 578 1272 624 sint
1288 578 1386 624 cum
1407 579 1463 625 ad
1476 579 1791 625 attenuandam
1809 585 1855 626 ὃς
1874 580 2196 628 dissolvendam
2211 580 2294 627 hae-

473 667 647 698 rentem
684 645 928 710 limpham,
949 643 1042 689 tum
1078 642 1134 689 ad
1166 643 1454 706 corrigendas
1486 642 1662 690 seminii
1694 644 1876 692 venerei
1909 644 2140 709 particulas
2160 679 2173 698 ,
2199 663 2295 709 quae

471 714 684 779 limpham
709 710 944 772 coagulant
963 742 975 761 ,
1007 708 1182 772 possunt
1209 707 1381 754 felicius
1397 708 1530 772 quam
1556 708 1698 754 ullum
1725 708 1845 754 aliud
1876 709 2123 756 remedium
2143 743 2155 762 ‚
2177 710 2296 755 sKir-

470 779 649 826 rhoden
669 775 899 821 bubonem
934 772 1086 819 senfim
1116 771 1337 820 resolvere
1352 805 1366 825 ,
1400 787 1448 818 ut
1465 773 1543 837 qui
1562 771 1731 837 limpha
1751 772 1987 820 viscidiore
2011 779 2058 820 &
2078 776 2290 839 contagio

471 860 664 892 venereo
680 838 868 886 nimium
885 836 1055 901 spissata
1073 836 1361 901 producatur.

534 912 595 952 At
622 906 731 952 vero
756 905 805 950 in
832 901 1087 949 adhibenda
1117 900 1429 965 hydrargyrofi
1462 900 1552 947 duo
1582 901 1707 947 caute
1736 900 1948 947 notanda.
1990 910 2050 946 10.
2081 904 2149 947 Ut
2178 919 2292 966 aeger

469 973 686 1019 diuturno
708 968 977 1016 diluentium
1004 972 1049 1013 <Sc
1082 967 1373 1013 relaxantium
1400 965 1477 1011 usu
1507 981 1771 1030 praeparetur
1790 999 1806 1019 ,
1828 964 1922 1010 tum
1946 966 2261 1012 universalium
2278 987 2294 1020 3

467 1038 563 1084 tum
598 1034 930 1100 particularium
961 1050 972 1084 3
1003 1030 1321 1078 universalium
1348 1031 1561 1094 quidem,
1590 1048 1685 1093 quae
1713 1029 1971 1092 sanguinem
2005 1036 2050 1076 &
2079 1031 2295 1096 limpham

467 1117 716 1165 temperent
738 1105 784 1146 &
803 1096 1091 1162 liquefaciant
1111 1130 1123 1148 ‚
1142 1112 1190 1142 ut
1211 1096 1234 1141 a
1255 1095 1473 1142 Mercurii
1500 1095 1697 1159 partibus
1720 1093 1892 1140 facilius
1911 1095 2069 1158 poffinr
2101 1097 2294 1143 commi-

466 1167 546 1214 nui
570 1170 614 1212 <Sc
636 1165 864 1212 extenuari
886 1182 895 1208 ε
917 1161 1254 1208 Particularium
1278 1162 1386 1207 vero
1415 1160 1502 1206 sive
1530 1160 1784 1224 topicorum
1799 1194 1812 1212 ‚
1844 1176 1939 1223 quae
1967 1159 2161 1206 bubonis
2184 1178 2294 1208 con·-

468 1246 642 1279 textum
662 1229 892 1276 emolliant
911 1232 957 1272 δε
977 1225 1173 1272 relaxent
1191 1259 1204 1277 ‚
1222 1241 1271 1271 ut
1290 1224 1464 1289 limphae
1491 1224 1675 1271 haerenti
1699 1225 1837 1286 magis
1858 1225 2139 1288 permeabilis
2158 1225 2245 1273 fiat.

532 1295 680 1341 Priori
693 1291 959 1340 indicationi
976 1289 1234 1335 conducunt
1253 1289 1598 1351 balneain‘aqua
1615 1288 1820 1335 fluviatili
1836 1288 1985 1352 tepida
2007 1307 2018 1341 3
2041 1289 2205 1350 juscula
2218 1303 2294 1336 aut

470 1374 731 1425 apo-zemata
758 1355 1094 1420 refrigerantia3
1116 1353 1260 1400 serum
1288 1354 1406 1400 laetis
1438 1353 1781 1414 chalybeatum3
1809 1353 1874 1398 lac
1899 1352 2139 1407 asininum3
2170 1371 2293 1417 aquae

469 1423 705 1471 minerales
725 1422 904 1469 acidula:
925 1420 1012 1466 sive
1034 1418 1301 1480 chalybeatae
1322 1437 1334 1471 ·,
1359 1425 1445 1465 &c.
1484 1418 1723 1464 Posteriori
1747 1417 1857 1464 vero
1882 1416 2151 1464 satisfaciunt
2176 1436 2292 1466 cata-

468 1488 681 1555 plasmata
716 1488 772 1534 de
799 1486 913 1532 mica
940 1485 1061 1550 panis
1081 1517 1094 1536 ,
1127 1499 1201 1529 aut
1225 1501 1278 1530 ex
1312 1482 1441 1547 pulpa
1475 1482 1675 1530 radicum
1707 1488 1752 1528 δε
1779 1481 2019 1528 herbarum
2052 1483 2292 1531 emollien-

469 1555 581 1599 tium
600 1572 611 1606 ·‚
633 1551 703 1599 vel
725 1552 949 1616 emplastra
969 1550 1026 1596 de
1051 1546 1392 1611 mucilaginibus
1409 1576 1422 1600 ,
1442 1562 1514 1593 aut
1538 1546 1755 1612 spermate
1783 1547 1872 1593 ceti
1890 1579 1902 1599 ‚
1931 1546 2091 1610 quibus
2119 1548 2197 1595 diu
2221 1551 2291 1596 in-

469 1618 705 1664 sistendum
727 1619 799 1663 est.

538 1691 601 1728 20.
634 1677 1058 1742 Utsshydrargyrofis
1088 1676 1212 1723 lento
1242 1675 1359 1739 passu
1386 1675 1629 1739 procedat,
1659 1675 1810 1722 hocest
1841 1690 1889 1722 ut
1908 1693 2046 1739 pauca
2074 1679 2292 1741 unguenti

468 1745 743 1794 mercurialis
767 1743 880 1791 dosls
904 1742 1098 1788 illinatur
1123 1740 1322 1804 qualibet
1351 1739 1555 1788 fristione
1580 1760 1592 1794 3
1623 1757 1670 1787 ut
1693 1740 1922 1787 frictiones
1948 1739 2052 1787 fiant
2090 1744 2196 1789 raris
2224 1745 2294 1790 in-

472 1811 763 1863 tervalli53ut
791 1808 1022 1874 protrazstis
1040 1805 1319 1852 friffionibus
1340 1806 1592 1852 Mercurius
1620 1823 1720 1851 cum
1742 1805 1952 1868 sanguine
1980 1805 2185 1853 confusus
2215 1809 2292 1855 diu

469 1877 716 1923 retineatur
733 1880 820 1920 &c.
839 1891 892 1919 eo
910 1871 1077 1917 scilicet
1101 1870 1189 1916 fine
1208 1886 1255 1914 ut
1273 1870 1491 1918 Mercurii
1507 1879 1650 1934 partes
1664 1888 1765 1915 cum
1786 1869 1997 1933 sanguine
2021 1870 2184 1917 diutius
2204 1873 2291 1918 cir-

471 1941 668 1987 culantes
701 1972 715 1990 ,
743 1937 956 2002 limpham
992 1953 1088 2000 quae
1117 1937 1164 1981 in
1192 1934 1411 1996 glandulis
1442 1933 1746 1996 inguinalibus
1773 1933 1908 1980 haeret
1943 1933 2130 1997 impadhi
2149 1969 2160 1988 ,
2188 1937 2290 2001 pos-

470 2004 554 2050 sint
585 2002 802 2051 efficacius
841 2000 1078 2047 dissolvere
1100 2032 1113 2051 ,
1144 2003 1189 2045 &
1208 1997 1450 2062 perfectam
1480 1999 1672 2046 bubonis
1703 1997 1954 2044 sxirrhodis
1974 1996 2292 2049 resolutionem

471 2085 730 2134 procurare.

544 2138 641 2179 Hac
660 2129 1061 2177 methodo'certum
1083 2129 1141 2173 est
1155 2126 1398 2190 inguinales
1417 2125 1614 2173 sxirrhos
1632 2161 1643 2179 ‚
1695 2126 1740 2172 ui
1759 2125 1933 2172 buboni
1948 2128 2177 2192 praegress'o
2196 2128 2292 2175 suc-

473 2197 639 2243 cedunt
655 2230 667 2249 ,
687 2196 714 2241 si
744 2194 935 2260 perfefilze
958 2210 1048 2239 non
1072 2190 1348 2242 resolvantur
1366 2225 1378 2243 ‚
1399 2191 1521 2254 quod
1553 2144 1812 2237 rarissimum
1838 2193 1896 2237 est
1915 2226 1928 2243 ,
1957 2191 2107 2239 saltem
2129 2193 2188 2238 ita
2209 2193 2292 2239 im-

470 2260 616 2308 minui
636 2295 648 2314 ,
669 2278 716 2306 ut
743 2275 890 2305 tumor
919 2257 1124 2321 superstes
1150 2256 1387 2319 amygdala:
1407 2273 1479 2301 aut
1499 2257 1705 2302 avellanae
1723 2256 1888 2301 molem
1906 2256 1980 2302 vix
1998 2273 2152 2320 aequet.
2188 2261 2293 2305 No-

470 2326 631 2373 luerim
653 2341 802 2371 tamen
824 2338 995 2369 certum
1011 2321 1375 2368 &indubitatum
1399 2320 1603 2367 effeetum
1629 2320 1798 2384 semper
1819 2320 2023 2384 polliceri
2043 2355 2055 2374 ‚
2079 2323 2292 2385 quoniam

469 2393 581 2437 novi
621 2388 881 2436 skirrhodes
910 2387 1111 2432 bubones
1149 2386 1210 2431 ita
1240 2384 1426 2432 rebelles
1471 2385 1696 2431 interdum
1729 2384 1813 2443 effe
1842 2418 1854 2438 ,
1890 2400 1938 2431 ut
1978 2385 2291 2450 hydrargyrosi

470 2456 642 2502 summa
662 2455 796 2501 etiam
820 2452 1026 2498 cautione
1043 2450 1251 2496 adhibitae
1269 2449 1554 2512 pertinaciter
1580 2449 1784 2496 resistant.

537 2519 676 2577 Quod
703 2518 730 2563 si
759 2519 847 2564 haec
872 2516 1076 2562 accidant
1092 2549 1105 2567 ,
1131 2514 1270 2560 modo
1295 2513 1418 2560 bubo
1441 2514 1661 2578 lapideam
1689 2514 1901 2560 duritiem
1927 2514 2128 2560 rfondsim
2150 2515 2289 2579 adep-

470 2601 538 2630 tus
568 2584 616 2629 sit
635 2617 646 2635 ‚
681 2600 761 2629 nec
798 2582 852 2627 ad
885 2597 1093 2626 cancrum
1122 2580 1345 2624 occultum
1372 2579 1646 2642 propendeat
1664 2612 1677 2631 ‚
1702 2578 1904 2643 proderit
1921 2579 2142 2624 Thermas
2158 2584 2290 2626 Bare-

468 2649 618 2711 gianas
639 2647 760 2693 adire
781 2680 794 2698 ,
816 2662 864 2691 ut
884 2644 1158 2693 embrochen
1179 2642 1304 2706 super
1327 2642 1554 2689 bubonem
1571 2643 1778 2688 iterando
1797 2677 1808 2694 ,
1839 2643 2007 2704 inguen
2027 2643 2288 2690 morbosum

467 2712 690 2758 stillicidio
709 2728 827 2772 aquae
857 2709 1032 2756 fluentis
1061 2706 1353 2771 supponendo
1372 2740 1385 2758 ‚
1414 2707 1595 2754 demum
1615 2707 1784 2752 tumori
1800 2707 1956 2752 limum
1972 2741 1985 2759 ‚
2008 2708 2085 2770 qui
2104 2708 2150 2753 in
2171 2726 2290 2772 aquae

466 2776 611 2824 fundo
650 2775 873 2837 colligitur
895 2807 907 2824 ‚
945 2771 1214 2837 apponendo
1241 2770 1445 2834 quotidie
1466 2805 1479 2823 ,
1506 2771 1734 2835 coagulata
1767 2770 1936 2834 limpha
1967 2770 2121 2817 sensim
2144 2772 2290 2836 lique-

466 2842 542 2887 fiat
563 2845 607 2886 <Sc
628 2839 807 2885 tandem
834 2837 1092 2884 resolvatur.
1124 2840 1285 2898 Neque
1305 2837 1426 2881 enim
1453 2834 1634 2897 usquam
1658 2834 1765 2881 alibi
1781 2835 2002 2882 Thermas
2023 2836 2130 2882 ullas
2147 2837 2284 2890 novi,

465 2923 561 2970 quae
591 2903 660 2950 vel
685 2904 825 2949 lenius
851 2919 982 2965 agant
1001 2935 1012 2953 ‚
1041 2901 1112 2947 vel
1131 2900 1442 2964 glandularum
1459 2899 1667 2946 infatuus
1687 2897 1904 2946 efficacius
1926 2899 2173 2946 discutiant.

531 2971 678 3014 Cauto
701 2985 847 3014 tamen
867 2985 975 3031 opus
996 2966 1054 3012 est
1071 2999 1083 3018 ,
1108 2984 1157 3010 ac
1179 2964 1210 3010 sl
1233 2965 1356 3011 bubo
1375 2964 1483 3011 inde
1508 2963 1729 3012 rarescere
1750 2998 1762 3018 ‚
1791 2963 1983 3010 calefieri
2001 2998 2012 3017 ‚
2031 2961 2181 3025 dolere
2212 2963 2285 3008 in-

444 3047 449 3050 *
469 3033 602 3097 cipiat
620 3066 632 3083 ,
661 3032 960 3077 Thermarum
980 3032 1057 3075 usu
1080 3047 1192 3092 teger
1228 3030 1372 3075 statim
1402 3029 1613 3076 abstineat
1629 3063 1643 3082 ‚
1675 3046 1732 3076 ne
1750 3027 1951 3075 skirrhus
1970 3029 2016 3073 in
2033 3028 2284 3075 carcinoma.

469 3098 727 3160 degeneret.
756 3099 882 3140 Tunc
912 3096 1045 3156 igitur
1069 3094 1197 3139 mulis
1224 3093 1430 3141 remediis
1453 3094 1660 3140 omnibus
1695 3111 1761 3139 res
1790 3109 1885 3138 tota
1917 3109 2079 3138 natura:
2115 3091 2283 3138 viribus

467 3159 793 3222 gomurittenda
813 3161 871 3206 est
886 3191 900 3214 2
934 3159 1277 3213 convenientem
1309 3158 1482 3209 diaetam
1513 3157 1775 3224 imperando
1794 3192 1809 3213 ‚
1831 3163 1876 3205 &
1904 3157 2068 3207 tumori
2095 3155 2283 3220 emplasg
