2477 3643
631 163 895 212 Lxx-‚tn
961 169 1068 214 IV.
1135 165 1412 213 CAvur
1475 168 1639 215 XII.
1881 193 1972 234 411

150 238 211 286 fit
229 268 243 290 ,
270 247 324 283 'ex
340 235 542 284 doctrina
565 236 612 284 in
637 238 725 285 hoc
749 244 902 304 Opere
925 243 1116 298 traditz⁸13
1140 245 1401 310 nullumque
1427 264 1480 294 ex
1508 251 1813 313 proponendis
1834 271 1982 304 reme-

150 302 238 348 diis
256 301 303 347 in
323 299 449 348 usum
469 302 696 350 medicum
717 304 740 350 a
761 323 988 370 quoquam
1011 326 1198 356 vocetur
1218 312 1315 358 mea
1337 311 1491 359 saltem
1511 312 1599 361 fide
1619 321 1664 361 ὃς
1692 318 1950 368 audior-itate
1967 355 1981 375 ‚

153 365 233 413 nisi
259 365 384 429 quod
411 366 503 432 ipse
529 367 704 415 disertis
734 371 881 418 verbis
911 373 1102 421 dixerim
1132 375 1379 440 proficuum
1411 378 1483 425 vel
1513 377 1666 426 saltem
1692 396 1835 426 tutum
1864 384 1944 431 esse
1970 405 1981 431 z

153 431 388 494 Siquidem
408 450 672 480 arcanorum
692 436 1003 484 inventoribus
1016 473 1029 492 ,
1052 439 1302 488 fautoribus
1317 477 1329 495 ,
1346 442 1663 491 diribitoribus
1681 446 1865 492 minime
1887 466 1985 495 cre-

153 496 355 543 dendum
369 530 382 549 ,
405 514 596 562 quorum
620 500 856 566 plerosque
874 503 1017 568 palam
1036 507 1094 551 est
1112 506 1482 571 inexperientiam
1504 515 1549 556 &
1572 510 1844 575 imperitiam
1865 512 1984 559 sum-

152 577 275 607 mam
310 561 478 608 summa
516 567 742 614 cumulare
773 568 1136 632 vaniloquentia,
1164 572 1362 637 quosque
1395 575 1766 640 putidislimorum
1796 578 1984 624 menda-

153 626 330 672 ciorum
350 627 599 676 nullatenus
617 632 755 696 pudet
770 666 782 686 ,
816 633 1066 681 dummodo
1085 638 1290 684 remediis
1310 636 1393 685 suis
1412 641 1672 705 plerumque
1689 642 1851 689 nullius
1882 662 1985 707 pre-

155 690 208 736 tii
228 695 273 737 δε
296 690 456 739 valoris
476 727 488 746 ‚
510 712 602 741 non
625 699 724 743 raro
742 698 886 744 noxiis
905 704 952 745 &
973 717 1148 747 veneno
1171 702 1289 766 quasi
1322 704 1532 752 delibutis
1551 740 1563 759 ,
1607 706 1777 770 semper
1813 710 1983 755 temere

153 760 202 802 &
230 756 437 820 imperite
456 759 669 808 adhibitis
701 781 852 808 auram
886 781 1062 829 captent
1094 768 1380 831 popularem,
1406 775 1490 831 (a)
1522 776 1773 834 Famamque
1806 774 1983 834 verbosts

145 818 323 885 strophis
343 839 564 871 conentur
584 832 821 890 acquiram
843 846 933 875 uno
962 830 1105 877 verbo
1144 834 1393 881 dummodo
1421 836 1545 881 malis
1579 836 1748 882 artibus
1776 839 1885 899 quid
1912 838 1982 884 lu-

154 887 258 931 celli
291 888 557 942 corradant,
590 894 660 937 cui
695 892 822 938 unice
850 893 1025 941 inhiant
1057 900 1366 962 Αἰχροκερὸἐῐς,
1398 917 1446 947 ac
1481 919 1613 964 quam
1645 901 1727 961 (b)
1770 903 1874 952 νεὲἶὲ
1905 922 1983 951 non

152 952 339 1013 possunt,
372 951 450 1000 fibi
479 974 719 1021 quocumque
745 959 856 1004 modo
888 977 969 1006 rem
986 962 1165 1021 faciant.

1054 1074 1088 1115 Ι.

153 1166 349 1210 panacea
389 1169 470 1230 (c)
503 1167 560 1216 de
592 1169 632 1216 la
659 1171 807 1236 Vigne
837 1176 1011 1221 Medici
1043 1181 1161 1240 Regii
1191 1180 1425 1240 Parisiensts
1444 1218 1458 1233 ,
1477 1181 1551 1240 sen
1576 1185 1707 1247 potiits
1737 1187 1985 1232 Mercurius

616 1242 889 1302 praecipitatus
913 1241 1034 1286 ruber
1055 1246 1215 1290 Solaris
1239 1245 1289 1291 v&
1317 1249 1514 1291 Lunaris.

200 1340 311 1383 Rec.
337 1335 447 1382 &in
467 1337 711 1403 amalgama
730 1361 841 1409 coge
864 1349 912 1397 Θ
938 1352 982 1394 &
1005 1360 1053 1411 3)
1070 1367 1153 1396 ema
1181 1350 1212 1417 ξ
1232 1355 1259 1412 j.
1282 1351 1327 1397 ss.
1352 1353 1456 1410 §rii
1473 1354 1612 1419 vivi}
1635 1354 1697 1416 iij.
1716 1356 1854 1420 idque
1874 1355 1940 1400 in·
1960 1386 1985 1404 a

152 1400 362 1448 durescat
379 1402 426 1446 in
448 1403 626 1449 massam
647 1407 808 1456 albam.
845 1413 984 1459 Simul
1005 1433 1052 1459 ac
1073 1416 1322 1463 conteritur
1337 1452 1349 1470 ,
1370 1435 1417 1465 ut
1438 1437 1494 1466 ne
1515 1421 1697 1483 granula
1716 1422 1942 1467 duriuscu-
1961 1450 1987 1466 κ

150 1467 196 1513 la
215 1482 425 1513 maneant
440 1500 452 1519 ‚
479 1472 493 1526 (
512 1468 601 1514 haec
624 1473 746 1519 enim
768 1475 994 1524 adhaerent
1016 1481 1163 1543 postea
1188 1482 1306 1529 vitro
1328 1488 1373 1529 &
1391 1502 1482 1531 non
1500 1486 1647 1531 excuti
1669 1504 1750 1534 nec
1776 1488 1823 1532 in
1841 1487 1942 1550 pul-
1963 1514 1987 1531 κ

155 1548 309 1578 verem
329 1534 536 1579 converti
563 1536 768 1599 possunt)
792 1542 934 1588 statim
956 1546 1187 1608 apparebit
1215 1549 1400 1594 materia
1428 1549 1684 1603 humidior,
1716 1558 1760 1598 δεῖ
1791 1552 1941 1616 expri-
1961 1578 1988 1596 e«

154 1614 304 1643 inetur
324 1616 401 1662 per
420 1598 609 1644 linteum
629 1606 849 1651 Mercurii
871 1611 1089 1655 currentis
1107 1609 1226 1657 bona
1248 1630 1360 1676 pars.
1400 1616 1499 1660 Post
1519 1614 1659 1678 probe
1682 1634 1939 1663 conteratur
1963 1643 1990 1662 e·

153 1663 398 1725 amalgama
419 1695 432 1713 ‚
463 1680 510 1707 ut
538 1665 796 1729 subigantur
826 1674 1010 1734 granula
1036 1677 1214 1727 omnia,
1243 1676 1410 1741 fietque
1440 1680 1625 1725 materia
1658 1679 1861 1727 subfusca
1893 1687 1940 1728 &
1962 1708 1988 1727 a

152 1727 390 1790 nigricans.
433 1727 478 1772 Si
503 1726 556 1773 sic
588 1733 863 1796 relinquetur
890 1739 1030 1783 statim
1058 1741 1342 1788 recandescet
1372 1748 1419 1788 δε
1445 1743 1715 1791 obdurescet
1735 1779 1747 1797 ,
1779 1764 1832 1792 ex
1860 1747 1939 1792 tri·
1962 1774 1992 1794 a

154 1791 254 1838 tura
282 1792 389 1839 vero
418 1792 589 1858 semper
620 1799 852 1845 madorem
883 1807 925 1847 δε
954 1804 1183 1867 nigrorem
1217 1807 1456 1853 contrahit.
1499 1807 1768 1856 Affundatur
1797 1811 1942 1858 rursus
1962 1838 1990 1858 «ι

152 1858 409 1905 Mercurius
437 1859 658 1922 expressus
686 1869 731 1910 ἃ
759 1866 961 1929 protinus
982 1869 1006 1913 a
1026 1869 1212 1917 materia
1232 1871 1532 1920 combibetur.
1577 1874 1773 1920 Additur
1795 1893 1941 1923 autem
1963 1902 1990 1922 κ

151 1922 324 1987 semper
357 1922 526 1986 aliquid
556 1928 667 1973 novi
699 1932 949 1984 Mercurii,
981 1933 1043 1979 ita
1070 1950 1118 1979 ut
1150 1935 1250 1981 cum
1283 1937 1414 1984 initio
1448 1938 1581 2002 dupla
1612 1941 1830 1985 Mercurii
1858 1959 1940 2005 pro
1964 1966 1992 1985 κ

153 1987 307 2053 simpla
334 1987 408 2034 seu
442 1990 570 2036 unica
604 1994 814 2057 portione
846 1996 985 2043 massae
1013 1999 1179 2046 Solaris
1200 2006 1245 2047 ὃ(
1276 2002 1461 2047 Lunaris
1481 2002 1561 2055 fit»,
1591 2003 1816 2068 postremo
1842 2005 1943 2051 cum
1964 2029 1990 2047 κ

156 2052 266 2118 saepe
294 2054 544 2101 conteritur
577 2064 622 2103 δέ
654 2061 918 2124 exprimitur
950 2065 1231 2118 Mercurius,
1270 2066 1428 2114 decem
1460 2083 1605 2132 partes
1638 2070 1857 2118 Mercurii
1888 2071 1945 2118 ad
1965 2091 1993 2111 κ

152 2136 289 2165 unam
309 2135 482 2182 partem
502 2122 639 2169 massae
661 2126 857 2172 veniant.
880 2148 906 2165 τι

213 2189 319 2230 Haec
353 2186 506 2231 omnia
533 2187 725 2237 infunde
747 2191 903 2255 phialae
920 2226 933 2244 ‚
963 2193 1226 2256 digerantur
1250 2195 1355 2258 igne
1377 2196 1591 2260 lampadis
1616 2197 1832 2244 continuo
1849 2232 1860 2250 ‚
1893 2204 1938 2245 δε
1960 2220 1987 2240 κ

152 2266 233 2314 per
247 2249 445 2313 quinque
467 2253 538 2298 vel
555 2253 624 2300 sex
641 2255 947 2304 hebdomadas
968 2259 1115 2305 Arbor
1134 2262 1396 2306 Hermetica
1416 2262 1522 2308 inde
1542 2263 1776 2326 gignetur(
1799 2263 1940 2311 tribus
1961 2288 1991 2308 κ

157 2315 363 2379 chopinis
394 2317 701 2366 Parisienssbus
733 2323 823 2368 olei
854 2340 932 2386 per
960 2324 1156 2370 mensem
1190 2323 1318 2371 facile
1353 2326 1466 2388 ignis
1496 2328 1657 2390 alitur,
1692 2343 1740 2372 ut
1770 2328 1937 2390 ellych—
1961 2353 1989 2372 u

158 2381 285 2426 nium
312 2398 450 2425 unum
475 2384 793 2430 concinnatum
814 2403 866 2432 ex
888 2403 1077 2449 quatuor
1098 2389 1181 2434 filis
1199 2390 1415 2436 continuo
1435 2392 1589 2438 ardeat
1611 2399 1623 2449 )
1654 2392 1814 2438 leviter
1838 2412 1938 2440 mo-
1960 2416 1988 2435 κ

156 2446 218 2490 do
239 2445 466 2490 claudatur
487 2447 634 2510 phiala
652 2449 803 2495 charta
821 2484 833 2502 ‚
853 2451 1007 2498 arctius
1026 2470 1072 2498 ut
1093 2453 1320 2501 claudatur
1340 2474 1433 2502 non
1452 2474 1561 2521 opus
1579 2459 1638 2504 est
1654 2489 1666 2509 ,
1687 2457 1790 2519 quia
1812 2461 1937 2504 Mer·
1959 2480 1987 2499 ee

159 2510 309 2556 curius
338 2527 431 2554 non
463 2513 574 2557 ultra
604 2515 738 2576 quam
767 2516 822 2560 ad
851 2518 1138 2565 medietatem
1168 2519 1363 2567 ascendit
1383 2555 1396 2573 ‚
1429 2522 1626 2585 indeque
1659 2521 1830 2568 decidit
1862 2541 1939 2586 per
1961 2543 1987 2563 «ο

157 2574 345 2621 blandas
377 2574 496 2638 quafi
541 2576 874 2627 sublimationes
896 2616 908 2634 ‚
959 2583 1094 2646 idque
1125 2584 1299 2632 circiter
1333 2586 1481 2632 decies
1513 2586 1573 2631 fit.
1620 2587 1690 2632 Ad
1720 2586 1855 2633 finem
1889 2589 1937 2632 fit
1959 2606 1986 2625 ‘t

157 2640 302 2706 pulvis
331 2640 462 2686 ruber
491 2642 546 2688 ad
573 2645 718 2691 omnis
749 2648 924 2710 generis
951 2648 1134 2696 morbos
1167 2651 1237 2697 vel
1269 2650 1936 2716 desperatiffimos‘creberrima
1960 2671 1986 2691 κ

160 2705 436 2768 experientia
463 2707 688 2770 probatus.
711 2733 735 2749 u

223 2773 342 2815 Tota
370 2773 573 2834 operatio
602 2793 768 2822 novem
799 2776 1012 2823 mensium
1043 2777 1181 2844 spatio
1210 2780 1454 2828 absolvitur
1486 2780 1690 2827 adhibito
1721 2780 1937 2827 continuo
1959 2801 1986 2822 u

157 2833 375 2897 lampadis
400 2836 517 2898 igne.
558 2839 684 2885 Dofis
711 2859 834 2904 gran.
865 2847 894 2903 j.
931 2844 1002 2889 vel
1022 2844 1066 2904 ij.
1105 2844 1241 2908 usque
1263 2847 1318 2892 ad
1338 2866 1379 2893 v.
1415 2847 1487 2893 vel
1517 2847 1550 2894 Β
1572 2846 1617 2891 ss.
1650 2846 1697 2890 in
1730 2845 1940 2892 vehiculo
1959 2866 1987 2884 τε

162 2900 466 2962 appropriato.
504 2902 600 2948 Usu
625 2905 743 2951 illius
785 2925 983 2970 panaceae
1011 2912 1077 2954 N.
1115 2909 1171 2954 de
1208 2910 1245 2955 la
1269 2913 1416 2974 Vigne
1442 2913 1489 2957 in
1519 2910 1687 2956 morbis
1730 2910 1939 2974 despera·
1960 2930 1987 2948 α

162 2963 330 3010 tiffimis
360 2965 475 3026 quasi
497 2968 707 3015 miracula
726 2971 933 3034 praestitit.
965 2975 1177 3018 Hafflemzs
1198 2975 1470 3035 Hoffmannns
1485 2997 1511 3014 e«

228 3033 388 3075 Peccat
417 3048 468 3076 ea
500 3034 718 3079 Mercurii
754 3036 1011 3099 praeparatio
1043 3038 1258 3084 deleteria
1293 3040 1536 3087 acrimonia
1567 3073 1578 3093 ,
1611 3039 1719 3085 ficut
1751 3043 1796 3084 ὅ(
1830 3056 1991 3086 caeterae

160 3093 361 3156 ejusdem
381 3097 554 3158 generis
574 3130 586 3149 ,
608 3098 801 3162 ideoque
821 3101 1090 3147 stomachum
1112 3104 1308 3166 graviter
1329 3104 1543 3152 subvertit
1564 3122 1665 3150 cum
1697 3103 1889 3165 syncope
1911 3139 1922 3156 ‚
1944 3112 1990 3152 δέ

160 3160 406 3224 aliquando
426 3179 526 3207 cum
548 3162 761 3210 erofionis
789 3166 1003 3229 periculo.
1044 3170 1272 3229 Quocirca
1305 3170 1478 3216 Medici
1502 3169 1582 3216 fibi
1613 3185 1797 3215 caveant
1824 3172 1956 3215 veum
1977 3202 1992 3223 ,

164 3226 317 3275 ncilla
338 3227 507 3276 temere
525 3243 705 3278 utantur
722 3262 737 3284 ,
760 3232 880 3280 velsi
910 3232 976 3281 uti
1005 3233 1148 3283 visum
1176 3234 1254 3289 sit,
1284 3235 1524 3285 exhibeant
1554 3252 1780 3345 nuanufam
1810 3236 1887 3281 nili
1919 3253 1992 3291 rof

1615 3303 1642 3347 F
1746 3302 1776 3362 1j

2033 778 2088 825 (a)
2117 778 2262 819 Phaedr.

2032 832 2109 867 Lib.
2131 849 2164 872 1.
2177 834 2265 872 Fab.

2040 897 2106 929 14.

2054 960 2105 1006 (b)
2126 961 2264 1001 Horatq

2033 1026 2065 1051 ι.
2086 1013 2225 1061 Epistol.

2033 1064 2129 1101 Libr.
2150 1077 2185 1102 ι.

2036 1195 2077 1238 (c
2095 1196 2105 1237 )
2142 1194 2267 1232 Phat-

2037 1259 2234 1297 macopoea

2034 1298 2209 1336 Medico-

2036 1350 2207 1389 Chimica

2038 1403 2207 1440 Friderici

2037 1455 2267 1495 Hoffmanni*

2037 1509 2112 1544 Lzb.
2137 1523 2150 1557 3
2190 1517 2265 1557 cap.

2043 1574 2104 1612 lj·
2120 1561 2153 1605 §⁸
2173 1573 2244 1605 22.
