2477 3643
656 130 1595 186 LintnIV.CA1’u·rV.
1922 158 2007 208 343

180 206 309 257 testes
328 210 527 258 constant
545 244 557 265 ,
577 214 732 261 nativo
754 231 865 263 tono
886 217 1112 266 restituere
1130 219 1300 274 valeat,
1326 218 1448 266 unde
1472 219 1654 285 gemina
1671 219 1729 270 de
1749 225 1875 272 causa
1891 229 2010 277 nulla

181 273 356 321 testium
373 274 585 323 resolutio
602 277 817 343 speranda
835 281 913 328 fit?
966 289 971 293 ”

243 347 310 398 7⁰.
351 342 720 407 Quotiescunque
741 347 859 394 adest
878 347 1154 410 gonorrhoea
1173 348 1394 396 virulenta
1409 383 1421 402 ,
1440 349 1527 397 five
1547 367 1698 398 recens
1715 351 1767 398 fit
1781 387 1794 406 ,
1813 354 1903 402 five
1926 374 2005 403 an-

172 402 302 467 tiqua
332 407 377 452 ’δε
405 406 668 455 inveterata.
705 412 922 468 Quamvis
948 414 1069 459 enim
1096 431 1177 461 nec
1206 413 1340 461 semel
1363 414 1650 463 observatum
1682 416 1819 465 fuerit
1845 420 2006 468 inunc-

177 469 354 516 tionum
390 471 769 523 administratione
801 496 902 523 cum
935 479 1101 525 caeteris
1135 478 1438 544 symptomatis
1472 482 1792 545 gonorrhoeam
1822 502 2003 549 quoque

171 533 370 597 perfeete
398 553 596 584 curatam
619 538 773 594 fuisse,
798 542 845 589 id
871 558 1019 589 tamen
1048 559 1308 608 perpetuum
1337 563 1430 591 non
1446 549 1507 593 est
1525 580 1537 599 ,
1565 548 1819 613 acciditque
1838 552 2002 597 multo-

176 599 260 645 ties
281 601 415 646 eriam
433 604 526 666 post
546 603 584 651 le
619 604 790 652 itimam
819 607 1174 671 hydrargyrosim
1192 642 1204 661 ,
1224 612 1545 672 gonorrhoeam
1565 646 1577 665 ‚
1592 613 1697 660 licet
1709 621 1798 676 jam
1814 616 2001 680 amplius

174 680 363 711 venerea
378 684 469 713 non
486 667 536 713 sit
550 703 561 721 ‚
580 620 699 716 ἕψω
718 674 838 737 aeque
856 672 980 720 uberi
995 691 1043 718 ac
1062 675 1187 721 antea
1205 673 1430 723 scaturire.
1448 679 1518 722 An
1532 678 1637 741 quia
1655 695 1814 744 praeter
1835 683 2001 729 veneni

180 727 275 775 vim
289 730 624 780 inunfflonibus
644 735 839 783 deletam
856 772 867 789 ,
889 738 1094 801 longiore
1115 741 1327 804 temporis
1347 741 1583 788 intervallo
1605 749 1650 790 ὃς
1664 743 1857 794 fortiore
1877 747 1999 795 ulce-

182 809 286 843 ratae
301 797 436 859 partis
452 798 701 847 deterfione
716 820 824 866 opus
844 804 970 855 est‚ut
984 805 1103 850 ulcus
1119 806 1164 850 in
1178 807 1377 870 prostatis
1390 805 1599 871 superstes
1618 810 1824 858 cicatrice
1839 828 1968 859 coeat
1983 825 1998 860 Ξ

237 861 301 905 8⁰.
338 863 706 929 Quotiescunque
726 868 969 931 stranguria
995 869 1017 914 εὶ
1040 868 1278 933 praegreffis
1303 872 1588 934 gonorrhoeis
1609 890 1709 921 orta
1733 893 1999 939 :egrotantes

169 936 352 987 torquet
383 928 452 973 vel
481 931 694 976 continuo
721 933 792 978 vel
814 950 893 998 per
919 934 1168 980 intervalla.
1211 935 1383 981 Malum
1404 937 1525 983 enim
1542 970 1555 990 ‚
1580 937 1686 986 licet
1712 940 1791 987 usu
1811 945 1997 989 Mercu-

170 989 226 1033 rii
248 990 387 1036 levius
407 992 668 1058 plerumque
693 996 768 1043 fiat
785 1031 796 1050 ,
830 1014 1032 1044 naturam
1055 1016 1201 1046 tamen
1223 1000 1284 1046 ita
1304 1002 1466 1048 retinet
1488 1036 1501 1054 ‚
1535 1018 1582 1048 ut
1602 1004 1762 1051 iterum
1785 1008 1880 1076 pari
1902 1007 1996 1055 fer-

170 1053 242 1099 me
272 1054 442 1101 ferocia
473 1058 616 1106 saeviat
644 1061 912 1108 identidem.
952 1067 1023 1108 An
1053 1064 1176 1127 quod
1205 1067 1454 1112 Mercurius
1482 1067 1623 1132 impar
1646 1069 1696 1115 sit
1721 1072 1997 1120 relolvendis

169 1117 550 1182 hypersarcosibus
573 1143 666 1188 quae
689 1127 735 1172 in
763 1126 942 1174 urethra
971 1127 1229 1176 succrevere
1245 1164 1257 1183 ‚
1286 1131 1570 1178 emolliendis
1597 1134 1854 1183 durioribus
1878 1138 1997 1185 cica-

169 1184 355 1231 tricibus
386 1203 460 1232 aut
493 1188 650 1236 suturis
668 1224 681 1243 ,
711 1209 807 1255 quae
836 1193 883 1238 in
911 1193 1075 1239 eodem
1094 1194 1238 1240 ‘ductu
1273 1197 1466 1258 prostant
1484 1231 1495 1248 ,
1520 1214 1593 1242 aut
1619 1198 1801 1247 demum
1833 1203 1998 1250 conso-

170 1247 364 1295 lidandis
393 1251 616 1299 ulceribus
636 1289 649 1308 ,
673 1257 834 1319 quibus
863 1257 1066 1304 eroditur
1087 1292 1099 1312 ‚
1128 1259 1152 1305 a
1173 1260 1333 1324 quibus
1353 1260 1484 1307 causis
1510 1263 1799 1327 stranguriam
1826 1267 1998 1333 depen-

166 1312 276 1360 dere
297 1313 423 1379 supra
447 1317 668 1366 vidimus?

232 1386 297 1437 90.
334 1381 542 1445 Denique
565 1383 917 1450 quotiescunque
943 1387 1153 1434 strumosa
1173 1388 1244 1435 vel
1270 1386 1520 1438 scorbutica
1542 1393 1796 1441 constitutio
1816 1394 1898 1442 luis
1917 1414 1999 1444 ve·-

167 1459 311 1490 nereae
331 1462 480 1493 comes
501 1450 559 1494 est
577 1449 825 1496 individua.
872 1453 1156 1517 Experientia
1183 1454 1304 1500 enim
1332 1473 1612 1521 compertum
1643 1461 1701 1505 est
1721 1478 1792 1506 eas
1815 1461 1898 1507 luis
1916 1480 1997 1509 ve·

165 1523 309 1556 nereae
339 1509 502 1575 species
531 1513 609 1560 usu
636 1517 977 1563 Mercurialium
994 1551 1006 1570 ,
1035 1517 1064 1563 si
1093 1517 1186 1564 sola
1211 1519 1318 1573 siut,
1348 1539 1441 1567 non
1470 1538 1561 1569 tam
1587 1527 1833 1588 expugnari
1859 1527 1995 1589 quam

163 1576 405 1638 provocari
425 1610 435 1628 ‚
463 1594 595 1641 atque
625 1580 738 1626 adeo
764 1579 794 1626 si
821 1582 1031 1628 radicitus
1060 1600 1257 1647 unquam
1281 1603 1492 1633 curentur
1510 1621 1522 1639 ‚
1544 1589 1688 1634 curari
1722 1608 1993 1654 numquam,

167 1638 248 1683 nisi
276 1640 666 1690 anti-schoeradica
684 1661 758 1690 aut
784 1646 1155 1694 anti-scorbutica
1182 1667 1283 1694 cum
1310 1652 1631 1699 anti-venereis
1662 1659 1708 1699 δε
1740 1658 1991 1702 Mercuria-

166 1702 284 1749 libus
298 1704 369 1751 vel
386 1707 471 1751 unci
493 1708 563 1754 vel
582 1709 747 1756 alterne
767 1711 1076 1759 exhibeantur.
1095 1718 1167 1759 An
1184 1714 1306 1777 quod
1327 1715 1554 1763 scrofulosi
1577 1718 1646 1764 vel
1667 1718 1910 1767 scorbutici
1924 1723 1992 1770 se-

164 1769 490 1832 miniiguttulae
507 1807 520 1825 ,
538 1776 703 1821 veneni
729 1778 912 1824 venerei
937 1778 1128 1840 guttulas
1158 1779 1328 1843 aliquot
1358 1782 1406 1827 in
1430 1781 1522 1828 finu
1546 1782 1609 1829 ita
1638 1783 1796 1831 intime
1828 1804 1990 1833 recon-

165 1832 302 1886 dant,
328 1851 376 1880 ut
411 1836 632 1885 inacceffae
666 1839 773 1885 fiant
813 1847 859 1888 &
897 1842 1265 1907 inexpugnabiles
1294 1865 1305 1898 3
1338 1846 1458 1893 haud
1488 1846 1651 1912 dispari
1689 1850 1829 1897 modo
1864 1870 1913 1897 ac
1943 1854 1991 1899 in

167 1898 458 1962 amalgamate
479 1905 573 1949 auri
601 1910 647 1949 ὃς
665 1907 838 1969 argenti
860 1905 1020 1957 solent„
1041 1909 1137 1955 auri
1158 1910 1298 1956 atomi
1322 1913 1523 1974 quaedam
1544 1912 1598 1958 ab
1626 1916 1798 1976 argenti
1831 1918 1991 1964 atomis

166 1962 366 2027 undique
399 1966 462 2012 ita
493 1968 709 2024 obvolvi,
741 1987 788 2016 ut
818 1971 873 2018 ab
909 1972 1022 2036 aqua
1051 1974 1174 2038 regia
1203 1992 1427 2039 nequeant
1452 1977 1689 2025 ullomodo
1714 1996 1797 2027 nec
1832 1981 1994 2047 attingi

165 2044 251 2075 nec
271 2029 462 2076 dissolvi.
1751 2097 1754 2099 ,

223 2098 328 2140 ΙΙΙ.
368 2099 512 2143 Datur
543 2101 590 2144 ὅ(
617 2097 805 2146 alterum
833 2100 916 2147 luis
939 2118 1142 2150 venereae
1170 2120 1309 2166 genus
1339 2104 1615 2170 praecedente
1645 2111 1764 2171 pejus
1784 2143 1797 2162 ,
1826 2109 1872 2156 in
1900 2129 1991 2176 quo

159 2159 443 2207 curationem
473 2162 865 2213 morbiinstituere
891 2166 1005 2214 adeo
1034 2169 1334 2233 periculosum
1364 2171 1451 2221 est,
1480 2187 1528 2216 ut
1558 2170 1729 2218 soleant
1758 2174 1867 2222 inde
1892 2194 1992 2240 gra-

162 2224 237 2270 via
264 2224 514 2272 infortunia
542 2227 841 2292 stepenumerb
868 2231 1114 2288 obvenire,
1147 2233 1226 2279 nisi
1259 2234 1496 2281 caurillime
1523 2237 1809 2301 procedatur.
1848 2243 1992 2289 Istius-

162 2288 289 2336 modi
310 2289 409 2336 sunt
430 2292 522 2339 lues
542 2311 743 2341 venereae
764 2294 1011 2359 sequentes.

229 2363 290 2399 10.
331 2357 636 2421 Quaecumque
660 2359 778 2405 inter
807 2361 1076 2423 graviffimas
1096 2361 1335 2410 lethalesve
1355 2363 1446 2410 lues
1472 2380 1683 2412 venereas
1702 2400 1714 2419 ,
1736 2384 1842 2431 quas
1864 2368 1991 2435 supra

159 2417 485 2472 recensuimus,
504 2422 652 2468 locum
671 2423 853 2470 habeut.
873 2429 980 2479 Jure
998 2429 1116 2473 enim
1136 2429 1427 2475 metuendum
1443 2431 1502 2475 est
1515 2446 1571 2476 ne
1582 2447 1844 2493 aegrotantes
1863 2436 1992 2497 gravi

163 2488 213 2532 ὃς
245 2483 420 2529 diutina
449 2486 550 2533 labe
578 2491 666 2548 jam
698 2487 824 2535 fracti
842 2525 854 2543 ‚
876 2491 1117 2554 antiquove
1138 2493 1299 2539 morbo
1329 2494 1522 2540 exhausti
1542 2526 1555 2546 ,
1582 2496 1660 2558 qui
1680 2497 1991 2546 inuncstionum

161 2546 243 2594 usu
280 2548 538 2613 plerumque
565 2552 843 2617 exasperatur
874 2554 1029 2602 saltem
1058 2557 1190 2604 initio
1208 2592 1219 2610 ‚
1240 2559 1370 2605 taedio
1403 2564 1448 2604 δε
1469 2559 1761 2607 vehementiae
1798 2563 1991 2611 adhibiti

162 2613 387 2667 remedii,
420 2631 551 2680 atque
575 2621 810 2681 provocati
830 2619 1050 2685 ptyalismi
1085 2623 1291 2670 molestia:
1317 2623 1620 2670 succumbant.

228 2687 291 2722 2⁰.
327 2681 634 2745 Quaecumque
659 2683 913 2731 scorbutum
933 2686 1145 2734 comitem
1164 2689 1332 2736 habent
1352 2724 1362 2740 ,
1381 2707 1469 2753 quo
1489 2689 1680 2753 gingivas
1700 2694 1746 2736 δε
1765 2691 1852 2738 oris
1873 2692 1992 2740 inte-

163 2741 285 2789 riora
299 2742 500 2798 foetea11t‚
518 2747 702 2802 liveant,
724 2751 960 2813 putrefiant
979 2756 1022 2798 &
1038 2768 1237 2800 tumeant
1252 2755 1298 2800 in
1317 2753 1494 2818 fungos.
1509 2756 1688 2818 Quippe
1703 2755 1781 2801 ubi
1797 2757 1991 2820 primum

161 2808 336 2854 accedit
350 2810 439 2855 oris
458 2811 677 2875 phlogosls
695 2820 742 2861 &
759 2816 1030 2862 exulceratio
1047 2851 1057 2870 ‚
1076 2819 1216 2880 qualis
1231 2820 1276 2866 in
1295 2819 1524 2883 ptyalismo
1540 2820 1657 2866 adest
1670 2853 1682 2872 ‚
1697 2819 1988 2869 solent‘semi-

162 2888 313 2936 putres
334 2888 427 2919 tum
448 2877 636 2939 gingivae
653 2913 665 2930 ,
690 2895 784 2925 tum
818 2878 1013 2926 faucium
1033 2884 1253 2945 palatique
1272 2901 1414 2948 partes
1435 2884 1487 2928 ab
1505 2885 1651 2930 ulcere
1674 2884 1991 2947 phagedaenico

163 2943 211 2984 &
233 2937 450 2985 erodente
470 2940 672 3004 depasci,
692 2946 814 3006 quod
833 2946 881 2989 in
902 2943 1184 3008 gangraenam
1210 2947 1338 2995 brevi
1353 2948 1511 2994 desinit
1525 2983 1538 3002 ‚
1561 2949 1633 2996 vel
1657 2950 1862 3012 proxime
1881 2949 1993 2999 defi-

168 3018 317 3049 turum
340 3003 532 3049 videtur.

224 3073 288 3128 3⁰.
321 3069 625 3132 Quaecumque
647 3087 748 3116 cum
767 3068 967 3134 scrofulis
989 3073 1214 3122 strumisve
1236 3075 1349 3122 adeo
1373 3077 1582 3141 gravibus
1603 3081 1844 3139 conjunCtae
1865 3079 1963 3126 sunt
1981 3113 1994 3133 ,

153 3146 210 3177 -ut
241 3149 396 3186 aures,
430 3135 596 3179 collum
630 3151 701 3181 aut
733 3138 910 3184 maxilla
942 3154 1129 3203 utraque
1149 3174 1160 3192 ‚
1193 3140 1342 3187 multis
1361 3176 1373 3194 ‚
1410 3144 1558 3196 duris,
1589 3144 1801 3197 tumidis,
1831 3141 1996 3192 callosis

160 3195 386 3260 glandulis
414 3199 713 3250 obfideantur.
757 3203 1034 3253 ‘finiendum
1058 3207 1119 3253 est
1144 3204 1310 3255 scilicet
1340 3225 1397 3256 ne
1430 3207 1648 3258 strumosae
1672 3208 1887 3274 glandulae
1907 3211 1994 3260 una

2097 387 2136 421 7·
2168 376 2282 429 Q0‹

2047 424 2115 461 ties
2139 439 2282 478 gonor-

2049 476 2157 516 thoea
2175 482 2280 519 viru·

2048 529 2142 567 lenta
2180 533 2253 569 ad-

2046 583 2172 633 jtinsta
2189 585 2256 629 est,

2088 890 2127 925 ε.
2157 887 2276 940 Q-

2046 937 2112 976 ties
2152 941 2275 978 stran-

2043 991 2152 1042 guria
2179 1006 2277 1045 prae-

2044 1043 2170 1094 gtessis
2197 1059 2277 1097 go·-

2042 1096 2233 1136 norrhoeis

2044 1147 2221 1196 successit.

2090 1409 2129 1440 9·
2158 1395 2276 1444 Quo-

2047 1447 2114 1485 ties
2147 1449 2248 1487 stru-

2047 1500 2150 1537 mosa
2176 1501 2237 1539 vel

2045 1551 2252 1592 scotbutica

2045 1606 2258 1644 constitutio

2043 1658 2161 1694 morbi
2203 1670 2276 1694 co-

2040 1721 2119 1747 mes
2145 1710 2214 1751 est..

2074 2111 2150 2148 ΙΙΙ.
2178 2109 2279 2150 Dar?

2039 2174 2150 2215 genus
2172 2165 2274 2200 alte-

2041 2228 2121 2253 rum
2137 2216 2203 2253 luis
2217 2229 2276 2255 ves

2040 2281 2177 2312 uertat,
2210 2270 2246 2306 in

2039 2333 2115 2372 quo
2129 2321 2276 2358 curatio

2042 2374 2248 2421 periculosa

2040 2424 2095 2461 sit.

2071 2516 2103 2540 1.
2123 2502 2272 2539 Simor-

2038 2554 2104 2592 bus
2121 2554 2161 2591 fit
2175 2554 2194 2592 ὲ
2209 2567 2273 2591 ηιμ

2039 2619 2145 2644 mero
2179 2618 2270 2657 gra-

2039 2658 2246 2699 vissimotfi-

2065 2725 2097 2747 2.
2122 2711 2160 2748 si
2175 2722 2271 2748 cou-

2039 2767 2218 2816 jungatur

2041 2829 2124 2852 cuni
2147 2816 2254 2852 scor-

2041 2867 2160 2904 butica
2184 2869 2259 2907 oris

2040 2920 2235 2957 exulcera-

2044 2972 2157 3010 tione.

2075 3091 2110 3125 3.
2138 3081 2210 3116 Aut
2227 3078 2274 3123 (ᾗ

2046 3129 2216 3168 scrofulis

2045 3184 2241 3233 graviori·-

2046 3235 2126 3279 bus!
