2477 3643
38 387 132 434 “h

478 145 575 194 268
849 144 1383 196 DEMORBts
1445 139 1997 196 VENERE13.·“

197 238 238 267 1·
258 256 269 274 ‚
289 227 429 268 absces-
474 229 524 278 in
555 242 684 304 putre
709 227 937 293 liquamen
955 227 1079 293 poffit
1109 224 1300 277 resolvi,
1319 223 1425 270 dum
1454 223 1613 272 iisdem
1636 226 1768 273 causis
1792 226 1952 274 fortius
1968 225 2014 273 δε
2029 218 2307 292 frequentin}

195 282 253 319 sus
275 311 288 328 ,
321 282 428 322 fistu-

200 333 256 372 lae.

199 636 222 665 9
233 620 425 657 Carcino-

198 685 257 710 ma
284 673 426 711 confir-

195 736 346 764 matum.

239 958 298 983 10.
341 944 424 982 Imo

191 998 399 1035 carcinoma.

195 1050 424 1087 exulcerato.

215 1270 303 1322 Q
315 1269 425 1308 ratio-

191 1337 233 1361 ne
272 1321 423 1374 dignos-

189 1388 296 1414 catur
328 1387 422 1426 pra:-

189 1429 302 1465 sentia
319 1427 422 1478 phy-

189 1492 335 1519 matum
387 1483 422 1515 &

188 1531 381 1570 chordam
411 1558 420 1573 ,

189 1583 276 1621 cum
322 1585 420 1622 fxit-

189 1635 332 1674 xhodea

190 1688 291 1728 sunt.

214 1742 260 1778 Et
278 1740 362 1778 cum
388 1739 422 1776 in

187 1795 421 1831 carcinoma-

189 1847 300 1882 toden
316 1856 415 1880 natu«

187 1908 268 1933 ram
304 1897 418 1947 dege·

189 1960 328 1991 uetant.

253 2242 356 2280 Tum
385 2240 420 2279 in

183 2295 285 2335 vitis.

242 2451 345 2485 Tstm
383 2448 420 2484 in

181 2498 357 2554 foeminiS.

246 3045 344 3081 'Trim

185 3095 336 3144 gingcclls.

384 3047 417 3086 in

477 311 710 347 atteritur,
729 295 836 341 inde
855 292 1215 358 suppurationem
1237 290 1369 335 tacite
1389 306 1661 354 conceptura
1691 291 1791 346 est,‘
1813 293 1886 340 vel
1913 293 1962 338 in
1993 292 2164 339 summo
2187 293 2302 359 phy-

474 377 645 409 matum
669 361 822 424 apice,
842 358 960 405 unde
999 354 1233 403 renovatio
1261 354 1459 401 ulcerum
1491 372 1787 403 venereorum
1816 375 1828 410 3
1861 357 1931 404 vel
1966 357 2014 403 in
2043 358 2302 421 phymatum

477 442 633 472 centro
647 459 660 478 ,
683 424 802 470 unde
819 421 1031 469 abscessus
1052 439 1064 474 3
1086 419 1179 465 imo
1200 419 1310 465 verb
1327 418 1600 483 quandoque
1618 420 1786 475 fistulae,
1806 420 2045 487 praesertim
2070 423 2117 467 in
2140 425 2302 471 mulie-

475 491 600 537 ribus
630 496 676 537 &
718 487 923 538 cinaedis,
941 487 988 532 in
1026 484 1187 549 quibus
1218 483 1430 532 abscessus
1457 484 1798 547 hujuscemodi,
1821 486 1921 534 cum
1955 487 2080 534 altius
2110 488 2304 545 lateant,

479 554 701 605 difficilius
719 553 1026 615 deterguntur.

543 630 605 676 90.
633 618 807 665 Contra
841 617 950 663 verb
977 614 1008 660 fi
1047 613 1214 678 limpha
1241 612 1399 660 eadem
1428 614 1611 662 strifflus
1641 613 1882 681 constipata
1911 622 1957 664 δε
1986 616 2102 681 quasi
2138 634 2304 666 cornea

475 684 777 749 suppurationi
800 682 943 743 impar
964 679 1013 725 sit
1033 714 1046 731 ‚
1068 680 1113 725 vi
1134 679 1395 726 earumdem
1414 679 1642 726 causarum
1661 681 1806 746 saepius
1830 676 2146 747 impetentium
2166 684 2307 747 magis

472 751 521 795 in
543 750 635 795 dies
658 747 847 795 rarescet
876 747 987 792 citra
1010 744 1387 809 suppurationem.
1423 744 1535 792 Inde
1564 746 1808 792 lancinatio
1824 779 1837 797 ‚
1863 747 1983 792 calor
2003 781 2014 799 ‚
2036 748 2301 800 renitentia,

474 831 623 860 tumor
644 811 853 860 intensius
871 812 918 857 in
940 811 1033 857 dies
1054 808 1279 872 urgebunt
1295 843 1306 861 ,
1326 809 1657 874 vicinioresque
1680 826 1821 875 partes
1838 810 1886 856 in
1912 811 2185 858 consortium
2205 812 2306 860 sen-

472 879 550 924 sim
576 879 807 925 trahentur
823 910 835 929 ‚
856 876 976 922 unde
993 875 1245 921 carcinoma
1264 873 1577 921 confirmatum
1597 875 1671 922 sed
1689 891 1837 922 tamen
1855 874 1998 921 adhuc
2019 878 2261 923 occultum.

543 952 633 989 100.
669 941 913 990 Demumfi
934 939 1130 1004 disrupta⁴
1153 954 1253 985 cute
1280 938 1499 986 summum
1530 940 1748 1005 phymatis
1783 940 2005 1003 fastigium
2035 940 2124 987 levi
2156 941 2301 989 filsura

472 1007 693 1062 dehiscat,
714 1008 819 1054 hinc
847 1005 1085 1054 necessaria
1117 1000 1384 1051 succeffione
1410 1005 1487 1052 fiet
1511 1005 1784 1052 exulceratio
1811 1006 2005 1069 maligna
2026 1039 2038 1057 ‚
2070 1005 2302 1060 ichorosa‚

469 1073 659 1138 fungosa
676 1113 689 1131 ‚
714 1072 1027 1138 phagaedenica
1040 1104 1052 1123 ,
1073 1070 1120 1115 in
1145 1069 1243 1116 dies
1275 1069 1475 1117 crescens
1492 1103 1505 1122 ‚
1525 1089 1629 1117 cum
1645 1071 1768 1117 duris
1783 1104 1796 1123 ,
1811 1071 2005 1134 granosis
2019 1076 2063 1116 &
2085 1072 2307 1135 replicatis

469 1137 629 1193 labris,
648 1155 696 1184 ut
721 1139 846 1204 supra
868 1136 1185 1202 explicavimus
1209 1141 1318 1198 Cap.
1339 1142 1379 1180 6.
1400 1144 1435 1192 §.
1457 1156 1494 1197 3.
1525 1151 1658 1199 atque
1677 1136 1791 1182 adeo
1826 1136 2079 1182 carcinoma
2104 1141 2191 1197 jam
2209 1154 2300 1184 non

470 1205 610 1251 modo
631 1204 944 1253 confirmatum
961 1237 973 1255 ‚
990 1201 1066 1249 sed
1094 1200 1227 1246 etiam
1255 1199 1557 1247 exulceratum
1576 1201 1649 1248 seu
1675 1217 1873 1265 apertum
1901 1201 2001 1248 erit.

534 1271 767 1334 Diagnofis.
807 1278 866 1313 10.
899 1266 1156 1317 Praesentia‚
1181 1281 1389 1311 numerus
1405 1299 1418 1317 ‚
1438 1265 1539 1313 fitus
1560 1272 1647 1313 &c.
1675 1266 1936 1331 phymarnm
1962 1264 2224 1313 callosorum
2252 1271 2302 1313 ὅσ

472 1335 742 1381 chordarum
768 1331 1055 1380 skirrhodum
1080 1330 1219 1375 oculis
1238 1345 1402 1392 patent.

531 1408 595 1446 20.
644 1400 800 1462 Liquet
836 1398 1032 1444 similiter
1062 1394 1261 1441 sensuum
1288 1394 1570 1448 testimonio,
1599 1413 1654 1441 an
1679 1393 1868 1459 phimosi
1901 1394 1973 1441 vel
2006 1395 2303 1460 paraphimofi

472 1465 733 1529 praeputium
754 1464 988 1527 stringatur
1005 1496 1016 1514 ‚
1039 1466 1085 1507 δε
1106 1461 1162 1506 ad
1188 1459 1365 1522 qualem
1388 1462 1573 1523 gradum
1594 1460 1640 1506 in
1663 1475 1854 1522 utroque
1876 1459 1991 1505 casu.

533 1533 593 1591 3⁹.
630 1528 872 1592 Colligitur
902 1546 955 1574 ex
986 1525 1146 1572 dolore
1176 1524 1456 1579 lancinante,
1487 1526 1516 1570 si
1538 1540 1735 1572 recurrat
1760 1524 2009 1570 identidem
2043 1523 2304 1579 sedi-arius,

467 1594 674 1659 phymata
704 1595 760 1640 ad
783 1590 1178 1639 carcinomatoden
1208 1605 1410 1635 naturam
1444 1592 1633 1638 latenter
1654 1586 1930 1642 desciscere3
1961 1588 1991 1633 si
2020 1587 2298 1653 frequentius

472 1660 581 1709 verb
609 1666 654 1705 &
683 1658 777 1705 fere
805 1656 1048 1707 continuo,
1072 1660 1157 1715 jam
1185 1652 1428 1701 desciviffe.

528 1734 596 1786 40.
625 1723 731 1772 Visu
753 1726 956 1786 taetuque
982 1719 1260 1783 dignoscitur
1290 1737 1343 1766 an
1364 1719 1619 1766 carcinoma
1646 1721 1872 1768 occultum
1901 1718 1952 1763 s1t
1971 1718 2300 1765 exulceratum-

468 1809 551 1844 ve3
573 1808 629 1837 an
659 1806 895 1852 magnum,
914 1786 1122 1832 balanum
1152 1799 1226 1830 aut
1252 1786 1510 1848 praeputium
1535 1800 1681 1831 totum
1713 1787 1762 1832 in
1791 1786 1897 1832 viris
1915 1817 1928 1835 ‚
1955 1798 2096 1829 totam
2115 1785 2297 1831 vulvam

467 1872 540 1901 aut
559 1871 703 1901 totum
727 1853 895 1916 vaginae
916 1851 1072 1898 ostium
1092 1850 1139 1895 in
1163 1847 1420 1896 mulieribus
1436 1884 1448 1902 ,
1465 1866 1668 1897 totumve
1689 1852 1762 1897 ani
1783 1849 1999 1897 ambitum
2026 1849 2074 1894 in
2094 1850 2296 1902 cinaedi83

466 1939 521 1966 an
540 1938 724 1985 parvum
758 1953 770 1971 ,
799 1919 1004 1979 exiguam
1033 1914 1204 1961 tantum
1228 1913 1495 1976 singulorum
1514 1933 1683 1979 partem
1701 1931 1891 1980 occupet
1908 1931 1919 1965 3
1938 1913 2117 1959 demum
2148 1932 2203 1959 an
2228 1914 2295 1961 la-

466 2003 569 2031 xum
603 1991 647 2031 &
685 1983 855 2029 mobile
874 1981 923 2026 fit
945 1986 990 2026 &
1015 1979 1038 2024 a
1066 1978 1225 2025 vicinis
1257 1979 1455 2042 partibus
1476 1980 1716 2041 sejunctum
1734 2015 1746 2033 ‚
1770 1980 1982 2045 possitque
2008 1977 2195 2039 proinde
2229 1998 2296 2025 ra·-

466 2049 628 2096 dicitus
652 2047 864 2111 extirpari
882 2045 971 2093 fine
993 2043 1093 2090 labe
1113 2043 1592 2095 nimia3i1mnotumve
1625 2049 1669 2090 δε
1699 2045 1846 2090 stabile
1878 2041 2172 2090 vicinioribus
2200 2062 2295 2107 par-

462 2115 580 2161 tibus
600 2116 660 2160 ita
680 2113 849 2159 dudum
869 2109 1113 2158 accreverit
1129 2142 1142 2161 ,
1161 2124 1208 2156 ut
1226 2108 1350 2155 nullo
1375 2109 1515 2155 modo
1529 2108 1656 2174 poffit
1685 2108 1884 2157 exscindi
1911 2107 2001 2154 sine
2031 2109 2293 2156 earumdem

468 2179 785 2244 amputatione.

536 2253 596 2307 50.
625 2250 676 2290 In
701 2245 807 2290 viris
825 2238 1148 2289 &mulieribus
1176 2238 1323 2302 nuptis
1342 2237 1545 2285 viduisve
1571 2237 1763 2302 genuina
1789 2236 2003 2283 horumce
2029 2236 2294 2286 morborum

469 2309 592 2356 causa
620 2309 692 2357 vel
721 2308 803 2353 situ
821 2306 1038 2353 &indole
1065 2303 1279 2350 callorum
1305 2303 1543 2365 conjicitur
1559 2338 1574 2359 ,
1595 2304 1666 2352 vel
1693 2301 2002 2367 aegrotantium
2022 2301 2295 2352 confeffione

468 2375 696 2422 manifesta
721 2375 793 2420 est.

524 2449 587 2488 60.
627 2442 684 2485 At
702 2438 810 2485 vero
830 2435 1025 2483 foeminae
1045 2450 1139 2497 quae
1160 2432 1351 2498 innuptae
1383 2433 1511 2488 sunt,
1539 2439 1584 2480 8<
1606 2448 1794 2496 quarum
1826 2430 1930 2477 ideo
1958 2429 2095 2476 refert
2124 2429 2292 2494 flagitia

464 2505 539 2553 sua
559 2505 704 2552 celare
721 2538 733 2555 ,
754 2503 854 2549 raro
884 2501 983 2546 satis
1003 2500 1206 2561 ingenuae
1232 2497 1332 2545 sunt
1347 2532 1360 2551 ‚
1383 2514 1431 2544 ut
1449 2498 1491 2546 se
1521 2498 1732 2561 contagio
1766 2493 2089 2542 contaminatas
2109 2496 2194 2542 esse
2223 2493 2294 2542 fa-

467 2587 641 2618 teantur
676 2587 688 2622 3
721 2568 812 2613 imo
838 2566 981 2632 potitis
1013 2563 1178 2610 audent
1210 2564 1325 2609 malo
1352 2564 1461 2610 dolo
1492 2561 1749 2609 morbosam
1777 2561 1945 2623 vaginae
1982 2560 2292 2608 arecitudinem

464 2635 639 2700 impura
672 2650 837 2679 venete
872 2631 1143 2677 conti-aetam
1177 2645 1257 2691 pro
1287 2628 1547 2691 virginitate
1574 2629 1806 2673 ostentare.
1842 2625 1929 2671 Sed
1951 2640 2116 2669 tantam
2143 2625 2294 2689 impu-

466 2701 664 2747 dentiam
693 2696 786 2743 falfi
816 2712 1001 2759 arguere
1021 2692 1152 2738 facile
1174 2694 1260 2744 est,
1277 2692 1324 2738 in
1347 2694 1399 2738 iis
1427 2692 1579 2738 saltem
1596 2708 1690 2755 quae
1716 2690 1872 2737 veneri
1899 2688 2044 2751 saepit‘ts
2071 2688 2254 2736 litavere
2272 2723 2288 2742 ‚

462 2766 510 2812 in
531 2764 689 2828 quibus
706 2762 823 2808 labia
853 2760 992 2807 vulvae
1026 2763 1071 2804 oc
1090 2756 1292 2822 pterygia
1317 2758 1437 2809 laxa,
1461 2756 1613 2802 mollia
1634 2790 1647 2808 ,
1672 2754 1863 2818 pendula
1885 2752 1981 2798 sunt
2001 2771 2012 2804 3
2033 2750 2141 2798 fossa
2162 2754 2289 2800 navi-

464 2829 621 2876 cularis
646 2827 763 2873 laevis
778 2859 789 2877 ,
811 2824 1085 2888 complanata
1102 2856 1112 2873 ,
1132 2821 1337 2874 diducta3
1358 2819 1539 2868 demum
1559 2819 1746 2867 interior
1773 2818 1934 2881 vagina
1961 2817 2075 2862 ultra
2094 2819 2288 2880 primum

461 2897 602 2942 limen
629 2892 752 2957 quod
783 2889 991 2936 morbose
1012 2888 1253 2933 coaretatur
1270 2919 1282 2939 ‚
1303 2886 1449 2951 patula
1465 2919 1478 2938 ‚
1505 2885 1674 2950 ampla,
1699 2883 1847 2929 attrita
1866 2883 1924 2928 est
1943 2914 1956 2934 ‚
1973 2881 2073 2929 cum
2088 2883 2110 2928 ὲ
2131 2883 2288 2930 contra

462 2961 510 3006 in
533 2958 718 3019 integris
738 2961 782 3002 δε
810 2956 957 3001 virum
981 2951 1183 2999 nondum
1203 2951 1395 3016 expertis
1415 2952 1591 3014 angusta
1615 2955 1660 2995 δε
1680 2946 1839 3010 rugosa
1859 2947 1923 2992 sit.

516 3032 582 3082 70.
613 3022 709 3067 Pari
729 3019 910 3066 consilio
929 3017 1087 3065 cinaedi
1105 3033 1286 3079 quoque
1306 3015 1508 3062 simulant
1533 3032 1626 3061 non
1651 3013 1753 3059 raro
1771 3009 2175 3076 praeternatutalem
2200 3016 2288 3073 poass

464 3087 574 3136 dicis
602 3085 911 3132 arctitudinem
930 3118 941 3135 ‚
959 3099 1091 3145 quam
1121 3082 1302 3145 impurae
1335 3080 1554 3126 veneri&
1582 3077 1789 3124 muliebri
1821 3075 2040 3141 patientia:
2060 3089 2284 3137 acceptam

463 3153 632 3200 debent
661 3184 675 3204 ,
710 3150 734 3194 ὰ
767 3148 1002 3212 praegreffis
1031 3145 1101 3193 vel
1138 3144 1422 3204 praesentibus
1449 3141 1853 3189 haemorrhoidibus
1889 3138 2156 3202 dependere,
2193 3138 2287 3185 Sed.

463 3216 748 3269 mendacium
772 3213 844 3263 vel
862 3211 969 3269 inde
1002 3209 1282 3261 manifestum
1301 3211 1389 3265 est,
1417 3208 1538 3272 quod
1571 3206 1809 3255 coarstatio
1834 3201 2074 3251 istiusmodi
2108 3200 2163 3248 ab
2193 3201 2289 3257 haeff
