2912 4368
391 564 527 603 sedibus
549 574 623 614 go-

392 616 574 653 norrhoeae

392 669 489 705 dicta
508 666 599 706 sunt.

387 1576 449 1625 (a)
476 1574 624 1612 Mdmoi·

390 1643 444 1664 res
469 1630 507 1662 aa
538 1627 621 1662 UA-

390 1677 542 1715 cade'mie
566 1682 623 1716 dis

391 1734 542 1769 Sciences
558 1761 570 1777 ‚

392 1794 471 1822 auu.
497 1796 511 1820 1
524 1801 541 1833 7
559 1800 574 1822 1
592 1798 620 1824 1.

399 2552 452 2598 (b)
476 2556 495 2587 I
499 2565 519 2587 n
534 2549 630 2598 Epis—

393 2604 465 2640 told
493 2604 535 2638 de
558 2603 627 2639 luis

391 2668 538 2691 ‘venerea
562 2652 627 2701 [ΜΥ-

392 2709 481 2743 sarid
500 2707 545 2748 (ἐν
560 2720 624 2743 cu-

390 2761 539 2795 ratione.

417 2854 520 2899 Quid
534 2853 551 2890 {a
567 2866 625 2892 va-

392 2906 452 2940 riis
467 2906 499 2941 in
517 2906 590 2942 hoc

393 2969 555 2995 erratum
570 2959 625 2999 fit.

437 3127 486 3174 (c)
513 3128 627 3165 L’Art

394 3177 564 3224 degue'rir
577 3181 625 3215 les

395 3231 577 3267 Maladies

395 3279 588 3318 Vc‘ne'rten-

397 3345 469 3368 nes.
504 3335 597 3370 Part.

401 3399 435 3419 2.
448 3384 577 3438 chapp.
593 3394 626 3427 6.

398 3439 433 3474 &
455 3451 522 3481 ιο.

679 382 767 428 154
1002 368 1106 413 DE
1174 368 2129 416 MORBISVENEREIS.

394 458 609 498 confirmen-
672 447 838 496 borant
865 481 878 502 ‚
913 451 1153 516 perinaeum
1183 466 1354 498 tumere
1375 485 1386 502 ‚
1421 451 1563 497 calere
1590 483 1601 501 ‚
1633 450 1788 499 dolere
1810 486 1821 505 ,
1842 452 1966 518 quod
1987 452 2275 516 prostatarum
2294 486 2308 508 ,
2334 454 2507 504 vesica-2

394 510 623 562 tr1r‚quaede
672 512 814 560 larum
851 514 1184 563 seminariarum
1223 532 1296 561 aut
1329 515 1636 579 glandularum
1661 518 2066 580 Cowperianarum
2099 516 2502 568 inflammationem

672 580 831 642 arguit.
859 582 1041 627 Constat
1062 582 1108 627 in
1128 581 1285 626 iisdem
1315 581 1479 625 malum
1503 597 1593 624 non
1617 580 1716 625 raro
1747 581 1794 626 in
1815 583 1938 629 testes
1966 581 2153 627 devolvi
2173 615 2185 634 ‚
2208 585 2285 646 qui
2303 585 2409 632 inde
2432 602 2503 631 tu-

670 660 795 690 ment
812 679 823 696 ‚
846 646 1018 698 calent,
1041 646 1213 691 intense
1238 645 1394 690 dolent
1409 678 1421 696 ,
1443 645 1565 707 quod
1588 643 1745 707 probat
1762 646 1928 692 malum
1948 645 2066 710 prius
2083 645 2208 692 fuiss'e
2235 648 2280 692 in
2307 649 2505 697 vesiculis

672 708 942 763 seminariis,
961 709 1224 773 quibuscum
1258 712 1425 754 aretum
1457 708 1632 754 testibus
1658 709 1899 757 intercedit
1936 713 2258 757 commercium
2288 730 2367 776 per
2400 715 2503 761 vasa,

672 773 925 820 deferentia
947 775 1019 821 seu
1037 774 1334 835 ejaculatoria.
1367 775 1550 819 Constat
1569 773 1767 820 [imiliter
1787 776 1833 821 in
1851 775 2045 821 foeminis
2064 777 2338 838 gonorrhoea
2357 795 2499 842 aegro-

672 839 867 884 rantibus
897 856 1093 885 extrema
1127 840 1385 884 lacunarum
1404 839 1552 884 oscula
1581 839 1769 885 uretlirae
1799 840 1904 886 hinc
1928 846 1973 885 ὃς
2010 840 2116 887 inde
2153 842 2346 906 apposita
2364 845 2506 890 mani-

670 904 775 950 festa
805 904 1003 967 phlogosi
1027 910 1071 950 δε
1093 903 1447 950 inflammatione
1471 904 1710 967 aliquando
1726 939 1738 957 ,
1758 904 1851 950 imo
1870 923 1960 950 non
1983 906 2083 951 raro
2101 905 2250 953 ulcere
2283 906 2398 953 affici
2416 943 2427 961 ,
2453 927 2503 955 ae

669 968 716 1014 in
741 969 916 1014 vulvam
944 968 1197 1014 seminalem
1217 968 1453 1016 humorem
1474 968 1778 1034 semi-putrem
1801 969 2039 1015 infundere
2054 1004 2066 1022 ,
2083 971 2203 1017 unde
2222 971 2359 1034 liquet
2379 972 2503 1037 pros·-

670 1048 778 1078 taras
804 1034 859 1079 ad
895 1051 999 1093 quas
1028 1034 1188 1079 lacunae
1211 1034 1436 1097 pertinent
1457 1068 1468 1085 ,
1488 1051 1592 1079 tunc
1623 1034 1785 1080 morbo
1819 1034 1994 1080 tentari.
2023 1035 2210 1080 Constat
2241 1055 2423 1101 quoque
2450 1039 2499 1085 in

668 1096 828 1143 iisdem
864 1099 1072 1161 vaginam
1098 1099 1330 1162 aliquoties
1362 1099 1534 1150 calere,
1568 1099 1752 1151 dolere,
1783 1104 1829 1145 δε
1865 1100 2281 1163 praeternaturaliter
2319 1104 2504 1151 madere

667 1162 857 1209 humore
881 1162 1079 1209 seminali
1116 1164 1382 1227 purulento,
1406 1164 1525 1210 unde
1547 1164 1688 1228 palam
1710 1165 1769 1211 est
1799 1164 1948 1209 morbi
1987 1161 2138 1210 sedem
2173 1179 2277 1211 tunc
2305 1166 2368 1211 ibi
2398 1169 2501 1215 ess'e.

666 1229 851 1273 Constat
871 1228 1053 1274 demum
1071 1228 1385 1276 observatione
1401 1229 1447 1274 in
1467 1229 1757 1274 cadaveribus
1773 1246 1929 1275 eorum
1950 1227 2084 1275 obvia
2102 1262 2112 1279 ‚
2127 1230 2205 1291 qui
2224 1232 2500 1293 gonorrhoez‘i

666 1292 939 1354 aegrotabanr
971 1293 1079 1339 dum
1110 1295 1276 1339 mortui
1312 1296 1409 1340 sunt
1440 1329 1451 1346 ‚
1484 1293 1799 1359 conceptacula
1832 1293 2009 1340 seminis
2036 1294 2176 1339 modo
2203 1295 2426 1360 descripta
2455 1299 2503 1343 in

667 1373 855 1419 utroque
887 1357 987 1404 sexu
1011 1392 1023 1410 ,
1056 1359 1169 1405 male
1198 1358 1366 1425 semper
1391 1358 1433 1405 se
1464 1359 1629 1405 habere
1662 1377 1715 1405 ex
1756 1374 1958 1411 tumore,
1990 1360 2229 1405 renitentia
2260 1395 2272 1412 ‚
2306 1361 2502 1414 rubore,

667 1420 869 1485 phlogosi
888 1457 899 1475 ‚
929 1423 1286 1472 inflammatione
1307 1459 1319 1477 ‚
1351 1425 1683 1471 exulceratione
1710 1458 1721 1475 ‚
1755 1422 2069 1489 suppuratione
2101 1424 2171 1470 vel
2205 1427 2502 1489 apostemate,

670 1491 758 1532 &a

729 1551 814 1597 Sed
840 1569 895 1598 ne
918 1552 1013 1598 mefi
1042 1552 1129 1599 fide
1146 1553 1270 1617 loqui
1289 1553 1444 1599 videar
1463 1587 1475 1605 ,
1500 1552 1671 1599 consuli
1697 1554 1835 1599 velim
1862 1557 1945 1611 (a)
1972 1553 2178 1599 Alexium
2204 1554 2345 1602 Littre
2378 1559 2502 1602 Doca

671 1632 816 1662 torem
849 1618 1083 1662 Medicum
1099 1653 1110 1670 ‚
1130 1619 1207 1681 qui
1231 1619 1404 1664 testatur
1430 1617 1472 1664 fe
1493 1636 1769 1682 compertum
1797 1616 1990 1663 habuisse
2011 1618 2394 1665 observationibus
2413 1621 2497 1667 ite=

673 1682 774 1728 ratis
793 1682 839 1726 in
859 1681 1148 1730 cadaveribus
1165 1701 1323 1730 eorum
1337 1684 1539 1729 institutis
1555 1717 1567 1735 ,
1588 1684 1662 1747 qui
1682 1684 1789 1729 dum
1808 1682 1902 1728 fato
1921 1681 2061 1728 funeb
2083 1683 2179 1728 sunt
2195 1718 2207 1735 ,
2227 1685 2502 1747 gonorrhoesr

670 1750 765 1794 azstu
785 1746 1060 1792 laborabant.

740 1820 799 1856 10.
829 1817 879 1857 In
914 1812 1188 1874 gonorrlioea
1219 1811 1439 1857 virulenta
1468 1810 1646 1859 seminis
1668 1812 1985 1877 conceptacula
2013 1828 2129 1856 nunc
2161 1813 2312 1857 omnia
2332 1847 2344 1864 ,
2380 1831 2499 1859 nunc

666 1878 877 1943 pauciora
896 1911 905 1928 ,
927 1894 1044 1922 nunc
1064 1876 1297 1939 singularia
1324 1876 1435 1921 male
1458 1875 1588 1921 affici.

733 1952 795 1989 20.
830 1944 1133 2005 Quaecumque
1152 1941 1304 1987 affecia
1326 1939 1424 1987 sunt
1441 1975 1452 1993 ,
1476 1941 1596 1989 tensa
1617 1977 1628 1995 ‚
1651 1942 1762 1989 dura
1777 1976 1789 1995 ,
1817 1941 1990 1988 tumida
2008 1975 2019 1995 ‚
2042 1940 2200 1994 rubra,
2222 1941 2497 1989 inflammata.

666 2006 963 2072 deprehendi.

734 2082 794 2135 30.
824 2072 969 2117 Modo
1003 2070 1187 2134 quidem
1215 2070 1406 2117 humore
1438 2072 1582 2136 putri,
1608 2071 1708 2117 albo
1726 2106 1738 2123 ,
1764 2071 1882 2116 flavo
1904 2107 1916 2125 ‚
1938 2071 2072 2117 viridi
2100 2071 2261 2119 referta
2288 2072 2372 2119 esse
2392 2106 2403 2123 ,
2423 2071 2499 2118 sed

667 2153 816 2185 tamen
850 2137 1024 2199 integra
1059 2141 1104 2182 δε
1138 2134 1300 2199 absque
1333 2136 1424 2182 ullo
1455 2137 1779 2202 suppurationis
1812 2152 1886 2181 aut
1924 2137 2266 2184 exulcerationis
2300 2137 2506 2189 indici03

668 2204 793 2265 quod
819 2220 980 2248 rarum.

725 2277 791 2326 40.
824 2266 967 2312 Modo
993 2264 1102 2311 vero
1125 2263 1355 2329 suppurata
1370 2300 1380 2317 ‚
1404 2265 1686 2312 abscedentia
1705 2299 1715 2316 ‚
1738 2265 1863 2311 erosa
1882 2300 1892 2317 ‚
1912 2266 2197 2313 multifariam
2218 2266 2504 2319 exulcerata,

668 2335 714 2377 δέ
734 2332 970 2397 purulento
993 2330 1184 2375 humore
1201 2330 1518 2377 diversicolore
1537 2332 1711 2393 turgida
1727 2365 1739 2382 ,
1761 2331 1885 2393 quod
1902 2330 2111 2395 frequens
2130 2332 2201 2377 est.

738 2408 797 2456 50.
825 2396 1050 2442 Emislaria
1068 2428 1079 2445 ‚
1101 2394 1260 2457 quibus
1280 2396 1597 2459 conceptacula
1628 2394 1835 2442 morbosa
1863 2396 1909 2441 in
1930 2397 2158 2443 urethram
2185 2395 2309 2440 hiant
2325 2430 2336 2447 ‚
2362 2396 2496 2461 phlo-

667 2457 759 2524 gosi
780 2469 824 2509 &
843 2460 1194 2507 inflammatione
1216 2459 1385 2525 semper
1399 2494 1413 2514 ‚
1433 2461 1524 2507 imo
1541 2478 1632 2506 non
1652 2460 1751 2507 raro
1772 2460 1918 2507 ulcere
1940 2463 2099 2508 tentari
2126 2462 2171 2506 in
2190 2477 2393 2508 extremo
2411 2461 2500 2508 fine

667 2529 745 2590 qui
760 2528 806 2573 in
827 2526 1049 2573 uretliram
1067 2524 1173 2569 abit.

729 2601 792 2639 60.
830 2591 1037 2653 Denique
1063 2588 1225 2635 faciem
1252 2590 1476 2636 internam
1501 2590 1691 2636 urethrae
1727 2589 1781 2636 ab
1818 2589 2045 2636 emiffariis
2070 2590 2156 2636 illis
2188 2590 2243 2636 ad
2276 2588 2496 2636 summum

672 2657 805 2721 usque
825 2657 997 2720 glandis
1023 2655 1193 2718 apicem
1211 2655 1400 2702 humore
1422 2655 1582 2702 eodem
1600 2655 1767 2701 obduci
1787 2689 1799 2707 ‚
1831 2673 1921 2718 quo
1942 2654 2149 2701 morbosa
2181 2656 2498 2718 conceptacula

671 2738 851 2787 turgent
872 2757 883 2775 ,
906 2727 949 2767 &
973 2719 1152 2765 rubram
1171 2720 1255 2767 effe
1281 2737 1410 2783 atque
1440 2720 1739 2785 phlogodeam
1756 2754 1767 2773 ‚
1793 2721 1886 2766 imo
1909 2721 2016 2768 verb
2037 2720 2183 2785 saepius
2208 2720 2491 2786 phlytstaenoi-

671 2788 801 2834 deam
826 2794 870 2834 δέ
892 2784 1151 2832 ulcerosam.

732 2857 890 2899 Errant
908 2851 1097 2916 proinde
1128 2859 1188 2895 10.
1215 2849 1502 2913 Quicumque
1520 2850 1719 2897 'credunt
1742 2848 1829 2910 (b)
1855 2867 1955 2895 cum
1982 2848 2162 2895 Thoma
2188 2848 2493 2908 Sydenhamio

672 2922 935 2981 contagionem
966 2933 1204 2963 veneream
1229 2915 1275 2958 in
1311 2915 1416 2960 viris
1435 2919 1639 2975 carnosam
1669 2914 2067 2977 virgaesubstantiam
2095 2913 2267 2976 primitm
2297 2913 2456 2958 adoriri
2480 2951 2497 2967 9

670 3000 791 3043 quam
825 2997 1073 3045 corrumpens
1091 3018 1101 3031 ,
1132 2981 1332 3041 eidemque
1353 2979 1482 3043 prime}
1514 2981 1862 3042 inflammationem
1883 3016 1897 3030 ‚
1924 2996 2018 3023 mox
2045 2980 2259 3037 ulcerofizm
2280 2977 2493 3035 dmshestm

656 3047 800 3105 finfim
825 3046 1012 3092 inducens
1041 3045 1180 3105 efficiat
1198 3083 1210 3097 ,
1241 3059 1282 3089 m
1296 3045 1458 3103 sanies,
1480 3048 1611 3105 qualis
1637 3048 1678 3089 in
1705 3041 1943 3107 gomorrhoed
1976 3047 2151 3087 cernitur
2170 3081 2183 3095 ‚
2213 3046 2254 3086 in
2283 3042 2493 3086 urethram

670 3110 770 3156 lem}
787 3114 938 3157 extillet
955 3131 969 3155 .·
986 3110 1108 3173 quod
1124 3108 1242 3155 nulla
1260 3110 1433 3155 ratione
1452 3126 1550 3155 cum
1568 3109 1632 3157 rei
1648 3109 1833 3155 veritate
1851 3108 1959 3153 stare
1978 3106 2097 3171 polle
2111 3111 2199 3169 jam
2218 3106 2346 3170 lippis
2363 3121 2497 3168 atque

672 3175 924 3222 tonsoribus
943 3192 1098 3221 notum
1119 3177 1191 3221 est.
2208 3185 2210 3187 '

740 3245 804 3286 2⁰.
838 3241 1121 3303 Quicumque
1141 3254 1295 3304 putant
1316 3257 1416 3285 cum
1442 3240 1522 3299 (c)
1542 3237 1738 3286 Nicolao
1766 3236 1821 3283 de
1850 3236 2014 3299 Blegny
2041 3233 2319 3299 gonorrhoeae
2347 3232 2495 3279 sedem

670 3305 718 3350 in
736 3304 992 3351 mulieribus
1011 3322 1185 3351 uterum
1204 3304 1287 3351 effe
1307 3340 1319 3358 ,
1338 3305 1384 3350 in
1403 3322 1494 3368 quo
1513 3302 1748 3350 confundit
1772 3320 1924 3348 errore
1944 3302 2175 3347 manifesto
2205 3298 2393 3344 fluorem
2425 3296 2490 3367 al-

671 3370 778 3415 bum
799 3369 886 3417 sive
904 3370 1167 3416 muliebrem
1189 3376 1234 3416 &
1265 3371 1533 3416 virulentam
1563 3368 1884 3431 gonorrhoeam
1899 3400 1912 3418 ‚
1938 3365 2113 3412 affectus
2133 3363 2317 3427 quidem
2346 3361 2488 3426 specie

671 3431 828 3482 similes
843 3469 856 3489 ,
878 3434 953 3483 sed
970 3450 1118 3483 tamen
1137 3452 1182 3484 re
1194 3433 1502 3485 divetfiffimos
1518 3466 1533 3488 ,
1551 3434 1707 3481 natura
1722 3466 1735 3487 ,
1752 3431 1877 3479 causa
1891 3464 1904 3485 ,
1926 3429 2028 3480 sede
2046 3436 2091 3478 δε
2112 3426 2352 3492 τΙιεῑτιΡείἓι.

2759 3716 2767 3783 ,¹
