2477 3643
561 121 1473 168 LinERV1.Si=.cux.UM
1535 124 1769 168 XVII.
1996 137 2087 188 539

256 213 303 248 te
321 196 546 244 contraxit
562 232 574 250 ‚
597 216 649 245 ex
669 199 908 263 putredine
924 234 935 252 ,
965 216 1011 246 ut
1032 200 1176 246 credit
1208 199 1282 246 ille
1305 231 1317 252 ,
1348 197 1565 245 seminum
1582 232 1594 251 ‚
1622 216 1717 262 quae
1739 199 1881 247 aliena
1902 204 1946 247 δε
1967 201 2085 250 intra

214 306 220 309 ,
259 278 435 311 uterum
458 262 673 326 copiosius
694 264 874 310 admista
895 264 1086 312 fuerant.
1121 264 1253 324 Quasi
1284 264 1393 310 verb
1413 263 1609 310 scortillo
1627 296 1640 315 ‚
1661 279 1734 308 aur
1765 263 1835 310 sex
1856 267 2085 313 Ganeoni-
2105 293 2107 295 ·

258 327 371 383 bus,
402 344 592 389 quorum
621 330 800 374 mentiri
834 331 1063 394 proprium
1093 332 1151 376 est
1169 363 1182 382 ‚
1217 328 1326 375 fides
1346 328 1602 376 adhibenda
1630 325 1778 381 foret,
1805 327 1848 374 se
1877 330 1995 392 prius
2027 330 2083 377 ab

240 391 388 440 ‚omni
409 392 597 437 venerea
618 392 718 438 labe
743 394 962 441 immunes
988 393 1113 440 fuiise
1140 393 1495 440 asseverantibus.

321 460 388 502 11.
425 454 569 500 Usum
600 459 685 516 (a)
726 458 898 504 decoffl
927 458 1152 504 sudorifici
1179 476 1233 505 ex
1259 459 1389 521 lignis
1417 457 1601 505 Guaiaci
1623 462 1668 504 δέ
1690 457 1892 504 Saffafras
1912 491 1924 510 ‚
1960 458 2082 505 radi-

259 519 473 582 cibusque
495 520 651 566 Chinae
673 528 718 567 δέ
740 523 1053 588 Salsae-parilla:
1070 557 1082 575 ‚
1101 519 1197 570 usui
1222 524 1553 570 mercurialium
1577 523 1888 569 inunffionum
1908 555 1921 574 ‚
1938 521 1966 567 fi
1990 540 2081 571 non

259 583 436 646 praefert
453 618 465 637 ,
488 583 638 632 saltem
657 588 892 651 aequiparat
915 622 926 640 ‚
947 588 993 632 in
1009 606 1099 651 quo
1127 587 1182 633 ab
1201 587 1416 651 opinione
1435 589 1602 635 temere
1625 587 1852 634 dissentire
1874 587 2049 634 videtur
2065 622 2079 641 ,

259 665 354 710 quae
372 651 459 708 jam
475 648 547 696 sua
562 666 686 697 aetate
710 654 896 715 vulgaris
916 658 961 698 Sc
978 668 1216 716 pervagata
1244 669 1365 704 erat,
1386 658 1431 698 &
1451 670 1543 716 quae
1561 653 1792 700 Mercurio
1813 652 1977 719 primas
1993 651 2079 712 dt:-⁴

266 711 443 760 ferebat
462 713 510 762 in
530 715 724 761 curanda
750 717 820 763 lue
846 716 1038 764 venerea
1063 716 1334 764 confirmata.

322 843 614 895 JOANNES
650 845 997 891 CAstRus
1034 848 1280 897 SPARR,
1320 844 1570 891 Philiatros.

322 909 622 966 Diffi’rtationes
651 909 733 954 duae
766 911 947 955 Medicae
977 911 1024 955 de
1056 913 1145 955 Lue
1179 910 1352 955 venerea}
1373 948 1387 963 ‚
1423 908 1581 971 quibus
1613 907 1792 955 additur
1824 905 2077 972 Disputatio

256 969 526 1034 inauguralis
550 975 732 1024 Ioannis
763 975 967 1020 Conradi
989 973 1176 1020 Matthis
1193 1007 1206 1026 ‚
1233 978 1295 1018 De
1315 973 1480 1020 Maniai
1496 1011 1510 1027 ‚
1528 973 1765 1036 Alteraque
1793 974 1939 1019 Marci
1965 977 2080 1020 Lau-

259 1037 396 1082 rentii
419 1037 621 1082 Donneri
636 1070 650 1090 ‚
684 1043 754 1083 De
770 1036 1022 1101 Apoplexid.
1057 1038 1345 1101 Argentorati
1367 1047 1474 1099 1673.
1511 1044 1552 1084 in
1570 1047 1633 1095 40.

321 1102 500 1165 Opinor
519 1101 857 1149 Diilei·tationes
872 1103 963 1151 illas
983 1102 1149 1150 Theses
1166 1102 1250 1150 else
1267 1136 1280 1156 ‚
1297 1104 1447 1168 quales
1462 1103 1509 1148 in
1528 1101 1780 1150 Academiis
1794 1117 2082 1167 propugnan-

261 1164 325 1210 dae
347 1166 538 1230 proponi
557 1166 716 1212 solent.

322 1298 362 1339 R
381 1311 395 1338 1
419 1313 443 1340 c
466 1313 494 1339 H
514 1312 544 1340 A
568 1312 599 1341 R
620 1312 646 1340 n
666 1312 694 1342 υ
718 1311 736 1340 s
785 1303 836 1341 W
855 1314 868 1340 1
890 1312 906 1340 s
924 1313 945 1341 E
967 1313 1003 1341 Μ
1022 1311 1052 1341 Α
1071 1311 1102 1341 N
1123 1329 1136 1349 ‚
1170 1295 1340 1359 Anglus
1359 1330 1370 1349 ‚
1402 1294 1650 1358 Chirurgus
1682 1295 1847 1358 Regius
1868 1328 1880 1347 ‚
1915 1295 2082 1360 scripsit

259 1359 446 1421 Anglice
469 1361 699 1406 Trastatus
730 1362 830 1406 osto
851 1361 1146 1423 Chirurgicos
1162 1395 1173 1413 ,
1196 1378 1354 1425 nempe
1375 1362 1431 1407 de
1447 1360 1696 1406 tumoribus
1717 1394 1728 1412 ‚
1745 1362 1801 1406 de
1822 1360 2046 1407 ulceribus
2063 1393 2077 1413 ,

259 1423 316 1470 de
335 1422 565 1471 affectibus
587 1426 687 1477 ani,
711 1425 766 1471 de
789 1427 956 1470 strumis
971 1458 984 1478 ,
1001 1426 1056 1471 de
1072 1425 1330 1472 vulneribus
1350 1460 1360 1477 ‚
1384 1427 1439 1472 de
1461 1424 1717 1476 vulneribus
1732 1425 1786 1470 ab
1802 1425 1887 1469 ictu
1911 1423 2082 1489 sclope-

259 1503 427 1541 torum,
443 1489 499 1535 de
518 1488 652 1535 frac'tu
661 1490 715 1534 ris
730 1508 779 1535 ac
794 1489 1094 1536 luxationibus
1108 1524 1119 1543 ‚
1135 1509 1182 1536 ac
1203 1491 1385 1536 demum
1402 1491 1459 1537 de
1476 1495 1567 1535 Luc
1587 1488 1778 1535 venerea
1792 1523 1803 1541 ,
1819 1507 1930 1552 quos
1946 1490 2083 1536 eden-

258 1553 340 1600 dos
374 1554 545 1599 curavit
573 1558 615 1598 in
633 1555 710 1612 fol.
744 1554 940 1600 Londini
959 1587 971 1606 ,
1002 1572 1120 1600 anno
1154 1563 1273 1613 1676.
1306 1573 1406 1600 cum
1439 1554 1729 1618 inscriptione
1761 1552 1984 1616 sequente.

390 1621 569 1665 Several
597 1620 863 1680 Cloirnrgical
880 1620 1107 1679 Treatifi’s‚
1127 1626 1186 1684 By
1210 1621 1400 1667 Richard
1414 1621 1625 1679 Wtfi’man
1642 1652 1654 1670 ,
1681 1624 1713 1665 S
1720 1623 1870 1678 erjeant
1898 1624 1934 1664 C
1938 1618 2081 1664 hirm-

472 1699 588 1744 geon.
613 1683 819 1728 London.
844 1691 957 1741 1676.
978 1684 1105 1742 infhl.

314 1749 495 1792 Horum
527 1750 812 1793 Tractatuum
846 1750 1114 1811 postremus,
1148 1747 1226 1793 ubi
1258 1748 1401 1811 agitur
1429 1748 1477 1793 de
1505 1752 1593 1794 Lae
1619 1743 1820 1799 venerea,
1847 1747 2010 1811 Capita
2036 1754 2076 1794 6.

256 1812 567 1875 complectitur
583 1846 595 1864 ,
629 1817 660 1857 1.
686 1816 755 1858 De
776 1814 930 1857 natura
951 1818 996 1858 ὃς
1014 1814 1285 1875 contagione
1306 1813 1407 1859 Luis
1426 1829 1640 1859 venereae.
1663 1816 1728 1856 II.
1748 1815 1818 1856 De
1837 1812 2046 1857 remediis
2062 1843 2077 1863 ,

256 1892 352 1937 quae
374 1876 508 1939 vulg-b
525 1876 794 1923 adhibentur
815 1877 869 1921 ad
888 1882 979 1937 ejus
1000 1878 1292 1924 curationem.
1328 1883 1427 1924 111.
1454 1881 1524 1923 De
1545 1876 1751 1923 remediis
1768 1909 1778 1926 ,
1802 1876 2075 1938 quaeadver-

254 1938 324 1985 sus
346 1940 461 1985 hunc
484 1941 694 1987 morbum
714 1941 912 2005 specifice
941 1942 1089 1987 valere
1111 1942 1370 1988 creduntur.
1404 1947 1491 1988 IV.
1520 1946 1589 1987 De
1610 1940 1712 1995 cura
1731 1939 2072 2002 symptomatum

255 2004 360 2050 Luis
389 2022 597 2053 venereae.
641 2011 694 2053 V.
719 2011 787 2052 De
823 2005 1109 2069 gonorrhoea.
1146 2011 1233 2054 VI.
1264 2006 1471 2070 Denique
1499 2006 1556 2052 de
1587 2000 1844 2051 infortuniis
1870 2021 1964 2066 quae
1993 2021 2078 2067 go·

255 2069 475 2116 norrhoeae
497 2070 635 2117 solent
655 2070 914 2116 succedere.

306 2133 437 2181 Nihil
468 2135 653 2197 quidem
670 2135 867 2180 occurrit
884 2135 929 2180 in
947 2134 994 2181 ea
1015 2134 1332 2180 Dissertatione
1345 2168 1357 2186 ,
1373 2134 1496 2197 quod
1514 2134 1558 2179 in
1578 2131 1922 2196 praecedentium
1940 2130 2074 2194 scrip-

255 2215 405 2245 torum
423 2200 563 2245 Libris
581 2198 764 2244 obvium
786 2217 874 2245 non
896 2198 971 2243 sit:
993 2202 1049 2244 At
1071 2199 1179 2244 vero
1199 2198 1319 2244 haud
1338 2198 1592 2261 negandum
1613 2198 1670 2243 est
1688 2195 1853 2258 lingula
1865 2194 2072 2241 ordinate

257 2263 460 2310 distribui
479 2298 490 2318 ,
515 2269 560 2309 &
580 2264 726 2326 paucis
747 2264 819 2309 sed
840 2263 1069 2309 enucleate
1090 2263 1267 2326 exponi.

312 2332 345 2373 1.
380 2328 487 2373 Silet
516 2328 600 2387 (b)
634 2329 800 2373 Auctor
831 2327 888 2373 de
912 2327 1060 2372 morbi
1089 2329 1297 2389 origine3
1322 2325 1397 2373 sed
1417 2324 1557 2372 varias
1579 2323 1776 2371 recenset
1794 2323 2074 2386 contagionis

252 2392 344 2440 vias
360 2426 372 2444 ‚
391 2392 550 2455 quibus
568 2391 770 2437 contrahi
792 2390 900 2437 solet
916 2425 928 2443 ‚
951 2392 1069 2437 inter
1088 2408 1192 2454 quas
1209 2391 1280 2436 vix
1304 2409 1351 2436 ac
1373 2407 1428 2436 ne
1447 2390 1520 2436 vix
1537 2388 1719 2453 quidem
1736 2388 1931 2434 admittit
1949 2388 2073 2433 usum

255 2457 518 2506 earumdem
538 2457 723 2502 vestium
744 2472 817 2501 aut
836 2455 1101 2502 eorumdem
1122 2456 1223 2502 lecti
1245 2456 1500 2502 linteorum.

321 2526 390 2567 ΙΙ.
426 2521 499 2566 Ad
526 2521 803 2567 curationem
839 2520 1052 2584 praemissa
1081 2520 1371 2584 purgatione,
1413 2524 1495 2578 (c)
1532 2517 1655 2578 jubet
1686 2515 1888 2563 adhiberi
1920 2514 2075 2562 saliva-

257 2586 427 2632 tionem
460 2619 472 2637 ,
510 2602 605 2648 quae
650 2586 830 2631 interno
868 2584 1206 2631 Mercurialium
1244 2584 1321 2630 usu
1351 2617 1362 2636 ,
1401 2583 1430 2627 fi
1467 2582 1646 2628 morbus
1680 2582 1789 2627 levis
1825 2580 1874 2624 sit
1913 2585 1958 2625 &
2001 2598 2074 2627 re-

257 2668 360 2698 cens
381 2669 390 2695 :
426 2668 519 2712 quae
550 2665 737 2696 externo
760 2650 974 2712 unguenti
995 2648 1264 2695 mercurialis
1285 2648 1398 2694 illitu
1418 2663 1682 2710 procuretur
1696 2679 1707 2697 ‚
1728 2645 1756 2689 sl
1778 2643 1957 2689 morbus
1975 2660 2078 2706 gra-

255 2717 322 2761 vis
349 2714 485 2760 fuerit
515 2730 586 2759 aut
611 2714 893 2760 inveteratus.
934 2715 1030 2759 Post
1048 2712 1358 2761 salivationem
1380 2710 1527 2758 censet
1555 2710 1684 2758 utiles
1711 2709 1796 2756 effe
1825 2707 2080 2755 sudationes

261 2779 316 2825 ad
336 2778 657 2826 exhauriendas
679 2778 828 2824 morbi
849 2779 1069 2841 reliquias.

311 2848 410 2889 111.
437 2847 716 2889 Annumerat
755 2844 844 2901 (d)
881 2844 997 2889 inter
1018 2840 1215 2887 remedia
1244 2841 1300 2886 ad
1319 2840 1562 2886 curandam
1594 2837 1711 2884 luem
1738 2853 1974 2884 veneream
2001 2834 2082 2882 usu

258 2925 436 2970 recepta
472 2908 748 2953 Mercurium
790 2906 1073 2952 sublimatum
1100 2905 1373 2951 corrosivum
1389 2938 1401 2957 ‚
1421 2904 1677 2950 dissolutum
1695 2902 1743 2946 in
1764 2901 1875 2964 aqua
1896 2900 2083 2947 fontana

257 2978 303 3018 δε
325 2990 405 3017 ore
433 2971 681 3017 exhibitum
700 3005 712 3022 ,
734 2975 854 3032 cujus
873 2971 963 3015 dofi
981 2970 1179 3032 congrua
1200 2970 1258 3015 ait
1278 2969 1385 3014 cieri
1406 2969 1497 3014 tum
1517 2966 1813 3012 vomitionem
1831 2998 1842 3016 ‚
1863 2965 1955 3011 tum
1985 2963 2087 3010 sali-

260 3037 518 3088 vationem3
539 3035 754 3097 additque
775 3035 821 3080 id
842 3034 1030 3081 remedii
1049 3051 1185 3097 genus
1205 3034 1226 3078 a
1246 3034 1452 3079 Pratsticis
1467 3031 1733 3095 quibusdam
1753 3029 1940 3075 multum
1960 3047 2086 3074 com-

259 3100 467 3147 mendari
486 3132 496 3150 ‚
534 3117 582 3144 ac
606 3099 772 3146 deinde
807 3098 1035 3144 concludit
1058 3097 1335 3161 frigidissime
1359 3096 1399 3143 se
1422 3114 1568 3144 tamen
1592 3095 1670 3141 illo
1696 3111 1939 3156 numquam
1961 3092 2086 3138 usum

262 3164 379 3220 effe3
409 3165 454 3211 in
475 3181 565 3228 quo
596 3164 715 3212 certe
744 3161 893 3212 officio
913 3163 1055 3213 defuit
1073 3163 1180 3218 suo,
1209 3161 1331 3230 quod
1351 3161 1650 3226 perniciosum
1661 3160 1786 3272 {igme
1815 3156 1941 3232 ¹.¹.s,⁰m
1971 3156 2091 3204 nulla⁸

1706 3237 1750 3269 ‘x
1767 3238 1793 3269 x
1824 3238 1878 3289 ιη

2162 479 2235 523 (al
2253 484 2360 519 Pam

2120 535 2194 570 III.
2219 532 2267 577 ό·
2290 538 2357 575 lv.

2179 868 2319 926 1673:

2171 1312 2309 1369 1676.'
