2477 3643
679 133 1402 181 LinERII.CA1›ur
1468 136 1629 182 VII.
1960 155 2047 205 ης

221 212 451 278 emplastra
470 210 627 258 eadem
645 213 775 259 certis
797 219 842 258 Sc
866 214 1158 276 peculiaribus
1186 215 1557 262 locis·etiamnum
1582 215 1792 281 applicari
1809 250 1821 269 ,
1841 217 1871 262 fi
1901 233 2050 266 tumor

231 278 414 330 durior,
445 275 669 327 skirrhus‚
701 276 913 339 ganglion
928 303 951 331 ,-
965 280 1135 333 nodus,
1155 279 1358 326 exostofis
1388 278 1652 327 resolvenda
1678 279 1787 333 fint,
1814 296 1888 326 aut
1917 282 2050 329 dolor

232 358 445 389 venereus
467 341 575 387 fixus
592 339 907 387 discutiendus.

298 415 361 451 2⁰.
389 407 458 452 Sic
485 405 619 450 etiam
647 409 734 465 jam
762 405 936 469 pridem
969 405 1172 452 cessatum
1197 408 1256 453 est
1282 406 1330 453 in
1353 407 1430 453 usu
1462 406 1819 472 suffumigiorum
1847 442 1860 461 ‚
1887 426 1935 455 ut
1955 428 2051 473 quae

228 485 366 532 aegros
390 469 564 533 pessimt}
588 469 800 516 haberent
816 503 829 522 ,
849 468 1083 517 sudoribus
1102 470 1311 517 incassum
1330 472 1604 519 conficerent
1621 507 1632 525 ‚
1656 473 1935 537 ptyalismum
1956 475 2051 539 ple-

233 550 422 597 rumque
450 531 723 581 inefficacem
746 551 982 581 moverent
1002 569 1013 587 ‚
1033 536 1224 582 maxime
1248 537 1354 583 vero
1375 538 1509 601 capiti
1530 543 1576 583 δε
1602 537 1887 602 pulmonibus
1911 540 2053 604 plur'f-

228 596 351 643 mum
369 614 584 643 nocerent
601 632 612 648 ‚
630 598 660 643 fi
692 599 1000 663 exciperentur
1035 600 1177 664 capite
1202 600 1320 647 intra
1340 602 1544 649 laconicu
1560 620 1593 647 n
1612 602 1778 649 incluso
1799 637 1811 655 ‚
1837 620 1885 649 ut
1913 557 2055 650 01οᾑ9

227 677 336 707 erat.
371 661 632 725 Suffumigia
670 678 816 709 tamen
839 663 1076 726 aliquando
1105 664 1350 711 etiamnum
1372 666 1534 713 adhibe
1591 685 1640 712 ur
1658 701 1671 719 ,
1694 667 1769 714 sed
1789 668 1970 714 mitiora
1996 686 2052 715 ex

227 725 454 772 cinnabari
477 732 522 772 δε
544 729 698 780 thure3
719 733 765 773 &
795 728 850 773 ad
870 744 990 774 certa
1011 728 1180 774 rantum
1212 729 1309 775 loca
1326 730 1623 784 adhibentur,
1655 732 1710 777 ad
1732 731 2052 780 resolutionem

225 788 389 836 skirrhi
407 824 419 843 ,
449 792 616 854 ganglii
632 826 643 844 ‚
663 791 909 838 exostoseos
927 826 939 845 ‚
962 792 1032 838 vel
1049 792 1219 838 doloris
1240 796 1423 842 venerei
1450 796 1497 841 in
1518 811 1640 860 parte
1657 796 1848 861 quadam
1867 797 1943 844 fixi
1966 832 1979 851 ‚
2004 812 2053 843 ut

224 854 364 901 modo
383 856 550 901 dictum
566 855 623 902 de
642 856 881 920 emplastris
903 857 1253 903 mercurialibus.

293 928 352 980 3⁰.
390 920 460 966 Sic
493 920 676 966 demum
711 921 995 967 linimentum
1023 920 1094 967 seu
1128 939 1401 985 unguentum
1437 923 1730 976 mercuriale,
1755 925 1879 988 quod
1910 925 2052 973 solum

224 998 343 1029 nunc
376 983 454 1029 usu
480 985 602 1048 viget
633 984 686 1029 ad
714 986 1069 1049 promovendam
1105 985 1412 1034 salivationem
1438 1022 1450 1040 ,
1486 987 1750 1051 simpliciore
1773 990 1908 1052 quam
1939 992 2051 1037 olim

226 1048 445 1094 methodo
475 1048 645 1094 dudum
663 1065 930 1113 praeparatur
953 1070 965 1095 z
985 1050 1166 1095 Exclusa
1192 1069 1353 1116 nempe
1376 1052 1553 1104 inutili,
1571 1053 1664 1098 11110
1683 1054 1816 1098 noxia
1834 1054 1909 1100 illi
1935 1056 2055 1103 cale-

224 1110 486 1159 facientium
506 1119 550 1160 &
567 1113 863 1159 incidentium
881 1113 1105 1175 farragine
1124 1115 1358 1162 conficitur
1381 1134 1433 1163 ex
1451 1116 1546 1162 solo
1566 1118 1794 1163 Mercurio
1809 1119 2055 1181 purissimo,

224 1181 271 1222 &
306 1176 334 1221 fi
354 1177 450 1223 fieri
478 1177 603 1241 possit
619 1211 629 1228 ,
650 1178 672 1222 ὲ
696 1177 924 1223 cinnabari
943 1179 1150 1225 redivivo
1170 1213 1182 1232 ‚
1208 1178 1342 1225 saliva
1378 1179 1468 1226 sol&
1490 1181 1558 1227 vel
1581 1181 1830 1244 pauciffimfi.
1856 1184 2054 1230 terebin-

225 1240 351 1285 thina
379 1241 570 1288 extincto
588 1275 599 1292 ‚
619 1259 719 1286 cum
750 1242 939 1304 axungia
960 1242 1143 1306 porcina
1159 1260 1338 1291 recente
1353 1278 1365 1296 ‚
1382 1262 1474 1290 non
1497 1245 1617 1290 salita
1633 1280 1645 1297 ,
1663 1246 1710 1291 in
1736 1249 1951 1294 mortario
1975 1249 2056 1295 diu

225 1305 334 1350 trito
357 1339 370 1357 ,
389 1305 496 1369 pisto
511 1340 523 1357 ,
544 1304 736 1351 subacto.
763 1308 907 1352 Potest
926 1323 1072 1352 autem
1102 1309 1320 1354 Mercurii
1347 1310 1580 1373 proportio
1600 1311 1656 1355 ad
1673 1313 1906 1373 axungiam
1934 1313 2056 1359 varia

224 1369 310 1416 effe
326 1403 339 1421 ,
363 1386 409 1414 ut
438 1370 624 1415 Medico
656 1369 798 1416 visum
818 1370 980 1417 fuerit:
1003 1372 1089 1418 Sed
1107 1372 1184 1418 nisi
1205 1373 1253 1418 in
1281 1374 1552 1420 contrarium
1582 1374 1824 1438 imperetur
1843 1411 1854 1428 ,
1878 1375 1988 1423 solet
2005 1392 2055 1423 ut

224 1433 465 1497 plurimum
486 1434 571 1480 effe
593 1450 639 1480 ut
662 1452 698 1479 1.
720 1434 774 1479 ad
799 1452 813 1478 1
827 1469 836 1479 .
858 1436 919 1481 ita
935 1451 983 1481 ut
1003 1453 1281 1499 unguentum
1301 1456 1353 1484 ex
1373 1439 1604 1502 aequalibus
1620 1441 1895 1486 Mercurii&
1913 1460 2053 1487 axun-

223 1498 303 1561 giae
326 1499 522 1562 partibus
542 1518 553 1552 ·,
575 1499 643 1545 vel
667 1514 715 1544 ut
741 1516 778 1544 1.
798 1499 852 1545 ad
874 1518 910 1545 z.
928 1501 989 1547 ita
1010 1517 1056 1546 ut
1076 1519 1354 1566 unguentum
1374 1521 1427 1550 ex
1448 1503 1533 1549 una
1559 1505 1780 1551 Mercurii
1806 1509 1850 1551 ὃς
1881 1506 2050 1552 duabus

223 1563 421 1626 axungiae
448 1563 642 1626 partibus
660 1580 971 1626 componatur.

279 1629 502 1673 Constans
521 1646 637 1673 nunc
656 1629 714 1673 est
731 1629 1019 1675 Medicorum
1035 1628 1128 1676 fere
1142 1620 1342 1677 omniu‘ffi]
1365 1631 1578 1678 sententia
1598 1632 1858 1679 illitionibus
1880 1652 2052 1680 mercu-

223 1691 403 1738 rialibus
423 1690 558 1738 rarius
580 1693 650 1738 vel
672 1692 946 1755 frequentius
963 1728 975 1746 ‚
1010 1693 1294 1758 pluribusque
1316 1695 1387 1741 vel
1411 1696 1691 1759 paucioribus
1720 1699 1936 1744 utendum
1965 1700 2050 1747 effe

223 1774 306 1821 pro
335 1758 438 1820 aegri
464 1772 587 1802 aetate
606 1790 618 1808 ,
650 1757 864 1821 temperie
892 1792 904 1809 ,
936 1758 1105 1804 viribus
1127 1778 1138 1811 3
1168 1760 1315 1805 morbi
1339 1761 1492 1806 natur-92
1513 1796 1525 1813 ,
1548 1761 1765 1824 gravitate
1783 1796 1794 1814 ‚
1820 1764 2050 1810 invetera-

225 1821 374 1873 tione3
394 1820 627 1867 affectuum
648 1822 731 1866 unzi
756 1822 1083 1886 implicatorum
1107 1824 1319 1886 qualitate
1341 1841 1415 1870 aut
1434 1826 1727 1872 vehementia.
1756 1830 1867 1872 Sunt
1890 1845 2051 1893 nempe

224 1903 336 1948 quos
367 1901 574 1950 oporteat
606 1887 809 1949 quotidie
847 1887 1063 1950 inungere
1092 1921 1104 1939 ,
1135 1905 1182 1933 ut
1214 1889 1326 1935 uber
1350 1890 1603 1952 ptyalismus
1634 1890 1926 1954 proliciatur3
1952 1892 2052 1939 sunt

223 1968 334 2012 quos
365 1950 531 2002 altero,
549 1951 684 1996 tertio
716 1966 790 1996 aut
817 1968 977 2013 quarto
1004 1969 1183 2015 quoque
1205 1953 1305 2006 die,
1338 1971 1385 1998 ut
1416 1954 1668 2017 ptyalismus
1688 1956 1831 2001 levior
1864 1955 2054 2009 sit3sunt

220 2015 404 2060 demum
421 2033 531 2078 quos
550 2014 722 2060 tantum
743 2018 901 2061 octavo
921 2033 1100 2078 quoque
1119 2016 1194 2063 die
1212 2051 1222 2068 ,
1244 2034 1291 2063 ut
1312 2018 1453 2064 nullus
1473 2019 1640 2066 cieatur
1659 2019 1911 2083 ptyalismus
1930 2040 1939 2066 t
1959 2022 2052 2068 imo

223 2097 334 2142 quos
350 2079 597 2126 identidem
614 2097 801 2142 purgare
815 2081 1021 2144 expediat
1035 2114 1046 2132 ‚
1062 2081 1092 2125 11
1111 2082 1362 2145 ptyalismus
1381 2085 1634 2148 apparuerit
1650 2117 1662 2136 ‚
1685 2101 1732 2130 ut
1747 2084 1981 2131 deturbata
1996 2087 2053 2133 ad

222 2143 438 2191 inferiora
452 2144 638 2190 materia
652 2178 663 2196 ,
681 2160 878 2190 arceatur
902 2144 1099 2190 salivario
1115 2147 1352 2196 imminens
1365 2181 1377 2198 ‚
1397 2149 1465 2194 vel
1482 2148 1568 2193 inci
1606 2149 1699 2194 iens
1715 2147 2022 2213 supprimatur.

282 2208 370 2254 Sed
388 2208 552 2255 eaedem
572 2208 796 2254 cautiones
826 2226 971 2272 neque
999 2210 1108 2255 olim
1136 2211 1458 2273 ignorabantur
1488 2213 1511 2258 εὶ
1532 2168 1726 2260 Μξτῶεἰε
1746 2246 1757 2264 ,
1781 2212 2053 2276 quicordati

224 2290 375 2324 erant,
403 2289 452 2318 ut
483 2273 663 2318 abunde
691 2273 830 2335 liquet
866 2291 918 2319 ex
954 2274 1221 2321 Wendelino
1254 2275 1393 2321 Hock
1425 2310 1436 2328 ‚
1471 2294 1587 2323 anno
1622 2296 1756 2339 ¹514·
1787 2283 1858 2323 De
1889 2279 2050 2327 fidorbo

229 2340 390 2383 Gallico
410 2352 501 2400 cap.
522 2354 572 2398 15·
594 2339 766 2389 Joanne
791 2337 1022 2389 Almenar,
1051 2356 1064 2381 1
1087 2347 1187 2400 516.
1220 2344 1289 2385 De
1317 2341 1477 2387 Morbo
1509 2345 1666 2387 Gallico
1697 2356 1816 2405 capp.
1848 2361 1891 2400 4.
1924 2346 1974 2392 (ῥ’
2007 2352 2048 2390 6.

227 2404 360 2446 Petro
383 2400 635 2462 Maynardo
650 2435 661 2453 ‚
690 2420 735 2463 15
755 2419 768 2445 1
783 2407 823 2446 8.
853 2407 923 2446 De
941 2402 1100 2448 Morbo
1115 2407 1275 2449 Gallico
1305 2420 1397 2468 cap.
1416 2427 1447 2466 3.
1480 2406 1658 2466 Aloylio
1680 2406 1852 2451 Lobera
1869 2425 2046 2469 fiscpac).

225 2471 297 2511 De
318 2465 479 2511 Morbo
493 2468 653 2511 Gallico
674 2480 764 2528 cap.
790 2483 840 2510 11.
867 2466 1109 2512 Guillelmo
1131 2468 1404 2514 Rondeletio
1421 2504 1431 2521 ,
1462 2487 1475 2513 1
1495 2479 1594 2531 560.
1616 2475 1688 2515 De
1708 2470 1864 2515 Morbo
1881 2475 2046 2527 Italico,

224 2543 315 2591 cap.
345 2530 392 2573 de
421 2534 658 2592 Unguentis.
688 2530 883 2575 Nicolao
917 2530 1081 2582 Massa,
1108 2541 1230 2592 1563.
1259 2538 1331 2577 De
1358 2534 1516 2579 Morbo
1553 2537 1714 2580 Gallico
1736 2572 1749 2587 ,
1780 2537 1968 2581 Traczas.
2002 2557 2049 2595 4.

223 2607 315 2656 cap.
336 2610 373 2637 2.
400 2592 450 2638 (ῥ’
470 2612 515 2649 4.
549 2593 668 2644 Julio
689 2594 904 2639 Dalmatio
926 2628 938 2645 ,
966 2601 1099 2656 1578.
1121 2596 1215 2641 Lib.
1238 2597 1286 2641 de
1303 2599 1578 2662 Hy‘l'rffgyro
1594 2637 1607 2651 ,
1626 2613 1717 2661 cap.
1742 2617 1787 2654 7:
1809 2599 2046 2649 Ambrosio

224 2661 373 2703 Pataeo
388 2691 400 2708 ‚
429 2674 441 2700 1
462 2663 516 2718 58
533 2675 571 2719 5.
604 2661 786 2721 Operum
810 2658 936 2703 Libro
959 2676 1016 2716 ¹9·
1036 2674 1125 2722 cap.
1148 2678 1210 2706 12..
1237 2661 1314 2723 qui
1345 2679 1498 2707 omnes
1518 2662 1675 2724 jubent
1702 2667 1747 2707 &
1767 2662 2047 2712 inunctiones

224 2722 322 2767 fieri
348 2721 517 2767 tantum
542 2722 676 2767 tertio
703 2723 776 2768 vel
807 2738 966 2785 quarto
986 2741 1164 2785 quoque
1182 2725 1255 2771 die
1274 2759 1285 2776 ,
1304 2743 1358 2771 ne
1377 2726 1575 2773 salivario
1593 2742 1825 2772 moveatur
1839 2761 1850 2777 ,
1873 2733 1918 2772 δε
1946 2729 2046 2775 sali-

225 2786 451 2831 vationem
466 2819 478 2838 ,
499 2784 528 2830 si
551 2786 688 2832 nimia
708 2786 758 2831 fit
771 2821 784 2840 ,
802 2786 894 2832 imb
912 2787 1181 2851 quandoque
1199 2789 1227 2833 fi
1247 2806 1452 2853 appareat
1467 2824 1480 2842 ,
1514 2789 1741 2837 cathartici
1765 2791 2045 2839 exhibitione

226 2849 444 2895 cohiberi.

288 2911 489 2959 Seszmdb.
517 2914 653 2958 Paulo
682 2912 844 2958 tardius
865 2930 1057 2977 coeptum
1077 2916 1134 2961 est
1154 2916 1384 2961 Mercurio
1405 2916 1468 2960 uti
1500 2917 1554 2962 ad
1570 2917 1786 2963 interiora
1802 2919 2042 2966 :obstabat

228 2977 385 3043 procul
401 2976 541 3022 dubio
563 2976 876 3038 Antiquiorum
896 2979 1126 3023 aueto‘ritas
1147 3012 1158 3030 ,
1175 2979 1251 3041 qui
1280 2981 1515 3025 statuerant
1534 2981 1650 3042 quasi
1674 3000 1730 3027 ex
1755 2983 1931 3047 tripode
1958 2984 2040 3045 hy-

227 3045 490 3104 drargyrum
512 3056 646 3104 potum
665 3045 751 3085 vim
764 3045 1018 3104 pernitialem
1044 3042 1191 3089 habere
1207 3081 1221 3095 ,
1239 3042 1289 3088 ά·
1309 3048 1516 3090 interanea
1529 3046 1601 3104 fiw
1615 3047 1787 3110 pondere
1810 3049 2038 3111 perroder'e.

229 3107 314 3153 Sed
347 3106 527 3152 demum
557 3106 672 3151 faOm
700 3105 924 3169 pericu10,
945 3106 1021 3152 ubi
1052 3122 1330 3171 compertum
1353 3107 1439 3155 fuit
1469 3115 1651 3156 Veteres
1683 3110 1735 3156 ea
1763 3111 1810 3154 in
1838 3130 1883 3157 re
1911 3111 2039 3162 falsos

225 3170 312 3219 effe
328 3204 340 3226 ‚
361 3188 456 3218 mos
476 3171 628 3220 sensim
646 3169 830 3219 invaluit
847 3173 1125 3222 Mercurium
1146 3172 1266 3220 intro
1286 3172 1488 3222 sumendi
1507 3174 1739 3242 multiplici
1757 3173 1918 3223 formai.

1711 3238 1822 3305 Q,-

2127 1649 2222 1697 Quae
2237 1660 2330 1687 cau-

2098 1702 2211 1737 tiones
2250 1706 2330 1754 jam

2095 1753 2301 1790 adhibean-

2097 1817 2157 1841 tur
2170 1806 2201 1841 in
2214 1806 2330 1843 admi-

2096 1857 2276 1894 nistrandfi

2099 1907 2318 1962 hydrargy-

2099 1959 2169 1997 tosi
2186 1967 2198 1997 Ξ

2133 2223 2331 2263 cautiones

2095 2274 2225 2311 eaedem
2249 2283 2330 2313 An-

2096 2326 2316 2376 tiquioribus

2094 2379 2183 2414 olim
2199 2392 2296 2415 notae

2093 2427 2240 2466 fuerunt
2260 2458 2270 2474 ,
2292 2436 2328 2470 <Sc

2091 2480 2110 2517 ὲ
2127 2481 2303 2532 plerisque

2097 2533 2265 2576 laudatae.

2090 2930 2185 2971 Usus
2203 2936 2320 2974 Mer-

2087 2996 2175 3020 curn
2197 2998 2293 3024 mte-

2088 3036 2164 3071 riot
2184 3064 2195 3080 ,
2230 3039 2321 3080 olim

2086 3087 2216 3149 dyplex
2233 3103 2317 3131 tan-

2087 3150 2180 3187 tum,
