2477 3643
119 488 216 534 Quae
240 483 354 522 fuerit

118 537 354 576 1111111116οω-

122 590 250 628 mercii
269 590 357 626 reci-

120 642 292 694 procatio
305 642 357 679 in-

119 706 177 730 ter
190 692 332 746 Hispa-

123 744 259 781 niolam
295 750 330 783 ὅ(

120 796 338 848 Hispaniam

123 860 204 886 ante
225 862 358 888 annum

125 910 260 950 1495?

394 127 463 186 ῃ
765 127 874 174 DE
943 125 1902 180 MoRssistNER'Eis.

392 209 456 255 tis
487 212 534 255 δεῖ
565 222 731 257 novem
764 210 920 264 Indis,
951 228 1063 274 quos
1105 209 1252 258 secum
1282 211 1535 260 adducebat
1553 247 1568 267 ,
1600 213 1836 261 incolumis
1882 212 2017 262 rediit
2047 215 2122 265 die
2168 209 2247 281 1ςῖ

403 272 604 335 ejusdem
637 274 792 322 menfis
826 275 882 322 ad
906 275 1115 322 eumdem
1146 275 1308 321 ssaeticae
1329 292 1510 341 portum
1525 295 1541 329 ·‚
1571 278 1649 342 qui
1679 278 1804 325 Palos
1834 279 2029 333 dicitur,
2061 287 2106 328 &
2133 283 2247 329 inde

401 337 592 404 pedestri
623 339 788 387 itinere
821 340 1118 387 Barcinonem
1146 341 1343 405 perrexit
1363 376 1375 393 ,
1405 341 1483 387 ubi
1516 346 1613 389 Rex
1643 349 1688 389 &
1716 344 1893 407 Regina
1925 344 2245 409 Hispaniarum

403 419 510 450 tunc
532 403 716 450 aderant
733 438 746 457 ,
767 403 972 468 susceptae
997 404 1297 468 navigationis
1317 406 1540 452 rationem
1559 407 1827 454 redditurus.

465 467 809 532 Christophorus
842 485 1060 516 renovato
1098 485 1309 534 apparatu
1345 471 1493 518 navali
1521 471 1547 516 εὶ
1581 472 1780 518 Gadibus
1813 473 1915 519 vela
1944 473 2096 520 denuo
2132 472 2246 520 fecit

407 531 481 579 die
508 551 582 595 25.
613 533 885 597 Septembris
914 533 1111 596 ejusdem
1139 534 1244 579 anni
1278 552 1364 592 149
1375 557 1413 595 3.
1441 553 1543 581 cum
1566 536 1753 582 navibus
1783 536 2102 602 septemdecim
2120 571 2132 590 ‚
2159 538 2246 583 mi-

406 597 558 643 litibus
595 595 923 661 volonibusque
961 616 1095 661 1500.
1132 598 1370 663 multi-sque
1404 600 1548 646 nautis
1584 619 1632 646 ac
1666 602 1812 665 operis
1836 636 1847 654 ‚
1891 608 1936 648 &
1970 602 2024 648 ad
2058 605 2244 648 Portum

408 662 602 725 Regium
629 662 677 708 in
704 661 849 708 Insula
879 662 1169 727 Hispaniola‚
1197 663 1221 708 a
1251 665 1588 728 propugnaculo
1605 699 1617 718 ‚
1648 666 1772 728 quod
1788 666 2048 713 Nativitatis
2074 666 2243 712 dierum

408 725 579 779 fuerat,
602 726 723 773 haud
749 727 882 790 longe
901 726 1135 774 distantem
1151 761 1164 780 ,
1185 728 1386 775 reversus
1411 731 1470 776 est
1499 729 1574 776 die
1601 749 1674 787 27.
1699 730 2002 783 Novembris3
2023 731 2144 778 unde
2171 731 2243 776 in-

409 807 544 838 eunte
573 808 691 837 anno
723 790 936 854 sequente
972 809 1108 851 1494.
1145 810 1278 839 naves
1309 809 1500 857 quatuor
1531 799 1578 840 δε
1609 794 1768 841 decem
1798 795 1846 840 in
1875 796 2139 860 Hispaniam
2171 802 2243 843 re*

408 855 523 902 1111111
539 890 552 909 ,
576 855 735 919 quibus
766 856 930 903 ducem
957 856 1153 920 praefecit
1185 858 1434 904 Antonium
1460 859 1518 905 de
1537 862 1728 906 Torrez.

473 920 630 966 Mense
660 921 805 985 Aprili
836 919 1036 981 ejusdem
1060 921 1164 967 anni
1200 939 1334 980 1494.
1366 923 1710 970 Bartholomaeus
1733 921 1980 969 Columbus
1998 962 2013 977 ,
2043 923 2242 970 Christo-

407 984 540 1049 photi
565 983 703 1031 frater
718 1020 731 1038 >
751 986 1061 1050 Hispaniolam
1080 986 1221 1032 adivit
1242 1005 1343 1034 cum
1361 987 1549 1033 navibus
1566 988 1705 1034 tribus
1723 1006 1734 1040 3
1761 993 1806 1034 &
1825 987 1903 1033 sub
1922 987 2238 1048 ejusdemanni

407 1050 546 1095 finem
579 1049 741 1095 iisdem
777 1049 962 1101 nasibus
993 1050 1041 1095 in
1070 1049 1331 1115 Hispaniam
1365 1051 1540 1098 rediere
1575 1056 1621 1098 P.
1655 1052 1762 1113 Boyl
1782 1086 1795 1103 ‚
1829 1053 2067 1098 Catalanus
2086 1086 2098 1105 ‚
2133 1056 2243 1099 Mo-

407 1117 573 1160 nachus
603 1114 909 1160 Benedicstinus
924 1149 937 1168 ,
964 1120 1010 1160 &
1037 1118 1190 1162 Petrus
1215 1117 1436 1179 Margarit
1454 1150 1467 1170 ‚
1490 1117 1653 1164 nobilis
1678 1116 1943 1170 Catalanus,
1963 1117 2041 1181 qui
2057 1121 2148 1182 jam
2167 1118 2243 1165 lue

407 1178 602 1226 venerea
620 1179 816 1242 graviter
838 1180 1093 1242 aegrotabat.

470 1248 604 1289 Anno
638 1243 800 1290 eodem
830 1243 979 1291 mense
1012 1246 1205 1307 Augusto
1237 1260 1428 1308 quatuor
1459 1245 1550 1291 aliae
1580 1261 1714 1290 naves
1744 1243 2043 1309 ab'Hispanifi
2075 1245 2131 1291 ad
2164 1251 2240 1292 In-

342 1345 352 1356 .
406 1307 544 1353 sulam
575 1304 887 1379 Hispaniolam
915 1309 1121 1372 appulere
1143 1342 1154 1360 ‚
1175 1308 1288 1356 duce
1307 1310 1470 1356 eodem
1491 1309 1692 1356 Antonio
1717 1309 1774 1355 de
1797 1312 1971 1356 Torrez
1988 1343 1999 1362 ,
2019 1327 2112 1372 quae
2131 1329 2240 1382 pro-

129 2578 137 2583 a
167 2538 285 2574 luem
299 2548 360 2572 ve-

134 2601 275 2628 neream
297 2594 367 2624 :in-

137 2642 293 2691 tiquitus
306 2653 364 2676 en-

136 2693 296 2729 demiarn

136 2742 240 2781 fuisse
281 2745 314 2780 in

135 2795 364 2848 Hispaniolfi.

186 3081 367 3118 Probatur

135 3134 342 3172 testimonio

137 3185 312 3225 Medico-

139 3250 234 3283 111111,

407 1372 478 1417 cul
513 1372 653 1418 dubio
685 1373 775 1418 cito
807 1390 988 1436 quoque
1022 1373 1077 1419 ad
1107 1373 1369 1438 Hispaniam
1402 1373 1581 1421 remilsae
1613 1373 1712 1418 sunt
1733 1406 1745 1423 ‚
1775 1390 1826 1419 ut
1857 1374 1912 1420 de
1946 1374 2239 1438 praecedenti-

408 1436 490 1483 bus
522 1437 689 1482 dierum
723 1438 795 1484 est.
835 1437 932 1483 Imo
961 1453 1064 1483 tunc
1083 1471 1095 1490 ,
1130 1454 1178 1483 ut
1210 1438 1359 1486 mense
1388 1438 1592 1502 quolibet
1621 1437 1744 1483 navis
1772 1456 1860 1483 una
1890 1438 1944 1484 ab
1978 1437 2242 1502 Hispaniolzie

405 1501 455 1548 in
476 1501 738 1566 Hispaniam
760 1535 773 1555 ,
796 1501 1010 1565 navisque
1032 1502 1168 1548 altera
1189 1502 1243 1548 ab
1268 1501 1484 1568 Hispania
1502 1503 1550 1549 in
1575 1501 1885 1567 Hispaniolam
1914 1502 2106 1550 solveret
2127 1504 2242 1552 reci-

404 1558 534 1632 proci
563 1566 823 1613 commercii
843 1565 971 1612 causa
990 1568 1276 1613 constitutum
1298 1569 1369 1614 est.

463 1635 662 1678 Demum
690 1631 842 1678 mense
866 1631 1058 1677 octobri
1088 1633 1192 1678 anni
1233 1650 1372 1694 1495.
1409 1634 1604 1685 Ioannes
1634 1630 1824 1694 Agnacio
1855 1634 2032 1694 Regum
2061 1631 2240 1679 Catho-

406 1695 599 1742 licorum
620 1699 809 1759 Legatus
827 1695 1014 1742 navibus
1047 1714 1238 1759 quatuor
1270 1698 1317 1742 in
1338 1696 1646 1761 Hispaniolam
1679 1696 1886 1741 deve&us
1907 1697 1965 1741 est
1982 1728 1995 1748 ,
2016 1711 2065 1741 111
2085 1696 2139 1743 de
2160 1698 2240 1744 ob*

405 1761 528 1821 je6kis
550 1760 876 1825 Christophoro
898 1761 1159 1808 criminibus
1180 1762 1439 1808 auCtoritate
1460 1760 1602 1823 Regia
1635 1759 1882 1823 inquireret
1901 1778 1912 1812 3
1940 1765 1985 1805 δέ
2013 1760 2120 1808 inde
2140 1760 2240 1808 sub-

405 1824 621 1889 sequente
647 1842 765 1871 anno
794 1843 895 1871 cum
927 1825 1112 1872 navibus
1141 1826 1310 1873 duabus
1334 1827 1480 1873 Gades
1511 1826 1688 1890 repetiit
1708 1857 1721 1877 ,
1748 1824 1838 1887 quo
1867 1824 2033 1888 appulit
2060 1825 2133 1872 die
2165 1844 2181 1871 1
2200 1845 2236 1873 1.

406 1890 533 1942 Junii
560 1891 663 1936 anni
700 1898 834 1947 1496.
864 1908 966 1937 cum
995 1891 1318 1955 Christophoro
1337 1926 1350 1945 ,
1382 1897 1426 1938 δε
1454 1890 1659 1938 ducentis
1675 1888 1890 1937 militibus
1907 1889 1984 1953 qui
2010 1889 2082 1937 lue
2102 1908 2240 1940 vene-

408 1954 485 2013 rea
511 1954 867 2000 infirmabantur.

476 2019 713 2066 Ver-samur
742 2018 1025 2083 scrupulosius
1051 2020 1098 2065 in
1125 2019 1462 2066 enumeratione
1481 2018 1694 2065 itinerum
1715 2052 1727 2071 ,
1747 2037 1841 2082 qux
1861 2018 1977 2065 inter
1998 2018 2240 2083 Hispanie-

408 2083 498 2128 lam
523 2089 570 2129 ὃ(
601 2083 860 2147 Hispaniam
896 2084 1045 2147 primis
1075 2085 1200 2130 annis
1230 2084 1425 2130 instituta
1452 2082 1551 2129 sunt
1579 2117 1591 2135 ‚
1621 2100 1673 2129 ut
1697 2084 1804 2129 inde
1834 2084 1964 2130 liceat
1995 2084 2207 2148 colligere
2226 2119 2244 2139 2

390 2146 487 2193 -etsi
521 2148 725 2194 daremus
757 2147 874 2193 nulla
906 2148 988 2193 alia
1015 2148 1215 2195 confecia
1246 2148 1374 2195 fuisse
1406 2164 1561 2212 praeter
1591 2165 1641 2194 ea
1672 2165 1765 2210 quae
1800 2148 1853 2193 ab
1882 2148 2110 2194 Historicis
2142 2168 2239 2197 me-

408 2227 642 2258 morantur
659 2245 671 2264 ,
700 2211 925 2275 frequenti
953 2228 1103 2259 tamen
1131 2213 1228 2259 noti
1260 2212 1522 2259 commercii
1550 2212 1903 2276 reciprocatione
1936 2212 2239 2277 Hispanorum

412 2276 690 2323 &Indorum
703 2278 905 2324 nationes
919 2281 1007 2338 jam
1024 2278 1179 2324 mixtas
1195 2277 1321 2324 fuisse
1336 2294 1437 2323 ante
1451 2295 1616 2323 annum
1642 2295 1655 2321 1
1667 2297 1725 2334 49
1739 2296 1774 2339 5.
1791 2293 1862 2323 aut
1886 2295 1899 2322 1
1912 2288 2020 2335 496.
2037 2278 2239 2343 adeoque

410 2340 532 2387 luem
562 2359 801 2388 veneream
832 2342 1017 2406 potuiffe
1046 2342 1174 2388 facile
1205 2342 1260 2387 ab
1280 2341 1541 2406 Hispaniolci
1569 2342 1616 2387 in
1636 2342 1895 2406 Hispaniam
1921 2347 2010 2403 jam
2037 2359 2131 2388 tum
2159 2345 2240 2390 de-

413 2405 581 2458 rivari,
614 2421 661 2451 ut
690 2405 781 2452 fert
813 2406 1060 2453 communis
1088 2407 1268 2471 opinio,
1305 2406 1336 2451 si
1368 2407 1612 2452 constiterit
1642 2406 1776 2453 semel
1809 2424 1907 2452 eam
1934 2407 2016 2454 luis
2048 2406 2239 2471 speciem

413 2469 637 2533 indigenis
657 2470 926 2535 Hispaniolae
946 2471 1189 2534 antiquitus
1210 2471 1435 2534 propriam
1452 2470 1577 2517 fuiffe
1600 2476 1644 2516 &
1668 2471 1934 2517 endemiam.

481 2535 570 2581 Sed
598 2534 941 2582 controversiam
963 2570 976 2587 ‚
1005 2535 1082 2581 ubi
1112 2535 1246 2583 semel
1271 2535 1326 2581 ad
1357 2553 1455 2582 eam
1484 2536 1765 2598 quaestionem
1794 2535 1980 2582 addue‘ca
2007 2537 2091 2588 est,
2121 2534 2237 2582 solua

418 2612 508 2642 tarn
536 2603 628 2660 jure
649 2599 868 2663 postumus
887 2599 1035 2646 dicere
1050 2633 1063 2652 ,
1087 2599 1188 2645 cum
1213 2599 1548 2646 luculentiffima
1566 2599 1703 2644 adfint
1723 2615 1816 2645 tum
1839 2601 2123 2646 Medicorum
2142 2616 2238 2647 tum

418 2662 747 2709 Historicorum
777 2664 1023 2710 testimonia
1042 2698 1054 2716 ,
1085 2665 1162 2727 qui
1195 2664 1342 2728 primo
1372 2664 1521 2709 morbi
1553 2664 1761 2727 ingressui
1792 2665 1839 2709 in
1873 2668 2095 2728 Europam
2127 2682 2237 2710 coae-

418 2727 537 2773 tanei
563 2728 716 2774 vixere
737 2762 749 2779 ,
773 2728 895 2774 unde
923 2729 1073 2792 aperte
1101 2729 1424 2774 demonstratur
1455 2745 1546 2773 non
1570 2728 1706 2774 modo
1744 2736 1803 2773 10.
1836 2733 1974 2774 Luem
1996 2745 2237 2775 veneream

415 2791 464 2837 in
489 2791 631 2838 Insula
660 2791 920 2856 Hispaniola
941 2810 988 2838 ac
1012 2793 1177 2838 caeteris
1199 2793 1358 2839 vicinis
1376 2792 1629 2838 endemiam
1654 2792 1807 2845 fuiffe3
1831 2793 1904 2838 sed
1927 2793 2062 2838 etiam
2096 2803 2160 2838 2⁰.
2183 2799 2237 2841 In

416 2856 678 2920 Hispaniam
710 2857 891 2903 navium
923 2857 1195 2903 commercio
1228 2856 1335 2902 inde
1366 2856 1610 2902 traduciani
1629 2856 1745 2909 effe3
1776 2875 1823 2903 ac
1852 2857 2035 2902 demum
2080 2865 2141 2917 30.
2171 2862 2236 2904 Ex

415 2921 574 2967 eadem
605 2921 750 2967 Insula
768 2938 840 2967 aut
860 2938 912 2968 ex
933 2922 1089 2967 vicinis
1108 2921 1204 2967 talis
1231 2920 1378 2966 morbi
1399 2921 1689 2984 genitricibus
1718 2920 1940 2984 quaefitum
1970 2921 2128 2968 morbo
2160 2940 2234 2968 re·

416 2985 616 3031 medium
633 3019 649 3038 ,
667 2992 712 3031 ὃς
736 2986 1051 3049 Indigenarum
1071 2985 1275 3051 exemplo
1293 2985 1540 3032 indicatum
1560 2984 1687 3033 fuiffe
1703 3020 1715 3038 ,
1737 2986 1837 3032 cum
1854 2985 1974 3032 nulla
1991 2986 2038 3032 in
2059 2985 2234 3050 Europa

416 3049 697 3113 suppeterent
722 3050 818 3096 satis
841 3049 1048 3097 efficacia.

477 3113 630 3162 Primb.
662 3119 783 3164 Inter
814 3115 1021 3165 Medicos
1038 3149 1052 3171 ‚
1081 3114 1158 3181 qui
1189 3114 1363 3180 possunt
1394 3114 1443 3161 in
1474 3114 1772 3164 testimonium
1800 3114 1995 3166 adduci,
2023 3112 2234 3178 potiffimi

408 3176 531 3226 sunt.

1953 3247 1989 3294 I,
2010 3239 2239 3291 Antonius
