2477 3643
704 127 1457 200 ansn11.Cinur
1525 154 1561 197 Ι.
1969 158 2040 220 8'5·

210 230 264 279 fis
281 265 294 284 ‚
312 232 354 278 in
371 229 576 296 Opufhiilo
593 224 643 277 de
662 230 819 278 Morbo
838 232 1000 277 Gallico
1018 269 1033 285 ‚
1050 245 1139 295 cap.
1158 247 1188 276 1.
1217 247 1336 276 anno
1360 248 1374 275 1
1391 250 1406 293 5
1425 248 1438 275 1
1451 238 1493 276 6.
1515 231 1730 280 Nicolaus
1749 235 1885 281 Massa
1902 270 1914 289 ‚
1936 242 2030 284 Ve-

212 313 363 348 netus,
383 297 478 343 Lib.
500 297 548 341 de
564 296 722 344 Morbo
739 297 900 342 Gallico
915 333 929 349 ‚
951 298 1153 341 Tramas
1177 315 1208 342 ι.
1226 311 1317 359 cap.
1339 312 1376 340 2.
1396 313 1514 342 anno
1541 306 1664 360 1536.
1685 299 1761 362 qui
1779 298 1882 346 licet
1910 300 2031 348 luem

212 378 451 408 veneream
467 360 736 423 contagione
752 358 1020 424 potissimum
1035 359 1208 424 serpere
1226 359 1472 406 faterentur
1490 394 1503 413 ,
1519 362 1760 410 credebant
1778 378 1926 410 tamen
1939 364 2029 412 sine

210 425 480 489 'contagione
507 424 595 470 ulla
610 458 623 476 ,
644 421 856 485 intrinseci
874 462 889 475 ‚
912 440 959 470 ut
990 424 1168 471 aiebant
1187 458 1200 477 ,
1216 426 1451 470 alteratione
1468 426 1588 489 posse
1605 444 1785 490 quoque
1807 429 2028 490 generari.

212 490 338 548 Quin
365 489 458 535 imo
475 489 776 550 Hieronymus
803 487 894 552 ipse
922 490 1237 535 Francastorius
1258 523 1270 541 ‚
1294 490 1584 543 Veronensis,
1601 492 1777 538 celeber
1807 492 1879 538 sua
1903 507 2029 540 aetate

211 554 419 600 Medicus
433 587 444 605 ‚
465 571 545 600 nec
566 553 806 617 indiligens
822 553 919 600 veri
936 555 1223 617 investigator
1242 553 1365 602 idem
1382 552 1598 601 sentiebat
1616 574 1734 602 anno
1758 556 1851 620 ipso
1891 574 1905 600 1
1923 565 2028 618 546.

209 618 319 664 dum
340 617 556 664 scriberet
575 619 623 663 de
653 618 819 665 Morbis
838 620 1079 682 contagiosts.
1105 618 1299 665 Tametsi
1334 619 1457 665 enim
1484 620 1702 666 concedat
1734 622 1852 676 hujus
1878 623 2028 683 Operis

208 681 296 730 Lib
314 700 353 729 2.
372 697 463 746 cap.
485 700 545 728 12.
575 685 822 729 Maximam
844 686 1068 728 mortalium
1084 698 1241 747 partem
1259 683 1278 729 ὲ
1296 686 1524 746 contagione
1550 685 1728 731 morbum
1748 686 1854 732 hunc
1871 699 2032 730 contra-

209 747 310 808 xiffie
325 784 339 800 ,
360 762 483 811 putat
518 762 666 793 tamen
687 745 936 806 observatum
947 747 1064 807 fiiiffe
1088 752 1309 793 innumeros
1325 749 1521 808 aliossine
1545 748 1633 794 ulle}
1664 753 1890 813 contagione
1900 751 2030 811 perse

209 811 453 871 infi’ZZionem
482 829 568 857 eam
592 812 784 876 perpeffbs
801 811 933 870 sitisse.
959 817 1110 864 Nam,
1130 812 1277 875 pergit
1310 811 1384 857 ille
1407 845 1418 863 ‚
1440 814 1666 876 impoffibile
1693 816 1873 876 alioquin
1900 812 2033 873 fiilffl'ss

207 889 292 921 tam
315 890 454 939 parvo
486 891 657 940 tempore
675 912 690 928 ‚
715 880 982 938 contagionem
1002 913 1013 927 ‚
1030 892 1110 936 qiiae
1139 890 1211 937 per
1221 877 1266 935 fl'
1285 876 1417 938 fignis
1441 877 1491 935 est
1526 896 1598 924 nec
1631 883 1852 942 concipitur
1866 877 1998 938 facil&
2014 915 2030 932 ,

208 953 363 986 tantum
382 954 581 985 terrarum
598 941 826 1003 peragraſj'e
843 939 894 985 ab
910 939 992 984 una*
1012 940 1126 999 classe
1141 941 1200 984 ad
1218 942 1428 1003 Hispanos
1443 941 1619 1004 primiani
1641 943 1818 988 delatam
1835 979 1846 994 ,
1868 942 2032 1004 quando

209 1004 355 1061 constat
373 1019 442 1049 aut
459 1006 589 1049 eodem
606 1019 777 1066 tempore
794 1042 808 1057 ,
828 1002 989 1061 autfere
1009 1004 1138 1049 eodem
1159 1003 1210 1050 ὠ
1226 1009 1268 1050 in
1286 1003 1501 1068 Hispania}
1518 1005 1568 1052 ἅ*
1589 1005 1736 1052 Gallici
1755 1005 1803 1053 (θ’
1823 1005 1958 1054 Italia*
1978 1004 2030 1053 ὦ·

210 1068 437 1115 Germanioi
460 1067 510 1114 &⁶
530 1067 711 1126 toteiferb
728 1065 896 1131 Scythici
911 1068 1179 1127 vfizmfiiiffi’.

274 1132 362 1178 Sed
382 1132 569 1197 pervicit
589 1132 770 1177 tandem
797 1148 905 1177 nota
940 1132 1005 1178 rei
1024 1134 1184 1178 veritas
1204 1165 1216 1183 ,
1235 1149 1284 1177 ac
1304 1137 1390 1193 jam
1422 1133 1592 1178 dudum
1611 1133 1729 1180 certa
1748 1168 1759 1186 ‚
1783 1133 1998 1180 constanti
2016 1166 2030 1187 ,

207 1195 459 1243 indubitata
474 1195 747 1260 experientia
764 1196 964 1241 innotuit
977 1229 989 1247 ‚
1007 1201 1053 1241 &
1070 1196 1270 1242 unanimi
1293 1197 1580 1243 Medicorum
1601 1199 1805 1243 omnium
1837 1200 2031 1245 testimo-

210 1261 289 1306 nio
309 1277 588 1325 compertum
608 1262 667 1306 est
697 1260 816 1306 luem
845 1278 1081 1307 veneream
1111 1278 1202 1307 non
1231 1262 1407 1325 concipi
1431 1295 1444 1314 ‚
1462 1279 1544 1308 nec
1574 1279 1726 1309 errore
1758 1263 1918 1315 diaetae,
1949 1280 2030 1309 nec

206 1326 321 1371 va'e‘ris
340 1325 449 1371 vitio
468 1359 481 1377 ‚
503 1342 585 1371 nec
615 1324 705 1370 ullo
741 1342 891 1371 rerum
921 1326 1306 1371 non-naturalium
1327 1325 1488 1379 abusu,
1508 1344 1590 1372 nec
1611 1327 1850 1391 spontanea
1870 1327 2031 1373 humo-

206 1407 307 1435 rum
330 1389 428 1436 labe
446 1388 548 1436 3sed
567 1389 695 1435 unica
713 1389 883 1435 tantum
904 1389 1077 1437 ratione
1094 1392 1355 1455 propagari,
1374 1390 1405 1436 fi
1421 1391 1475 1437 ab
1490 1408 1660 1454 aegroto
1676 1393 1723 1438 in
1737 1391 1888 1438 sanum
1909 1410 2034 1438 com-

209 1454 512 1500 municatione
530 1454 800 1500 traducatur.
1478 1503 1483 1506 ,

269 1523 374 1565 Haec
399 1535 544 1565 autem
563 1519 914 1565 communicatio
947 1518 997 1564 fit
1021 1519 1093 1565 vel
1118 1520 1433 1583 generatione,
1461 1519 1708 1567 transmissa
1727 1522 1750 1566 a
1778 1521 2033 1586 parentibus

208 1582 310 1630 labe
340 1617 353 1635 ‚
400 1583 507 1630 dum
539 1584 801 1630 tenellulum
827 1583 1082 1645 embryonis
1117 1603 1276 1649 corpus
1311 1586 1563 1650 concipitur
1592 1604 1603 1638 3
1628 1588 1699 1633 vel
1732 1588 2031 1648 contagione,

210 1646 375 1694 morbo
393 1647 446 1694 ab
465 1664 631 1711 aegroto
650 1648 697 1693 in
718 1648 869 1694 sanum
887 1647 1146 1694 transmiss'o.
1179 1654 1292 1696 Lues
1306 1651 1457 1715 priore
1476 1649 1615 1696 modo
1633 1668 1849 1716 concepta
1864 1652 2034 1697 heredi-

211 1717 327 1758 saria
346 1751 359 1766 ‚
384 1714 625 1776 posteriore
651 1713 760 1759 verb
779 1746 792 1765 ,
818 1715 1050 1758 adventitia
1069 1713 1248 1760 dicitur.

266 1781 378 1823 Lues
396 1777 670 1824 haereditaria
688 1777 885 1824 creditur
904 1777 959 1822 ab
975 1778 1188 1824 alterutro
1209 1794 1441 1843 parentum
1462 1779 1507 1824 in
1526 1778 1685 1825 foetum
1704 1779 1874 1828 traduci
1895 1783 2034 1846 posse,

207 1841 238 1887 a
260 1857 384 1906 patre
406 1847 450 1888 ἃ·
467 1842 491 1887 εὶ
511 1858 651 1888 matre
671 1862 683 1889 ;
721 1845 758 1888 A
774 1857 892 1907 patre
907 1842 1089 1905 quidem
1107 1876 1118 1894 ‚
1147 1845 1250 1906 quia
1281 1843 1509 1892 seminales
1528 1845 1747 1908 particulae
1764 1844 1786 1889 :i
1804 1862 1925 1908 patre
1952 1848 2036 1894 de-

213 1906 351 1952 ciduae
370 1912 415 1953 &
434 1925 626 1954 venereo
641 1907 849 1970 contagio
867 1906 1037 1953 infec'tae
1051 1907 1345 1968 embryonem
1361 1942 1373 1960 ,
1389 1927 1522 1972 quem
1539 1909 1740 1955 lambunt
1759 1945 1771 1962 ,
1792 1909 1920 1957 fimili
1936 1912 2038 1959 labe

209 1972 534 2034 coinquinant3
556 1972 580 2016 εὶ
601 1990 727 2018 matre
746 1971 853 2019 verb
871 2004 883 2023 ,
903 1973 1115 2034 quoniam
1136 1972 1250 2026 haec,
1272 1973 1371 2019 cum
1395 1993 1472 2037 per
1498 1974 1767 2021 novimestre
1786 1977 2039 2038 gestationis

211 2052 384 2099 tempus
402 2037 725 2083 nutrimentum
744 2036 873 2082 foetui
904 2035 1201 2084 subministret
1219 2071 1232 2091 ,
1251 2037 1538 2086 morbificum
1565 2039 1646 2086 luis
1664 2037 1899 2086 seminium
1916 2075 1929 2094 ,
1946 2059 2038 2105 quo

214 2099 391 2148 laborat
406 2099 499 2165 ipsa
515 2135 526 2153 ,
547 2102 631 2148 und
651 2101 773 2147 fiinu'l
794 2101 1000 2164 suggerit.

273 2167 557 2229 Quamquam
578 2165 670 2230 ipse
688 2167 874 2229 quid-em
897 2166 1120 2213 noluerim
1147 2184 1244 2213 eam
1279 2166 1302 2212 ῑὶ
1327 2167 1583 2231 parentibus
1614 2168 2038 2216 communicationis

210 2229 329 2276 viam
353 2229 528 2294 prorsus
546 2232 730 2291 rejicere
751 2265 763 2283 ,
783 2249 917 2294 quam
937 2230 991 2276 ab
1007 2231 1216 2277 omnibus
1233 2230 1374 2277 ferme
1395 2232 1585 2279 Medicis
1605 2232 1785 2296 probari
1804 2234 1939 2284 novi,
1966 2233 2036 2280 fa-

210 2294 345 2340 tebor
364 2310 510 2341 tamen
537 2296 731 2357 ingenue
752 2296 862 2341 mihi
879 2295 1038 2340 merito
1056 2295 1294 2360 suspetstam
1319 2296 1492 2348 videri,
1514 2297 1542 2342 fi
1560 2297 1616 2344 de
1633 2297 1704 2343 lue
1722 2298 1912 2344 venerea
1929 2299 2035 2345 verex

214 2365 261 2405 &
293 2360 468 2423 proprie
506 2359 621 2405 diota
646 2361 822 2423 quaestio
851 2359 914 2404 sit.
943 2361 1160 2422 Equidem
1193 2359 1298 2425 saepe
1332 2361 1426 2407 vidi
1462 2361 1747 2408 Rachitidem
1766 2378 1839 2407 aut
1858 2361 2036 2409 affeststs

212 2424 444 2470 Rachitidi
464 2442 738 2487 congeneres
761 2459 772 2476 ,
799 2427 979 2471 strumas
1010 2441 1083 2470 aut
1109 2424 1342 2470 strumosos
1364 2425 1672 2488 glandularum
1694 2426 2034 2473 meseraicarum

213 2503 413 2533 tumores
434 2521 446 2540 ‚
467 2489 714 2553 atrophiam
738 2489 1045 2554 pulmonarem
1064 2523 1075 2541 ,
1094 2489 1246 2534 offium
1267 2490 1572 2536 distorfionem
1587 2525 1598 2543 ‚
1619 2491 1738 2536 unde
1765 2490 2002 2553 gibbositas
2018 2525 2031 2545 ,

213 2551 411 2614 aliosque
450 2569 540 2599 non
576 2572 737 2617 paucos
763 2553 947 2599 morbos
978 2553 1409 2618 hujuscemodi‚qui
1439 2555 1462 2599 a
1496 2556 1568 2601 lue
1600 2554 1790 2601 venerea
1808 2555 2035 2618 degenere

213 2617 327 2664 oriri
346 2616 487 2662 solent
502 2651 514 2668 ,
536 2617 580 2661 in
601 2618 762 2664 tenella
784 2618 1024 2664 infantium
1052 2618 1308 2682 corpuscula
1327 2619 1551 2665 traductos
1572 2619 1697 2666 fuiffe
1718 2620 1788 2666 vel
1807 2621 2037 2684 progreffu

216 2682 351 2727 aetatis
369 2681 499 2726 tacita
518 2681 615 2728 labe
632 2681 783 2728 sensim
800 2682 1044 2747 prorupisse
1063 2686 1350 2746 :Numquam
1368 2700 1515 2730 tamen
1535 2685 1654 2730 luem
1672 2701 1910 2731 veneream
1928 2686 2037 2731 vere

219 2745 273 2791 fic
294 2745 454 2790 dietam
472 2751 517 2791 δε
540 2746 960 2811 pathognomonicis
978 2746 1106 2810 signis
1133 2748 1419 2812 conspicuam
1437 2782 1449 2801 ,
1469 2754 1564 2810 jure
1593 2747 1711 2812 quasi
1730 2749 2037 2800 haereditatio,

216 2810 265 2856 in
284 2809 473 2856 infantes
494 2810 780 2857 transmissam
801 2812 1065 2864 observavi,
1085 2812 1202 2858 unde
1226 2813 1273 2857 in
1294 2831 1391 2859 eam
1410 2814 1672 2876 opinionem
1691 2812 1820 2858 facile
1847 2829 2036 2875 propen-

214 2874 369 2920 derem
389 2874 477 2920 haec
495 2873 517 2918 εὶ
535 2876 726 2922 Medicis
748 2881 833 2936 jam
852 2877 1026 2939 pridem
1048 2877 1135 2922 levi
1156 2877 1245 2923 fide
1261 2877 1367 2923 ideo
1387 2877 1567 2922 admiffa
1586 2877 1710 2922 fuisse
1726 2910 1736 2927 ,
1759 2892 1806 2921 ut
1827 2876 1858 2921 fi
1878 2893 1946 2921 res
1973 2877 2035 2922 ita.

217 2938 333 2985 ferat
352 2971 364 2990 ,
390 2936 514 2983 famae
536 2940 692 3002 posfint
711 2941 1020 3003 aegrotantium
1048 2938 1279 2987 consulere
1302 2974 1313 2992 ‚
1345 2940 1515 2986 causam
1546 2939 1823 3003 probabilem
1842 2973 1856 2992 ‚
1886 2938 1917 2984 fi
1943 2957 2035 2987 non

215 3020 370 3050 veram
389 3002 472 3048 luis
492 3003 769 3065 praetexendo
785 3038 798 3056 ‚
816 3021 909 3066 quae
929 3018 1190 3066 aegrotantes
1208 3003 1335 3068 culpa
1357 3004 1586 3051 absolvere
1606 3004 1826 3050 videatur.

278 3067 366 3114 Sed
385 3067 474 3113 haec
498 3071 734 3115 Leotorum
753 3068 922 3128 judicio
943 3067 1268 3132 permittantur.
1300 3068 1465 3114 Saltem
1485 3068 1514 3113 si
1543 3086 1634 3114 non
1668 3068 1799 3115 unica
1815 3102 1827 3120 ‚
1848 3085 1891 3115 at
1922 3069 2033 3117 verb

214 3131 450 3178 certiffima
466 3132 882 3180 communicationis
901 3133 973 3180 via
991 3135 1049 3180 est
1068 3134 1277 3196 contagio
1329 3151 1390 3179 uae
1410 3134 1501 3198 post
1517 3149 1666 3180 ortum
1684 3134 1889 3187 advenit3
1905 3136 2032 3192 Quo-

217 3196 338 3243 circa
365 3198 518 3264 magni
543 3198 723 3246 interest
744 3197 903 3247 modos
928 3216 1111 3254 omnes,
1129 3151 1409 3265 quibusqlues
1441 3216 1633 3248 venerea
1659 3198 1733 3246 tali
1763 3200 2034 3269 contagione

1707 3267 1744 3312 L
1769 3266 1818 3328 iij

2129 1131 2197 1168 Sed
2221 1143 2309 1171 tan-⁶

2076 1180 2156 1219 dem
2188 1185 2254 1222 usu

2075 1246 2307 1286 compertum

2077 1284 2144 1322 ess‘e
2168 1300 2309 1338 propa-

2079 1349 2158 1400 gari
2191 1351 2276 1376 tan-

2080 1402 2310 1429 tuiiextra«

2078 1441 2180 1479 duce.

2107 1516 2245 1572 Nempe
2275 1516 2309 1555 Ι,

2079 1578 2291 1618 generatio-

2079 1633 2134 1659 ne.

2081 3079 2124 3116 Et
2145 3078 2197 3115 11.
2218 3086 2306 3128 prae-

2080 3130 2203 3168 sertim
2220 3141 2307 3168 con<

2083 3183 2239 3237 tagione.
