2477 3643
172 175 341 236 tantiam.

201 492 236 526 3.
266 477 339 515 Pro
354 488 400 514 ae·

172 540 403 582 grotantium

160 589 279 638 genu.
375 589 379 592 ’

185 1004 233 1042 a.
255 997 329 1034 Pro
344 1007 405 1033 na-

172 1052 256 1086 tivo
269 1059 404 1099 tempe-

171 1111 350 1144 ramento,

198 1328 242 1371 ς.
256 1321 330 1357 Pro
342 1332 403 1357 na-

168 1373 281 1413 turali
317 1385 403 1424 par-

168 1428 264 1464 tium
292 1426 402 1462 cous-

168 1479 359 1517 titutione.

170 1644 292 1687 6.Pro
308 1644 403 1696 sym-

166 1709 379 1750 promatum

168 1762 326 1786 nurnero
369 1755 403 1788 &

170 1801 376 1839 vehemen-

168 1853 237 1895 tia.

168 2053 305 2127 m0⁷2120
327 2038 403 2127 355:

166 2140 310 2187 bituali,
323 2155 401 2193 quo

166 2195 256 2244 aegri
290 2195 374 2233 ante

166 2245 398 2286 laborabant.

197 2361 234 2393 8.
253 2356 325 2392 Pro
340 2367 401 2393 na-

166 2408 251 2444 tura
282 2421 370 2458 par-

165 2459 259 2496 tium
282 2460 399 2500 affec-

167 2522 302 2553 tarum.

224 2897 262 2927 9.
299 2880 397 2917 Pro-

171 2933 287 2984 gtadu
331 2934 396 2970 lae-

168 2985 279 3026 fionis
307 2996 395 3034 pat-

169 3037 262 3074 tium
280 3037 368 3072 soli-

166 3088 308 3127 datum.

228 3141 305 3176 111.
333 3139 399 3174 Eas

170 3203 296 3238 omnes
330 3188 399 3229 luis

446 113 543 173 '338
811 113 1924 170 DEMORBISVENEREIS.

445 184 975 265 venensparsexercitio
997 196 1234 269 expellitur
1255 202 1326 250 vel
1359 201 1622 260 edomatur3
1652 205 1777 269 quod
1809 205 1929 254 verb.
1952 202 2180 256 residuum>
2202 206 2280 259 sii-2,

447 263 617 327 petest,
644 263 847 313 citatiore
878 266 1173 314 circulatione
1199 266 1433 333 abreptum
1451 300 1464 320 ,
1488 269 1729 318 intensiore
1759 271 2112 319 fermentatione
2144 274 2276 320 attri-

448 342 546 399 tum
577 334 621 376 &
653 328 909 385 sumerum,
941 332 1162 380 validiore
1184 332 1379 397 partium
1413 331 1511 380 nisu
1542 333 1738 382 retusum
1759 337 1989 385 mitiorem
2009 339 2273 401 ttagoediam

449 408 558 457 agit.

514 468 577 520 3⁰.
610 463 725 507 Sexu
749 459 1015 524 aegrotantis.
1044 460 1171 509 Licet
1192 462 1312 511 enim
1341 462 1549 510 mulieres
1576 463 1683 512 viris
1710 463 1974 530 plerumque
2003 465 2274 514 imbecillio-

447 539 516 569 res
533 523 614 570 sint
634 529 677 571 δέ
696 542 751 571 eo
773 526 958 573 nomine
976 526 1180 574 efficaciae
1201 530 1399 593 contagii
1419 530 1600 576 venerei
1622 529 1756 576 semel
1775 529 1944 577 admiffi
1964 531 2102 595 magis
2124 531 2274 579 obno-

445 588 526 635 xiae
559 590 794 637 videantur
811 625 824 643 ‚
845 591 1000 647 docuit
1018 609 1168 640 tamen
1185 592 1393 658 frequens
1413 594 1689 659 experientia
1708 595 1918 642 morbum
1935 597 1959 642 a
1981 596 2176 643 foeminis
2196 614 2279 643 cae-

445 653 552 700 teris
568 655 745 719 paribus
763 654 932 703 facilius
952 657 1132 705 tolerari
1157 660 1291 723 quam
1309 659 1332 705 a
1353 660 1460 708 viris
1478 693 1491 712 ‚
1519 660 1718 723 quandiu
1745 659 1886 706 libere
1913 660 2057 707 fluunt
2086 678 2286 710 catameae

445 719 545 771 nia,
561 735 617 765 -ut
640 720 800 785 quibus
821 722 1016 786 contagii
1041 742 1140 789 pars
1167 743 1260 772 non
1289 743 1427 789 pauca
1444 724 1621 787 singulis
1640 724 1858 772 mensibus
1883 725 2166 773 exhauriatur
2187 746 2199 782 3
2228 742 2274 774 at

443 783 553 831 verb
586 787 755 849 constat
783 787 806 833 ὲ
843 789 997 834 contra
1034 790 1186 836 omnia
1221 790 1268 835 in
1303 795 1423 855 pejus
1454 806 1584 837 ruere
1617 791 1759 837 statim
1800 805 1931 852 atque
1959 790 2100 836 fluxus
2127 792 2275 839 mens-

444 863 648 922 truorum
674 850 805 898 cessat
824 870 876 899 ex
896 853 1129 904 accidente
1145 860 1191 901 δε
1209 871 1312 902 ante
1334 872 1504 920 tempus
1523 887 1537 907 ,
1565 854 1638 901 vel
1665 873 1717 903 ex
1744 855 1947 919 legitimo
1970 871 2131 902 naturae
2152 857 2276 904 ordi-

444 929 502 961 ne
530 929 649 961 circa
678 934 842 963 annum
869 919 1006 966 aetatis
1034 940 1110 984 45.
1139 936 1215 967 aut
1245 939 1314 983 50.

508 989 576 1038 40.
604 982 777 1029 Nativo
805 999 1176 1049 temperamento.
1204 985 1586 1050 Quandoquidem
1604 987 1723 1033 virus
1751 989 1797 1031 δε
1822 984 1965 1049 plures
1984 988 2030 1031 δέ
2047 983 2278 1049 graviores

446 1043 626 1092 effeetus
647 1048 966 1113 produdhlrum
984 1052 1042 1097 est
1057 1051 1222 1098 caeteris
1242 1050 1418 1116 paribus
1438 1084 1449 1104 ‚
1479 1050 1509 1096 fi
1523 1051 1696 1116 sanguis
1712 1084 1725 1103 ,
1745 1067 1941 1113 quocum
1957 1050 2246 1114 permiscetur
2261 1084 2280 1106 ‚

446 1111 602 1156 natura
618 1110 745 1158 salsus
762 1147 773 1165 ,
792 1115 949 1162 crassus
965 1149 977 1168 ‚
998 1134 1099 1163 acer
1117 1151 1128 1168 ‚
1145 1117 1199 1162 ad
1219 1117 1472 1163 rodendum
1486 1133 1609 1181 aptus
1625 1151 1638 1170 ,
1652 1115 1782 1162 infusi
1799 1114 1976 1162 seminii
1990 1115 2275 1164 virulentiam

443 1175 628 1230 foveat,
651 1178 744 1223 imo
767 1178 970 1226 intendat
987 1199 999 1235 3
1019 1182 1155 1246 quam
1179 1182 1210 1227 si
1232 1182 1402 1235 tenuis,
1427 1180 1610 1228 insulsus
1627 1215 1641 1235 ‚
1670 1181 1753 1228 rite
1775 1196 2044 1245 temperatus
2067 1181 2275 1229 eamdem

444 1241 657 1306 reprimat
676 1244 975 1309 corrigatque.

517 1315 576 1366 50.
604 1310 812 1356 Naturali
842 1311 1034 1374 partium
1062 1311 1391 1357 constitutione.
1424 1312 1570 1372 Majus
1596 1309 1714 1358 enim
1742 1309 1766 1354 a
1792 1309 1864 1356 lue
1889 1310 2082 1357 venerea
2101 1311 2275 1375 pericu·-

445 1370 538 1417 lum
559 1373 765 1420 imminet
779 1408 790 1426 ‚
810 1373 840 1419 si
857 1376 1092 1423 cerebrum
1111 1392 1185 1422 aut
1204 1375 1449 1440 praecordia
1468 1376 1582 1421 male
1602 1377 1756 1421 affecta
1770 1408 1783 1427 ,
1801 1375 1828 1420 s1
1850 1374 2016 1422 viscera
2037 1376 2150 1422 male
2170 1394 2275 1422 con-

445 1436 638 1483 formata
653 1473 665 1490 ,
692 1456 905 1486 caeterave
931 1458 1098 1504 organa
1118 1442 1276 1487 laxa&
1292 1440 1449 1487 ¹mollia
1478 1440 1560 1485 sint
1580 1474 1592 1493 ‚
1616 1457 1749 1504 atque
1781 1440 1892 1485 adeo
1915 1440 2163 1487 adventitio
2192 1459 2273 1488 ve-

445 1520 566 1548 neno
605 1502 695 1550 sese
719 1503 1022 1568 pessundanda
1044 1506 1169 1553 tanto
1201 1504 1372 1552 facilius
1408 1506 1671 1570 permittant
1688 1539 1701 1557 ,
1723 1504 1859 1568 quam
1877 1504 1905 1550 si
1928 1522 2069 1569 partes
2107 1506 2275 1553 eaedem

445 1567 599 1620 firmae,
617 1569 788 1621 validae,
803 1569 1175 1634 integrae,veneni
1186 1571 1374 1634 energiae
1388 1570 1656 1635 pertinacius
1678 1575 1723 1616 δε
1744 1567 1963 1616 efficacius
1984 1571 2270 1617 selu<stentun

505 1641 571 1678 60.
603 1638 960 1698 Symptomatum
978 1670 991 1689 ,
1008 1654 1102 1700 quae
1119 1636 1210 1682 lues
1231 1635 1405 1682 invahit
1420 1669 1433 1687 ‚
1468 1652 1658 1682 numero
1683 1639 1728 1680 ὅ(
1746 1634 2043 1682 vehementia.
2067 1635 2138 1682 Sic
2161 1653 2272 1700 ergo

445 1694 537 1744 lues
559 1699 681 1743 tanto
705 1700 887 1763 gravior
908 1701 1130 1748 censenda
1147 1703 1206 1748 est
1223 1735 1236 1753 ‚
1265 1700 1434 1764 quanto
1459 1700 1605 1764 plures
1631 1698 1883 1746 funestiones
1900 1734 1911 1752 ‚
1938 1701 2105 1763 quanto
2132 1701 2187 1754 ad
2210 1702 2274 1748 vi·

444 1778 534 1809 tam
562 1764 763 1812 utiliores
783 1798 795 1817 ‚
823 1781 871 1811 ut
891 1766 1046 1813 vitales
1079 1772 1126 1812 &
1153 1766 1361 1812 animales
1381 1801 1393 1818 ,
1424 1765 1593 1828 quanti)
1616 1765 1924 1812 vehementius
1944 1765 2120 1812 easdem
2153 1765 2273 1812 laedit

445 1833 494 1874 δέ
513 1829 743 1893 depravat.
776 1834 879 1875 Hoc
901 1832 1022 1877 enim
1046 1835 1262 1892 majorem
1282 1831 1351 1878 vel
1373 1831 1695 1894 malignitatem
1725 1831 1772 1876 in
1800 1830 1987 1877 seminio
2005 1865 2018 1884 ‚
2038 1830 2110 1878 vel
2141 1831 2272 1878 infir-

444 1894 647 1940 mitatem
667 1894 714 1939 in
749 1895 928 1958 organis
952 1896 1056 1944 laefis
1081 1896 1288 1962 supponit
1304 1929 1317 1949 ‚
1340 1896 1464 1960 quod
1485 1912 1725 1959 utrumque
1754 1895 1810 1941 ad
1832 1895 1983 1942 morbi
2015 1896 2273 1961 prognosim

443 1957 632 2022 perinde
651 1960 723 2004 est.

510 2031 577 2080 7⁰.
605 2021 776 2068 Morbo
801 2022 1044 2077 habituali,
1067 2042 1158 2088 quo
1176 2041 1291 2088 aeger
1320 2024 1420 2070 ante
1449 2022 1696 2069 laborabat.
1729 2028 1842 2070 Lues
1863 2024 1981 2072 enim
2008 2024 2172 2071 caeteris
2191 2043 2274 2091 pa-

445 2085 567 2134 ribus
592 2087 729 2150 magis
755 2087 955 2136 timenda
972 2090 1018 2136 in
1037 2090 1277 2153 epileptico
1296 2123 1309 2141 ,
1330 2087 1547 2154 phthisico
1569 2122 1580 2140 ‚
1605 2088 1856 2153 hydropico
1873 2124 1886 2142 ,
1913 2090 2149 2135 arthritico
2170 2124 2183 2142 ‚
2203 2109 2274 2137 ca·-

445 2151 645 2200 checstico
665 2157 752 2199 &c-
782 2153 918 2216 quam
940 2154 988 2199 in
1018 2154 1211 2218 perfecte
1232 2154 1337 2201 sano
1356 2187 1368 2206 ,
1397 2153 1765 2217 quandoquidem
1791 2169 1838 2199 ut
1862 2155 2067 2217 antiquus
2089 2155 2274 2202 morbus

444 2217 686 2264 acceffione
706 2219 969 2266 recentioris
986 2218 1257 2284 ingravescit
1275 2253 1288 2272 ,
1306 2218 1361 2265 sic
1388 2236 1559 2267 novum
1585 2219 1844 2283 antiquioris
1861 2219 2178 2284 praeexistentia
2202 2221 2273 2268 in-

445 2283 571 2330 tendi
589 2282 762 2330 necesse
779 2283 852 2330 est.

503 2350 567 2395 8⁴².
604 2347 777 2397 Natura
813 2347 1004 2412 partium
1043 2345 1312 2394 affectatum.
1355 2350 1479 2396 Nam
1516 2363 1637 2413 patet
1680 2347 1843 2394 caeteris
1878 2346 2055 2413 paribus
2092 2349 2272 2412 gravius

443 2412 530 2461 esse
553 2413 577 2459 a
606 2414 678 2460 lue
703 2414 950 2478 periculum
970 2447 982 2466 ‚
1012 2422 1072 2459 1⁰.
1104 2414 1150 2459 Si
1171 2412 1318 2460 solidae
1351 2414 1550 2478 corporis
1583 2429 1727 2478 partes
1763 2429 2137 2477 corrumpantur,
2157 2433 2271 2479 qua-

442 2495 541 2524 rum
563 2479 783 2544 reparatio
817 2476 1049 2526 difficilior
1068 2512 1081 2531 ,
1115 2479 1249 2542 quam
1274 2477 1304 2523 si
1327 2478 1506 2541 liquidae
1538 2477 1708 2525 tantum
1741 2478 1996 2524 inficiantur
2014 2512 2026 2530 ‚
2049 2496 2144 2541 quae
2168 2476 2272 2544 pos-

440 2541 541 2589 sunt
560 2543 732 2591 facilius
757 2544 962 2591 renovari
993 2563 1005 2597 ς
1040 2552 1103 2590 20.
1136 2544 1182 2590 Si
1212 2544 1329 2590 inter
1361 2543 1520 2590 solidas
1538 2559 1682 2608 partes
1701 2560 1760 2589 eae
1777 2560 2118 2607 corrumpantur
2140 2577 2152 2595 ‚
2174 2561 2270 2607 quae

438 2607 617 2657 interne
649 2610 791 2656 latent
807 2642 820 2661 ‚
852 2609 952 2655 sunt
974 2608 998 2655 ὲ
1019 2625 1184 2672 genere
1219 2607 1440 2655 nobilium
1456 2642 1469 2661 ,
1502 2607 1753 2672 muniisque
1775 2608 1831 2654 ad
1855 2608 1993 2655 vitam
2020 2608 2271 2655 necessariis

438 2673 660 2720 destinatae
674 2708 687 2727 ,
710 2690 758 2719 ut
775 2673 930 2739 pulmo
949 2706 962 2726 ,
979 2672 1252 2720 ventriculus
1269 2708 1281 2726 ‚
1307 2673 1445 2738 hepar
1462 2706 1475 2726 ‚
1503 2690 1652 2720 uterus
1672 2679 1758 2719 δερ.
1781 2672 1913 2736 quam
1931 2671 1959 2716 fi
1977 2671 2145 2718 fuerint
2165 2691 2273 2721 ocu-

438 2736 493 2784 lis
519 2737 689 2792 obviae,
715 2743 762 2784 δε
778 2755 833 2785 ex
856 2737 1126 2801 ignobilium
1145 2755 1334 2786 numero
1351 2771 1363 2790 ‚
1386 2753 1434 2783 ut
1461 2738 1572 2783 cutis
1588 2771 1600 2789 ,
1625 2738 1775 2783 tunica
1806 2736 1986 2801 adiposa
2002 2770 2016 2789 ,
2044 2736 2271 2785 musculo·

438 2802 483 2850 sa
504 2821 608 2850 caro
630 2809 716 2849 &c.
738 2820 926 2867 quarum
954 2802 1074 2849 labes
1094 2808 1140 2850 δε
1158 2803 1303 2850 levior
1324 2803 1383 2849 est
1404 2807 1450 2848 &
1471 2818 1625 2848 curatu
1640 2801 1831 2847 facilior.

512 2876 578 2927 90.
609 2867 818 2915 Tandem
840 2869 982 2930 gradu
1000 2867 1179 2915 laefionis
1196 2866 1347 2914 solidis
1366 2866 1564 2932 partibus
1589 2866 1731 2913 illatae.
1760 2865 1951 2913 Morbus
1967 2865 2087 2913 enim
2102 2864 2157 2912 eb
2173 2864 2271 2929 gra⁴

441 2933 543 2981 vior
564 2935 623 2980 est
642 2933 806 2980 caeteris
836 2931 1009 2996 paribus
1030 2966 1041 2984 ,
1059 2934 1149 2997 quo
1172 2932 1282 2980 laesio
1300 2937 1442 2994 major
1462 2949 1536 2980 aut
1554 2931 1681 2997 plaga
1706 2931 1974 2995 profundior
1995 2951 2005 2976 ε
2028 2935 2128 2976 Hoc
2147 2931 2269 2977 enim

444 3004 491 3045 δε
526 2998 659 3046 causae
686 2997 928 3045 morbificae
958 3000 1241 3047 atrocitatem
1276 3004 1322 3046 &
1348 2997 1552 3063 pei‘festae
1586 2997 1827 3043 curationis
1860 2993 2165 3043 difficultatem
2195 2994 2271 3039 in-

444 3064 579 3111 dicat.

506 3133 605 3176 111.
643 3132 695 3174 In
731 3144 895 3190 genere
924 3128 1041 3175 inter
1070 3145 1225 3176 omnes
1251 3126 1481 3192 syphilidis
1506 3124 1672 3191 species
1698 3145 1779 3191 pro
1804 3123 2058 3189 gravissimis
2092 3138 2141 3167 ac
2172 3120 2268 3185 ple-

442 3210 629 3259 rumque
657 3191 877 3242 lethiferis
902 3192 985 3242 illae
1011 3192 1227 3246 habendae
1246 3191 1359 3243 sunt.
1392 3199 1455 3239 10.
1482 3196 1534 3240 In
1559 3190 1720 3258 quibus
1735 3208 1833 3257 pars
1863 3189 1920 3239 ad
1943 3188 2079 3239 vitam
2112 3184 2268 3243 neces:
