2477 3643
653 125 1430 174 'LrnERLCAru‘r
1496 133 1602 177 v1.
2019 152 2073 194 29

250 202 409 265 gradus
428 242 441 257 ,
460 202 512 253 ῤ’
521 201 713 263 sternmet
734 223 820 251 cum
831 205 1003 267 pulvere
1022 206 1175 267 piperis
1192 242 1206 256 ,
1227 206 1296 249 vel
1314 221 1400 249 cnm
1418 203 1552 268 penmi
1572 223 1658 252 cnm
1679 222 1787 254 aceto
1805 215 1848 256 in
1873 215 2039 263 naribus
2058 257 2075 273 ‚

257 273 316 313 t'ta
346 266 454 330 qubd
476 270 638 333 sperma
661 269 776 332 priits
800 276 996 331 receptum
1026 269 1236 327 descendat
1254 307 1268 321 ,
1297 268 1347 314 &
1380 283 1473 315 tunc
1499 272 1612 316 lavet
1630 274 1675 332 sb
1704 278 1746 319 in
1767 276 1983 327 decollt'one
2008 300 2077 328 ro..

242 334 388 392 sarum
406 335 475 378 vel
491 335 744 396 plantaginis
763 334 1013 378 decoflarum
1031 337 1075 377 in
1098 336 1195 378 vino
1217 336 1267 379 (ff
1279 333 1456 391 fitrfitre.

308 406 370 459 50.
405 401 600 444 Demum
632 396 755 459 quod
786 415 839 443 ex
865 397 1035 443 veneris
1056 396 1134 442 usu
1161 414 1262 445 cum
1293 398 1481 444 muliere
1514 398 1688 463 leprosa
1709 435 1721 453 ,
1747 403 1818 450 vel
1847 421 1980 467 quam
2009 409 2078 456 le..

242 461 397 525 prosus
428 479 580 508 recens
609 463 879 526 stupraverat
904 494 917 513 ,
947 460 1084 507 multa
1106 478 1261 526 praeter
1289 461 1483 508 arsuram
1503 463 1798 529 symptomata
1818 470 1900 515 alia
1929 471 2076 520 infer-

242 543 397 573 rentur
416 561 427 578 ,
448 544 641 589 quorum
664 527 781 572 nulla
801 542 874 572 aut
904 543 1003 571 cum
1029 526 1302 589 gonorrhoea
1323 529 1516 576 venerea
1545 533 1756 594 conjungi
1777 567 1790 585 ,
1819 550 1891 580 aut
1921 536 1966 580 in
2001 539 2073 585 lue

239 591 433 638 venerea
454 590 684 637 observari
707 609 902 654 unquam
922 590 1075 637 solent.
1106 595 1203 637 Hac
1224 594 1279 638 de
1310 610 1356 639 re
1385 592 1631 640 audiendus
1651 595 1773 643 idem
1802 601 1997 651 Joannes
2013 604 2071 650 de

242 655 509 703 Gaddesden
527 689 538 705 ,
560 654 780 720 nbifhprlz.
809 678 829 693 ι·
850 656 931 702 Ille
948 689 960 707 ‚
983 659 1112 718 inquit
1126 695 1140 709 ‚
1168 658 1244 719 qui
1267 657 1510 703 concubuit
1533 677 1634 705 cum
1657 662 1844 710 muliere
1865 683 1966 710 cum
1983 670 2069 730 qua

239 720 377 766 coivit
396 720 592 785 leprosus
609 755 620 772 ‚
641 722 872 785 puncturas
902 720 1018 765 intra
1050 738 1230 767 carnem
1251 727 1295 767 δέ
1329 723 1502 768 corium
1522 723 1654 770 sentit
1671 759 1683 777 ‚
1703 732 1747 773 &
1781 728 2021 791 aliquando
2045 755 2070 772 «ι

237 784 548 832 calefactiones
570 785 615 832 in
635 801 731 831 toto
754 803 941 849 corpore
956 819 967 837 ‚
992 786 1197 850 &postea
1219 785 1358 850 frigus
1386 792 1431 832 δε
1452 788 1496 833 in
1506 788 1786 838 l'omnietates
1801 826 1814 844 ,
1835 799 1881 839 &
1903 795 2021 842 circa
2045 817 2071 836 ee

234 846 396 896 faciem
415 851 533 914 quasi
557 849 765 896 formicas
792 865 1019 896 currentes
1036 883 1047 900 ,
1077 850 1107 895 sl
1121 850 1170 896 sit
1191 851 1248 898 de
1267 852 1393 897 causa
1414 853 1569 899 calida.
1596 855 1738 902 Color
1752 858 1945 904 variatur
1965 860 2021 907 de
2044 882 2072 902 a

235 914 458 962 rubedine
475 916 522 962 in
543 915 694 961 album
716 921 761 961 δε
783 917 805 962 ὲ
833 914 1052 961 converso
1070 948 1082 967 ,
1109 921 1153 961 δε
1169 914 1429 979 frequenter
1447 918 1613 965 habent
1631 921 1828 968 calorem
1847 922 2021 971 lentum
2040 947 2068 966 κ

233 978 418 1026 interius
433 1014 444 1031 ,
469 986 513 1026 δε
535 981 785 1044 prorumpit
806 979 1046 1043 aliquando
1064 980 1258 1027 exterius
1280 1016 1291 1033 ‚
1309 983 1490 1044 quando
1510 985 1569 1030 est
1593 986 1687 1048 post
1714 987 1882 1033 coitum
1909 989 2019 1035 cho-
2042 1013 2073 1031 ω

223 1042 374 1090 'herich
409 1045 454 1091 Si
486 1045 535 1091 fit
560 1046 653 1109 post
685 1045 855 1091 coitum
886 1045 1174 1108 phlegmatici
1206 1047 1276 1092 vel
1302 1047 1650 1101 melancholici,
1682 1050 1848 1098 tardius
1876 1055 2019 1117 perci-
2040 1076 2069 1097 κ

230 1108 376 1172 pitur,
415 1115 461 1155 &
492 1110 626 1156 facies
655 1110 796 1156 statim
826 1109 1119 1155 discoloratur
1151 1116 1197 1155 &
1230 1109 1518 1158 subtumescit
1550 1147 1561 1165 ,
1596 1119 1642 1158 <Sc
1667 1117 1726 1161 est
1759 1120 2017 1181 aggravatio
2039 1142 2064 1159 ‹-

229 1174 434 1220 omnium
456 1175 762 1221 membrorum
782 1207 793 1226 ‚
814 1174 937 1236 quod
956 1174 1029 1220 vix
1053 1172 1097 1220 se
1116 1192 1302 1221 movere
1324 1178 1462 1239 potest
1476 1210 1489 1229 ,
1509 1182 1555 1223 «Sc
1583 1177 1716 1225 habet
1746 1179 1887 1244 frigus
1917 1183 2017 1229 sub·
2037 1203 2069 1224 e:

231 1253 494 1290 cutaneum‚
515 1257 615 1284 cum
651 1237 969 1285 formicatione
995 1237 1126 1283 faciei
1146 1241 1238 1302 post
1257 1272 1270 1291 ‚
1293 1239 1457 1287 deinde
1495 1242 1628 1287 [otius
1661 1247 1871 1308 corporis.
1898 1272 1921 1288 υ
1952 1251 2065 1307 Qua:

223 1302 391 1365 singula
416 1303 625 1367 ipfiffimis
645 1303 794 1351 verbis
811 1303 1019 1366 leguntur
1040 1302 1085 1348 in
1108 1304 1335 1366 chirurgia}
1358 1307 1603 1353 Theodorict
1622 1345 1637 1361 ,
1655 1310 1736 1354 loco
1747 1314 1840 1368 jam
1859 1313 2027 1358 landet-to
2047 1335 2061 1358 ε

225 1366 273 1414 in
294 1367 496 1431 Rogert'nd
519 1389 530 1412 :
547 1373 592 1414 &
612 1368 659 1414 in
679 1369 921 1432 Compendio
939 1368 1164 1413 Medicinae
1180 1368 1370 1414 Gilberti.

284 1437 324 1476 V
342 1437 357 1476 1
375 1438 392 1478 1
411 1437 445 1478 Ι.
483 1436 554 1479 De
589 1432 734 1478 arsura
766 1432 864 1484 illa,
892 1450 987 1495 quae
1021 1432 1045 1477 a
1066 1431 1188 1495 lepra
1212 1433 1409 1496 degener
1439 1449 1534 1481 erat
1550 1470 1561 1488 ‚
1590 1435 1765 1501 poffunt
1788 1438 2010 1502 intelligi,
2030 1440 2061 1486 {i

221 1495 287 1543 ita
312 1496 463 1544 lubeat
479 1531 491 1550 ‚
514 1514 670 1545 caetera
690 1497 940 1544 testimonia
968 1497 992 1541 a
1014 1495 1230 1543 Becketto
1250 1498 1438 1545 adducta
1453 1534 1465 1552 ‚
1483 1519 1578 1564 qua:
1603 1520 1720 1548 anno
1747 1521 1883 1561 1494.
1904 1522 2061 1551 recen-

222 1561 337 1607 tiora
360 1561 457 1608 sunt
475 1580 486 1614 3
506 1581 774 1626 quamquam
789 1597 802 1615 ,
821 1579 868 1608 ut
887 1561 1027 1608 libere
1050 1561 1197 1608 dicam
1212 1596 1224 1614 ‚
1248 1564 1460 1610 videntur
1496 1584 1548 1612 ea
1579 1568 1731 1613 onmia
1757 1568 1903 1632 potius
1937 1571 2059 1616 acci-

222 1626 388 1690 pienda
411 1625 496 1674 esse
533 1628 589 1674 de
613 1628 784 1675 morbis
816 1628 924 1674 vere
957 1627 1173 1674 venereis.
1212 1629 1435 1675 Omnium
1468 1631 1587 1677 enim
1623 1632 1969 1696 antiquislimum
1999 1636 2056 1681 ad

223 1708 389 1737 annum
421 1710 436 1737 1
454 1712 470 1755 ς
486 1712 556 1753 30.
579 1693 772 1757 pertinet
788 1727 800 1745 ,
819 1710 912 1755 quo
934 1707 1137 1756 tempore
1156 1692 1277 1757 lepra
1300 1697 1387 1751 jam
1407 1696 1547 1741 rarior
1575 1696 1661 1742 fuit
1677 1731 1689 1748 ,
1717 1716 1810 1760 quo
1837 1699 1945 1744 vero
1964 1700 2055 1746 lues

220 1773 413 1803 venerea
441 1774 533 1802 non
557 1758 605 1803 in
625 1758 751 1804 Italia
780 1756 949 1803 tantum
974 1762 1019 1802 &
1054 1757 1198 1802 Gallia
1216 1791 1227 1809 ‚
1254 1758 1329 1804 sed
1360 1759 1407 1804 in
1439 1760 1603 1823 Angli&
1628 1779 1809 1825 quoque
1840 1762 2054 1827 frequens

216 1837 314 1867 erat
337 1827 384 1867 &
405 1821 632 1885 divulgata
650 1856 662 1875 ‚
683 1839 730 1869 ut
758 1823 923 1868 constat
944 1839 997 1867 ex
1019 1823 1278 1868 testamento
1307 1825 1514 1870 Doctoris
1544 1826 1696 1871 Collet
1714 1860 1726 1878 ,
1756 1829 1930 1874 Decani
1965 1833 2052 1874 Ec-

217 1885 352 1931 clesiae
381 1886 664 1934 cathedralis
698 1887 842 1934 Sancti
864 1886 987 1932 Pauli
1016 1887 1305 1933 Londinenfis
1324 1922 1337 1940 ,
1356 1906 1474 1933 anno
1500 1907 1513 1933 1
1535 1909 1549 1951 5
1568 1907 1581 1933 1
1596 1896 1635 1935 8.
1657 1890 1819 1955 scripto
1838 1925 1850 1944 ‚
1881 1891 1938 1939 de
1958 1911 2051 1957 quo

217 1953 257 2004 J.
280 1951 436 1996 Freind
455 1985 467 2003 ‚
490 1953 794 2005 Histor.Med.
809 1966 920 2015 part.
946 1973 976 2012 3.
997 1954 1161 2014 Neque
1184 1951 1323 1997 obstat
1347 1952 1598 2000 sermonem
1616 1954 1699 2001 esse
1713 1955 1760 2000 in
1778 1956 1918 2002 allatis
1940 1958 2049 2004 locis

215 2017 275 2062 de
295 2015 440 2062 arsura
461 2016 722 2079 genitalium
740 2051 752 2067 ,
787 2034 879 2062 non
904 2016 960 2062 de
986 2016 1259 2078 gonorrhoea
1281 2015 1461 2081 penisve
1487 2019 1732 2065 ulcusculis.
1781 2021 2050 2069 Debuerunt

213 2098 375 2143 nempe
403 2082 532 2127 novis
568 2082 654 2128 illis
687 2080 917 2127 affectibus
953 2080 1137 2126 nomina
1172 2082 1503 2129 accommodari
1539 2083 1619 2130 usu
1650 2102 1826 2150 recepta
1861 2086 2048 2134 aliarum

210 2144 500 2192 *affectionum
524 2146 681 2192 natura
714 2146 900 2209 quidem
934 2144 1238 2198 diversarum,
1271 2146 1345 2193 sed
1376 2147 1431 2193 ad
1468 2166 1574 2211 quas
1601 2165 1750 2196 tamen
1782 2151 2048 2199 viderentur

211 2210 534 2273 quadamtenus
559 2211 756 2258 alludere
774 2245 786 2263 ‚
805 2209 930 2274 quod
960 2215 1004 2256 δε
1027 2210 1134 2256 alibi
1158 2210 1320 2257 factum
1354 2212 1512 2258 scimus
1534 2213 1579 2258 in
1609 2214 1942 2261 denominanda
1972 2217 2046 2264 lue

211 2275 405 2321 venerea
421 2294 435 2319 ε
457 2275 582 2338 quod
601 2275 806 2340 exemplo
827 2274 980 2326 simili,
1016 2292 1283 2338 quamquam
1308 2277 1355 2320 in
1387 2295 1432 2323 re
1455 2277 1616 2341 dispari
1640 2279 1664 2323 εὶ
1693 2281 1906 2326 Romanis
1934 2281 2045 2342 ojlim

214 2338 464 2385 factitatum
483 2340 670 2403 legimus
692 2374 704 2392 ‚
726 2340 825 2385 cum
846 2339 1005 2399 Pyrrhi
1027 2339 1296 2403 Elephantos
1318 2346 1457 2388 Boves
1487 2346 1613 2389 Lucae
1634 2343 1708 2390 seu
1737 2348 1936 2391 Lucanos
1958 2352 2044 2409 ‘ap-

210 2404 431 2468 pellavere
454 2423 464 2449 2
483 2405 605 2468 quod
622 2404 676 2450 ab
697 2404 904 2450 omnibus
924 2402 1095 2469 semper
1113 2404 1387 2452 faffltabitur-
1405 2439 1417 2459 ,
1437 2408 1636 2469 quandiu
1654 2408 1857 2457 homines
1877 2410 1901 2455 εὶ
1921 2410 2042 2457 notis

211 2484 421 2515 notarum
444 2487 591 2515 rerum
611 2469 722 2516 ideis
750 2468 804 2515 ad
825 2469 998 2532 ignotas
1017 2471 1274 2533 ignotarum
1295 2488 1512 2534 cogentur
1532 2473 1794 2536 procedere.

270 2532 472 2579 Secunda.
499 2538 548 2580 In
572 2533 707 2580 altera
725 2533 1042 2581 Differtatione
1058 2568 1070 2586 ‚
1098 2552 1192 2598 quae
1206 2551 1325 2581 extat
1337 2537 1382 2582 in
1399 2536 1639 2584 Volumine
1659 2542 1701 2583 X
1718 2543 1759 2583 X
1774 2543 1815 2584 X
1833 2541 1867 2582 1.
1894 2541 2039 2583 Tran-

198 2598 422 2658 Jhc‘lionnm
443 2599 813 2662 Philofhphicctrum
828 2637 841 2652 ,
874 2606 940 2644 n0.
966 2607 1067 2661 365.
1089 2617 1190 2645 ann.
1231 2618 1365 2659 1720.
1403 2600 1642 2648 Beckettus
1668 2618 1786 2649 totus
1808 2604 1855 2648 in
1872 2619 1927 2648 eo
1947 2605 2034 2656 est,

208 2677 257 2707 ut
278 2661 439 2725 probet
471 2663 779 2725 antiquitatem
799 2663 882 2708 luis
907 2663 1035 2727 ipsius
1068 2681 1266 2711 venereae
1283 2699 1295 2717 ,
1316 2671 1361 2711 δε
1390 2666 1437 2711 in
1468 2667 1586 2712 hunc
1611 2667 1745 2714 finem
1774 2682 1930 2731 praeter
1961 2685 2032 2712 ra-

207 2726 422 2772 tiunculas
458 2728 716 2780 nonnullas,
735 2727 894 2791 quibus
911 2732 999 2790 jam
1021 2728 1196 2775 abund&
1217 2729 1480 2776 satisfactum
1500 2733 1559 2777 est
1581 2731 1629 2777 in
1647 2731 1999 2797 praecedentibus
2016 2765 2029 2783 ,

203 2790 299 2836 duo
319 2791 498 2837 adducit
516 2793 762 2838 testimonia
776 2827 788 2845 ,
805 2810 900 2855 quae
919 2794 1153 2840 notatione
1171 2794 1308 2857 digna
1327 2795 1412 2842 esse
1430 2796 1654 2844 videntur.

215 2892 220 2896 .
267 2858 424 2899 Unum
442 2873 700 2920 excerptum
724 2859 782 2904 est
813 2876 865 2903 ex
886 2858 1192 2921 Manufcripto
1210 2861 1408 2929 quodam
1423 2894 1436 2911 ,
1452 2861 1575 2922 quod
1595 2861 1833 2907 asservatur
1855 2859 2029 2906 Oxonii

202 2919 252 2965 in
283 2919 493 2981 Collegio
530 2922 826 2968 Lincolniensi
850 2955 861 2974 ‚
893 2922 971 2968 ubi
1000 2922 1056 2967 fic
1088 2923 1276 2985 loquens
1306 2924 1532 2970 inducitur
1562 2926 1758 2971 Thomas
1787 2924 1972 2986 quidam
2003 2928 2029 2953 'k

207 2983 459 3045 Gascoigne
481 3017 494 3036 ,
528 3002 660 3047 quem
700 2984 938 3032 Beckettus
965 2987 1024 3031 ait
1051 2987 1362 3034 Univerfitatis
1399 2988 1664 3035 Oxonienfis
1698 2989 2028 3035 Cancellarium

202 3064 308 3095 tunc
329 3047 471 3096 fuiffe.
505 3070 527 3087 τ’
551 3050 679 3097 Novi
700 3050 820 3097 enim
835 3067 919 3113 ego
936 3050 1145 3113 Magister
1162 3052 1359 3098 Thomas
1374 3052 1621 3117 Gascoigne
1637 3087 1649 3106 ,
1668 3053 1773 3101 licet
1800 3053 2026 3117 indignus,

249 3189 273 3227 δ’
304 3187 446 3227 Claruit
477 3189 572 3228 circa
599 3201 732 3229 annum
764 3200 887 3237 1460·
910 3194 947 3238 f.
967 3196 1010 3229 G.
1031 3189 1182 3241 Voffi'us,
1211 3194 1264 3230 De
1280 3190 1459 3242 Historicis
1475 3194 1612 3232 Latinis
1630 3194 1708 3231 Lib.
1729 3205 1758 3236 3·
1779 3201 1850 3241 cap.
1868 3208 1908 3241 9.

1682 3248 1726 3292 D
1758 3243 1808 3306 ᾗ]

2087 2557 2140 2593 11.
2161 2557 2319 2597 contens

2085 2610 2135 2646 dit
2163 2611 2317 2650 Becker-

2085 2672 2144 2698 tus
2173 2662 2270 2700 luem

2084 2726 2279 2752 veneream

2081 2765 2278 2815 ipsammet

2077 2818 2164 2853 olim
2177 2820 2310 2870 cogni-

2079 2882 2153 2906 tam
2168 2867 2284 2908 fuiffe.

2106 2943 2220 2989 Quod
2237 2957 2307 2982 co..

2077 3006 2186 3030 natur
2216 3008 2304 3047 pro·

2078 3046 2162 3082 bare
2185 3049 2306 3086 maxi-

2075 3099 2135 3138 me
2152 3111 2263 3152 argu-
