2477 3643
681 123 1590 172 L1-Bsn1.CApur·111.'
2001 125 2086 186 ff*

232 211 317 259 'dies
337 209 622 275 Epidemiqnes
639 246 654 263 ,
673 207 725 255 ὥ*
750 209 1086 271 principalement
1105 206 1153 252 de
1180 207 1359 269 l’origine
1389 205 1438 250 de
1457 207 1502 249 la
1533 202 1641 262 Peste
1659 242 1675 257 ‚
1697 204 1745 251 οὶι
1776 205 1854 252 l'on
1877 207 2071 272 expliquer

236 280 291 323 los
319 278 448 334 caufhs
471 276 519 320 de
551 276 596 319 la
623 276 891 338 propagatim
912 272 962 318 ὠ*
997 272 1102 316 dela
1129 272 1311 332 ceffation
1332 271 1379 315 de
1399 284 1494 316 cette
1521 270 1728 324 maladie,
1757 288 1892 335 quem
1908 272 2064 326 adeat,

236 341 313 404 qui
334 341 459 404 plura
477 339 598 387 volet
617 356 627 390 ·‚
645 337 734 382 liaec
754 336 876 383 enim
891 352 985 382 non
1004 334 1103 381 sunt
1123 335 1250 397 hujus
1267 335 1372 381 loci.

289 403 492 451 Secundo.
520 402 757 464 ObJ'iciunt
778 401 895 447 luem
915 418 1154 447 veneream
1182 399 1339 464 sponte
1356 398 1466 446 oriri
1487 415 1540 445 ex
1567 414 1734 446 venere
1760 399 1998 464 vulgivaga
2017 406 2065 448 δε

236 468 474 534 pandemia
489 502 500 519 ,
523 467 697 530 quoties
719 465 887 511 scilicet
915 466 1075 513 mulier
1096 465 1231 512 etiam
1262 464 1363 511 sana
1393 482 1493 510 cum
1513 463 1714 528 plurimis
1733 463 1840 510 viris
1858 499 1870 518 ,
1893 468 1970 528 qui
1989 466 2066 529 ipfi

237 551 418 598 quoque
449 533 540 578 sani
562 531 669 585 sint,
691 530 942 595 promiscue
961 530 1237 576 concumbit.
1270 529 1380 577 Inde
1400 546 1562 593 nempe
1580 529 1745 575 semina
1769 529 1945 577 diversa
1962 529 2067 576 mis-

241 600 333 645 ceri
350 601 396 643 in
415 614 542 644 utero
560 631 571 649 ‚
591 596 655 642 ibi
678 615 760 660 pro
792 596 943 642 innata
969 596 1159 660 partium
1195 595 1582 658 heterogeneitate
1600 627 1612 645 ‚
1632 594 1722 639 loci
1742 595 1889 642 calore
1921 600 1965 641 δέ
1989 596 2073 642 uli-

241 664 347 727 gine
365 662 628 709 fermentari
646 696 657 713 ,
675 661 927 725 putrescere
948 694 959 712 ,
980 660 1209 724 corrumpi
1233 666 1280 706 δε
1306 661 1354 705 in
1374 659 1571 706 virosum
1588 658 1815 718 liquamen
1835 660 2039 707 converti
2059 695 2071 713 ,

240 727 452 791 contagii
468 726 651 774 venerei
679 726 798 772 haud
823 725 1062 779 =diffimile3
1097 726 1190 770 into
1217 726 1323 772 vero
1351 742 1453 771 cum
1473 725 1682 786 contagio
1711 741 1909 771 venereo
1942 725 2070 790 plane

236 793 386 846 idem3
409 791 526 838 unde
544 791 744 838 inferunt
760 791 877 837 luem
897 808 1134 837 veneream
1149 808 1243 835 non
1259 791 1486 852 antiquam
1501 789 1639 835 modo
1659 823 1672 842 ‚
1694 789 1769 836 sed
1788 789 1958 836 mundo
1974 789 2072 838 fere

239 875 433 903 coaevam
455 856 539 903 esle
559 891 572 910 ,
596 856 696 902 cum
715 856 739 900 a
773 855 944 901 mundo
964 855 1058 902 ferc-
1090 855 1276 901 condito
1298 855 1503 901 homines
1521 854 1643 916 vagis
1662 853 1927 900 libidinibus
1955 854 2072 902 sem-

241 941 319 987 per
341 922 485 969 dediti
502 921 695 973 fuerint,
718 920 817 966 cum
846 920 1039 967 foeminae
1058 920 1253 985 plurimae
1274 920 1493 983 tentigine
1513 919 1652 966 vulvae
1677 921 1795 982 quafi
1816 920 1944 964 oestro
1970 938 2075 985 per‹

242 987 338 1033 citae
359 987 552 1052 plurium
581 987 784 1033 virorum
804 986 1077 1050 amplexibus
1109 984 1152 1032 se
1171 986 1475 1049 prostituerint
1489 1018 1504 1038 ,
1525 984 1677 1031 saltem
1698 984 1799 1031 cum
1823 1001 2070 1049 numquam

244 1051 496 1100 defecerint
518 1051 661 1097 scorta
683 1050 934 1096 diobolaria
950 1084 963 1103 ,

460 1120 557 1178 Qec
580 1120 887 1179 perminxerunt
908 1117 1080 1161 Calones
1106 1131 1225 1179 atque
1253 1114 1437 1161 caballi.

304 1181 393 1228 Sed
423 1180 646 1227 vanissima
664 1181 723 1226 est
740 1180 830 1225 haec
855 1179 1069 1242 argue-ndi
1087 1182 1215 1225 ratio.
1253 1189 1310 1223 10.
1334 1180 1384 1225 Id
1403 1178 1482 1225 sibi
1504 1179 1720 1226 assumunt
1748 1181 2069 1230 confidentissi-

242 1246 312 1291 me
347 1246 465 1291 luem
497 1262 737 1292 veneream
762 1261 916 1290 rnatam
947 1244 1058 1289 olim
1075 1244 1160 1292 effe
1180 1279 1192 1296 ‚
1215 1250 1260 1290 δε
1278 1244 1481 1307 quotidie
1500 1243 1621 1290 nasci
1644 1262 1693 1290 ac
1715 1246 1930 1308 pullulare
1962 1249 2069 1312 pura

242 1312 378 1358 etiam
412 1326 576 1356 venere
591 1343 604 1362 ,
624 1308 654 1354 fi
681 1326 792 1373 vaga
810 1307 859 1354 sit
876 1342 888 1361 ,
906 1308 993 1355 hoc
1025 1312 1084 1356 est
1113 1309 1143 1354 fi
1165 1310 1307 1374 plures
1329 1309 1415 1354 viri
1436 1309 1527 1355 sani
1556 1328 1658 1356 cum
1692 1309 1849 1357 eadem
1881 1313 2072 1361 muliere

242 1375 376 1423 etiam
412 1373 513 1420 sana
534 1392 724 1440 corpora
745 1373 983 1427 misceant,
1004 1374 1122 1438 quasl
1142 1374 1308 1420 scilicet
1327 1375 1635 1438 experimento
1666 1391 1791 1421 certo
1812 1376 1859 1422 id
1885 1377 2072 1424 didicis-

241 1441 365 1492 sent,
385 1438 507 1503 quasi
535 1440 804 1503 quotidiano
831 1439 913 1486 usu
936 1457 1216 1505 compertum
1246 1439 1477 1485 haberent.
1524 1446 1583 1486 At
1610 1439 1701 1485 haec
1728 1457 1810 1486 nec
1846 1442 1935 1488 ulla
1960 1445 2072 1489 stant

245 1506 506 1552 au&oritate
529 1504 720 1558 idonea,
740 1523 823 1552 nec
856 1505 944 1551 ulla
972 1504 1246 1570 experientia
1279 1522 1473 1567 unquam
1503 1505 1765 1551 confirmata
1794 1505 1931 1553 fuere.
1964 1508 2075 1554 Ruit

242 1588 356 1634 ergo
372 1569 595 1616 conclusio
625 1572 682 1618 de
705 1571 968 1635 antiquitate
989 1570 1072 1617 luis
1094 1587 1295 1617 venerea:
1313 1604 1326 1622 ‚
1353 1587 1448 1632 quae
1472 1585 1562 1616 tam
1576 1570 1758 1615 infirmo
1777 1569 2075 1620 fundamento

245 1651 342 1681 rota
360 1636 517 1682 nititur
536 1670 548 1688 ,
579 1641 625 1682 &
652 1635 745 1683 abit
764 1637 812 1682 in
834 1654 1010 1683 merum
1039 1634 1288 1701 sophisma,
1316 1635 1441 1698 quod
1471 1635 1629 1699 Logici
1651 1635 1806 1681 dicunt
1840 1635 1866 1681 ὰ
1889 1642 2077 1701 petitione

242 1705 438 1765 principii
455 1740 469 1754 ‚
495 1700 569 1746 seu
585 1705 828 1765 ignoratione
845 1701 1024 1747 elenchis

316 1774 378 1811 20.
411 1766 560 1811 Multo
589 1766 764 1829 potiore
782 1770 878 1827 jure
908 1764 1037 1811 nobis
1065 1764 1170 1812 licet
1199 1763 1378 1811 inverso
1411 1763 1764 1829 propositionum
1785 1765 1943 1813 ordine
1965 1785 2076 1813 con-

245 1829 486 1877 clulionem
502 1830 668 1876 diretste
690 1831 958 1876 contrariam
977 1831 1158 1877 elicere.
1186 1830 1322 1876 Fuere
1335 1846 1498 1893 nempe
1517 1828 1625 1875 olim
1653 1829 1846 1874 foeminae
1869 1831 2077 1895 impuris-

241 1894 356 1940 sima:
377 1894 576 1941 libidinis
592 1929 605 1947 ‚
632 1896 850 1958 quaelicet
868 1896 1060 1960 plurium
1082 1896 1284 1941 virorum
1320 1894 1583 1940 concubitus
1608 1894 1868 1958 pertulerint
1893 1930 1904 1948 ,
1934 1897 2076 1943 lassari

242 1960 434 2023 quidem
452 1993 464 2012 ‚
488 1960 563 2006 sed
584 1959 729 2005 satiari
747 1978 839 2006 non
867 1976 1109 2024 potuerunt
1128 1979 1139 2013 3
1161 1959 1287 2006 fuere
1313 1959 1540 2023 lupanaria
1559 1959 1747 2023 plurima
1767 1993 1778 2011 ,
1810 1959 1886 2005 ubi
1905 1978 2078 2009 merce-

244 2024 377 2071 nariae
398 2025 513 2088 stipis
531 2024 697 2070 ancillae
724 2025 870 2072 obviis
887 2025 1241 2089 quibuscumque
1267 2024 1331 2070 sui
1356 2025 1533 2088 copiam
1551 2024 1766 2070 facerent.
1813 2028 2076 2089 Numquam

246 2104 396 2136 tamen
416 2089 602 2153 legimus
629 2107 867 2136 veneream
885 2091 1005 2136 luem
1027 2091 1138 2136 olim
1158 2088 1439 2135 observatam
1459 2086 1599 2135 fuiffe.
1627 2092 1745 2151 Ergo
1771 2089 2078 2153 colligendum

247 2156 306 2202 est
335 2172 573 2201 veneream
592 2155 709 2201 luem
728 2155 966 2219 vulgivaga
990 2173 1154 2202 venere
1169 2189 1181 2207 ,
1199 2155 1342 2200 modo
1361 2172 1470 2218 pura
1487 2153 1626 2200 fuerit
1644 2187 1656 2205 ‚
1677 2171 1919 2216 numquam
1937 2173 2079 2218 gene-

248 2219 335 2264 rari
354 2252 365 2270 ‚
388 2237 435 2264 ac
456 2219 647 2282 proinde
664 2219 895 2265 foeminam
911 2254 923 2272 ‚
944 2238 1039 2283 quae
1066 2220 1182 2267 bene
1196 2219 1340 2267 valeat
1361 2253 1373 2270 ,
1390 2217 1553 2265 morbo
1577 2218 1664 2263 alio
1686 2236 1954 2283 quocunque
1983 2221 2077 2284 pla-

246 2283 390 2329 cuerit
408 2302 419 2336 3
440 2283 511 2331 lue
530 2284 640 2330 verb
664 2284 857 2330 venerea
887 2302 1130 2348 numquam
1158 2284 1278 2349 polse
1304 2282 1443 2335 affici,
1463 2301 1731 2346 quamquam
1755 2283 1957 2330 virorum
1975 2285 2077 2349 plu-

247 2349 468 2394 rimorum
509 2347 769 2395 concubitui
813 2348 902 2396 sese
929 2350 1159 2414 permittat
1195 2348 1548 2412 frequentissime
1573 2381 1587 2401 ,
1619 2347 1758 2394 modo
1788 2348 1865 2412 ipfi
1893 2367 2077 2414 quoque

245 2413 436 2460 valeant.
934 2439 944 2443 -

308 2487 366 2534 30.
393 2477 518 2523 Fovit
532 2477 641 2523 olim
661 2478 866 2526 Aurelius
891 2478 1130 2525 Minadoiis
1147 2512 1159 2531 ,
1175 2477 1464 2539 Rhodiginus
1480 2512 1491 2531 ‚
1508 2478 1772 2538 Opinionem
1791 2476 1934 2541 prima
1959 2477 2078 2528 facie

248 2541 303 2588 ab
335 2542 385 2590 ea
402 2560 535 2605 quam
554 2541 793 2590 refellimus
812 2544 931 2589 haud
961 2543 1204 2589 absimilem
1219 2578 1230 2596 ,
1258 2548 1300 2589 in
1316 2547 1519 2589 Tmfflatn
1539 2544 1587 2588 de
1616 2542 1843 2589 virulentia}
1864 2544 2041 2590 venerea}
2059 2582 2078 2600 ,

246 2608 452 2654 Veneriis
474 2606 600 2652 edito
624 2626 741 2655 anno
770 2617 902 2670 1596.
921 2607 997 2654 ubi
1019 2608 1154 2653 tradit
1173 2624 1263 2672 cap.
1290 2625 1357 2665 29.
1384 2608 1496 2654 hanc
1517 2607 1803 2654 virulentiam
1822 2623 1874 2652 ex
1892 2606 2086 2664 foedissffi÷

251 2672 335 2717 mis
352 2671 738 2736 impuriffimarum
758 2673 1043 2720 meretricum
1060 2689 1196 2719 uteris
1214 2672 1407 2736 primum
1425 2670 1610 2736 erupisse
1631 2706 1644 2724 ,
1660 2670 1914 2717 commixtis
1938 2672 2003 2718 ibi
2027 2679 2077 2719 δε

249 2735 604 2800 putrescentibus
638 2736 876 2783 seminibus
895 2737 1090 2784 diversis.
1123 2742 1183 2783 N
1181 2755 1244 2782 am
1261 2776 1275 2791 ,
1307 2737 1454 2800 inquit
1486 2737 1563 2783 ille
1578 2770 1590 2789 ‚
1614 2737 1721 2796 ficut
1739 2753 1838 2780 nnus
1857 2736 1965 2782 cibus
1971 2740 2075 2797 fimo

249 2801 675 2859 ventriculofiznitatis
703 2801 751 2860 est
777 2805 926 2862 causa,
946 2807 1128 2848 varietas
1157 2800 1255 2846 vero
1291 2801 1466 2847 ciborum
1498 2803 1770 2847 ventriculum
1799 2803 1945 2862 premit
1974 2839 1988 2853 ,
2022 2800 2074 2846 ΕΦ

253 2881 388 2909 acores
412 2883 461 2910 ac
478 2865 633 2910 nidores
660 2883 987 2927 exer-‘cementaque
1003 2867 1163 2930 peffima
1182 2869 1355 2927 congerit
1375 2905 1387 2919 ‚
1412 2871 1470 2911 ita
1488 2868 1620 2925 ftmen
1655 2881 1774 2909 unum
1809 2877 1918 2906 utero
1939 2864 2074 2921 fami-

250 2931 354 2973 liare
376 2928 578 2987 &fimum
600 2928 647 2985 est
663 2970 676 2983 ‚
699 2930 748 2976 ὠ
761 2931 1063 2988 foecunditatem
1078 2944 1285 2993 promovet
1305 2947 1314 2973 ;
1334 2929 1473 2974 eontra}
1493 2928 1700 2973 multitudo
1723 2926 1773 2971 ὠ
1804 2929 1987 2971 varietas
2002 2931 2070 2987 se-

251 2995 400 3038 minum
418 2995 576 3037 unicum
596 3009 748 3039 uterum
770 2998 827 3039 ita
847 2995 967 3054 afficit
983 3032 997 3048 ,
1014 3009 1056 3038 ut
1083 3008 1228 3056 prava
1249 3030 1264 3046 ,
1295 2993 1369 3038 imo
1389 2993 1548 3056 peffimct
1565 3004 1815 3037 excrementa
1821 2991 1891 3049 fiai
1908 3007 2072 3056 corrup-

251 3059 356 3101 tione
372 3057 585 3119 producat.

312 3122 373 3164 At
399 3120 509 3166 vero
532 3118 630 3164 cum
663 3118 737 3165 ille
766 3119 906 3184 probe
928 3119 1200 3184 intelligeret
1228 3136 1359 3183 vagas
1385 3118 1596 3167 libidines
1631 3117 1872 3181 antiquitus
1901 3117 2070 3181 semper

247 3182 436 3248 viguiffe
447 3219 462 3241 ,
482 3200 677 3233 attamen
698 3184 816 3233 luem
833 3202 1072 3242 veneream,
1087 3203 1329 3252 numquam
1342 3183 1622 3234 observatam
1639 3183 1766 3234 fuiss‘e
1787 3198 1890 3254 ante
1904 3200 2074 3237 annum

1745 3252 1777 3297 B
1804 3252 1853 3312 iij

2136 411 2342 460 Argumem

2112 471 2192 496 tum
2216 463 2315 498 alte-

2113 525 2206 549 rum.
2225 516 2340 551 Luem

2116 577 2305 602 veneteam

2114 617 2238 668 sponte
2251 616 2344 654 oriri

2112 681 2157 706 ex
2180 680 2305 705 venere
2343 676 2346 680 ’

2116 719 2330 773 νυΙΞίναὲἓι.

2166 1117 2303 1157 Horat.

2111 1170 2346 1212 sermonssiba

2115 1234 2143 1257 ι.
2170 1225 2291 1259 Satira
2305 1236 2345 1264 π...

2133 1287 2347 1336 Rcfcffimq
