2477 3643
181 226 382 282 ptyalismfl

183 291 349 335 erumpat
369 287 381 319 ἰ

235 607 420 653 Quaenam

186 660 294 696 diaeta.
329 671 416 695 con·

191 711 304 748 ducat
333 710 367 746 in

190 762 264 800 hac
276 761 421 800 metho-

186 814 267 858 do?

231 1843 423 1886 Generales

187 1896 407 1951 hydrargy»

194 1953 319 1989 roseos
347 1962 408 1986 cu·

191 2004 307 2055 jusvis
317 2014 424 2042 cano·

192 2067 264 2096 nes.

460 121 549 179 ,σι
799 119 922 168 nr.
984 121 1354 170 morinis
1419 119 1927 173 vaur-aris.

456 217 619 252 conatu
635 235 650 258 ,
671 202 1012 270 sed-prudenter
1029 201 1386 267 obtemperando
1406 218 1472 252 res
1493 204 1546 253 (τὸ
1564 205 1832 255 deducenda.
1855 204 2001 273 potius
2018 203 2108 272 qub
2125 203 2289 254 natura

457 268 621 332 vergit·
653 271 844 335 Apertus
865 270 1014 333 itaque
1040 267 1293 333 ptyalismus
1311 266 1635 333 permittendus
1653 304 1666 325 ,
1688 270 1996 336 regendusque
2026 286 2078 318 ex
2110 271 2284 337 legibus

459 333 507 379 in
540 333 688 397 priore
721 333 938 381 methodo
972 331 1235 396 propositis,
1262 331 1486 380 fovendus
1521 333 1716 388 scilicet,
1751 334 1782 381 fi
1806 335 2061 383 moderatus
2092 352 2103 387 3
2128 334 2284 382 contra

462 397 809 462 compescendus
833 398 862 443 si
890 397 1053 442 nimius
1072 395 1207 443 fuerit
1222 429 1236 449 ,
1256 396 1404 444 donec
1431 399 1526 462 post
1556 398 1649 446 dies
1682 406 1752 448 18.
1777 418 1850 447 20.
1870 417 1941 457 24.
1970 398 2184 464 praemissa
2202 432 2215 452 ,
2235 414 2284 445 ut

462 466 602 508 moris
619 465 678 509 est
692 497 704 515 ‚
725 462 993 527 purgatione
1008 494 1021 513 ,
1046 461 1138 506 oris
1167 460 1318 508 ulcera
1336 462 1573 526 detergere
1593 497 1606 517 ,
1627 463 1833 511 ciborum
1853 463 1978 511 usum
2001 464 2282 516 concedere,

466 532 512 573 ὃ(
534 544 697 590 aegrum
717 528 818 573 vitae
839 526 980 591 priori
999 526 1189 573 reddere
1212 526 1360 573 licean

533 601 626 651 130.
658 598 708 638 ln
741 591 815 636 ista
839 590 1088 643 methodo,
1112 591 1250 637 modb
1282 590 1483 638 carnium
1513 597 1558 637 δέ
1590 591 1685 638 vini
1714 591 1812 638 usus
1837 609 1891 639 ex
1919 608 2017 641 toto
2047 591 2286 640 circumci-

463 654 591 702 datur
608 690 621 709 ,
642 658 770 702 diaeta
793 656 925 720 paul'o
943 655 1109 718 largior
1131 655 1216 702 este
1235 658 1373 719 potest
1389 690 1401 708 ‚
1421 656 1624 719 adeoque
1640 656 1761 703 leves
1779 656 1878 702 offae
1896 689 1908 710 ,
1929 676 2151 706 cremores
2183 676 2286 719 ory-

445 718 520 766 'zae
541 754 554 772 ‚
575 720 798 785 panatellae
817 726 904 767 &c-
933 720 1132 784 permitti
1153 721 1330 785 poffunt
1348 755 1361 773 ,
1380 721 1472 766 imb
1491 723 1628 768 etiam
1655 719 1753 766 usus
1787 721 1907 767 laetis
1940 724 2114 769 vaccini
2147 720 2285 769 semel

461 786 509 831 in
530 786 603 832 die
621 820 633 838 ‚
658 786 776 831 horis
794 803 955 850 nempe
977 787 1203 831 matutinis
1218 820 1231 838 ,
1250 786 1280 830 si
1298 787 1360 832 ita
1379 787 1402 831 ὲ
1426 803 1474 832 re
1495 786 1581 832 esse
1600 785 1806 832 videatur
1840 803 1893 832 ex
1924 786 2031 832 nota
2064 787 2287 851 sanguinis

463 849 648 896 diathefi
664 885 675 904 ,
694 850 988 914 quandiunec
1005 850 1095 896 ulla
1118 850 1318 897 salivario
1339 885 1351 903 ,
1382 868 1465 897 nec
1488 850 1575 897 ulla
1591 850 1780 897 aderunt
1793 851 1991 897 instantis
2014 851 2288 899 salivationis

460 914 661 969 indicia3
695 917 757 961 sin
789 915 916 962 aliter
951 915 1072 962 enim
1100 933 1213 978 aeger
1245 931 1294 962 ut
1321 916 1368 961 in
1397 916 1550 980 priore
1581 915 1799 961 methodo
1829 914 1997 962 dietum
2027 915 2113 962 fuit
2133 950 2145 969 ‚
2184 915 2289 962 solis

460 980 638 1042 jusculis
667 981 830 1027 nutriri
850 980 1051 1027 deberet.
1071 979 1295 1027 Caeterum
1311 980 1457 1044 largus
1489 979 1666 1045 ptisanae
1685 980 1876 1044 tepentis
1903 997 2032 1045 potus
2061 981 2289 1046 imperan-

458 1044 542 1092 dus
561 1047 620 1092 est
636 1079 647 1098 ‚
673 1062 721 1091 ut
747 1062 939 1093 venerea
953 1045 1174 1109 sanguinis
1194 1046 1411 1092 colluvies
1430 1045 1548 1092 eluta
1568 1063 1647 1110 per
1667 1043 1873 1092 diurefim
1893 1046 1965 1092 vel
1987 1035 2289 1110 diaphoresim

460 1109 660 1156 elabatur
680 1129 691 1164 ·,
722 1116 767 1156 <Sc
791 1111 913 1157 alvus
932 1145 945 1163 ,
971 1109 1001 1155 fi
1021 1113 1246 1158 conti-aesta
1262 1111 1313 1157 fit
1327 1145 1340 1164 ,
1360 1109 1692 1159 emollientibus
1711 1111 1925 1158 enematis
1944 1110 1999 1157 ad
2016 1111 2290 1175 egestionem

458 1173 617 1221 faecum
634 1176 887 1223 identidem
901 1175 1193 1222 sollicitanda.

535 1249 628 1299 140.
652 1242 798 1304 AEgris
823 1240 995 1288 licitum
1021 1242 1080 1287 est
1103 1241 1126 1288 ὲ
1151 1241 1266 1287 lecto
1297 1237 1473 1303 singulis
1491 1274 1502 1293 ,
1522 1239 1762 1302 solidisque
1789 1238 1946 1286 diebus
1963 1238 2168 1304 surgere,
2191 1248 2294 1286 mod

460 1303 523 1350 db
553 1321 704 1352 tamen
734 1307 852 1352 intra
881 1305 1092 1353 conclave
1137 1306 1379 1370 temperate
1414 1305 1559 1351 calens
1590 1303 1680 1352 sese
1710 1305 1971 1351 contineant
2005 1305 2060 1351 ab
2095 1305 2292 1352 externis

462 1371 575 1417 a'c'ris
600 1371 770 1432 injuriis
799 1387 918 1417 tutos
943 1389 952 1415 ε
985 1374 1149 1434 Neque
1170 1372 1290 1417 enim
1317 1370 1499 1416 illorum
1519 1369 1645 1415 usum
1675 1369 2177 1434 probandum·censeo,
2208 1370 2289 1433 qui

462 1436 511 1482 iu
529 1435 620 1500 ipsa
640 1435 866 1500 therapeia
883 1437 1059 1499 aegrotis
1078 1436 1171 1481 tota
1190 1435 1300 1482 urbe
1322 1435 1513 1498 vagandi
1531 1435 1708 1499 copiam
1727 1433 1911 1479 faciunt.
1948 1435 2085 1481 Certe
2105 1434 2132 1479 fi
2151 1434 2290 1481 nimia.

461 1500 539 1547 illa
557 1500 837 1565 indulgentia
853 1501 987 1547 semel
1014 1499 1164 1546 forsan
1191 1517 1323 1563 atque
1339 1500 1503 1546 iterum
1524 1517 1613 1545 non
1634 1499 1747 1545 male
1764 1498 1937 1545 cesserit
1955 1532 1968 1552 ,
1995 1514 2177 1563 propter
2197 1514 2292 1545 tar-

463 1565 643 1612 diorem
671 1565 716 1612 in
745 1565 868 1629 aegris
895 1565 1161 1628 quibusdam
1189 1564 1408 1611 Mercurii
1441 1562 1682 1610 efficaciam
1712 1596 1724 1615 ,
1752 1579 1795 1609 at
1823 1563 1982 1609 contra
2013 1563 2290 1628 experienti&

462 1646 744 1694 compertum
758 1633 817 1677 est
833 1647 970 1693 aegros
994 1630 1104 1677 inde
1120 1631 1168 1676 in
1182 1645 1430 1676 extremum
1451 1629 1604 1693 capitis
1623 1627 1869 1692 periculum
1891 1627 2054 1692 pluries
2073 1627 2288 1674 adduekos

462 1694 594 1742 fuisse
610 1715 621 1749 3
641 1713 723 1741 nec
745 1694 937 1759 proinde
956 1698 1107 1741 auetor-
1130 1695 1215 1742 esle
1233 1694 1370 1742 velim
1386 1726 1400 1746 ,
1419 1710 1467 1740 ut
1484 1693 1596 1740 ullus
1613 1693 1734 1741 viam
1752 1708 1840 1739 tam
1866 1692 2084 1740 lubricam
2104 1696 2149 1739 &
2176 1692 2292 1757 peri-

463 1756 660 1806 culosam
678 1777 873 1823 unquam
893 1758 1065 1805 insistat.

529 1829 653 1872 Patet
674 1824 777 1871 hinc
806 1825 859 1870 ad
878 1823 1093 1871 summam
1115 1824 1163 1870 in
1182 1821 1494 1887 hydrargyrosi
1513 1820 1794 1887 quacumque
1824 1821 1880 1870 ad
1898 1823 2101 1887 quatuor
2122 1821 2294 1888 potissi-

466 1889 588 1935 mum
603 1889 925 1936 attendendum
940 1888 1039 1936 effe.

528 1964 589 2000 10.
632 1958 915 2006 Numerum,
951 1953 1090 2000 dosim
1111 1951 1438 2015 ,frequentiam
1464 1950 1776 1997 inunelionum
1807 1950 2140 1998 mercurialium
2173 1950 2295 1998 nulla

467 2020 587 2066 certa
612 2020 711 2082 lege
734 2018 914 2064 definiri
932 2018 1077 2081 poffe,
1103 2016 1188 2078 qua
1214 2034 1386 2079 aequum
1415 2015 1463 2060 s1t
1487 2030 1750 2078 aegrotantes
1776 2033 1933 2062 omnes
1962 2015 2293 2063 indiscrimina-

465 2085 548 2131 tim
577 2083 820 2146 adstringi,
852 2081 927 2128 sed
956 2082 1004 2128 in
1032 2082 1165 2129 variis
1192 2099 1273 2145 pro
1303 2095 1657 2143 temperamento
1678 2113 1691 2132 ,
1723 2094 1878 2132 aetate,
1908 2079 2078 2127 viribus
2097 2114 2109 2133 ,
2140 2081 2294 2128 morbi

463 2149 608 2214 gradu
635 2153 681 2195 δε
707 2147 1036 2194 inveteratione
1055 2180 1068 2199 ,
1096 2145 1218 2193 varie
1247 2146 1417 2192 variare
1445 2164 1455 2190 ι
1487 2148 1603 2191 Rem
1629 2159 1770 2190 totam
1797 2144 1986 2208 proinde
2009 2145 2291 2192 medentium

463 2214 711 2280 prudentiae
730 2211 1076 2277 permittendam
1095 2209 1180 2258 effe
1198 2244 1210 2263 ,
1235 2227 1368 2273 quam
1391 2227 1472 2274 pro
1492 2227 1537 2256 re
1557 2208 1658 2254 nata
1676 2208 1977 2256 diversimode
1998 2211 2158 2256 redturi
2182 2209 2263 2257 sint
2277 2224 2291 2257 ἲε

464 2279 725 2326 Monendos
756 2277 842 2325 esse
871 2279 1071 2329 tantum,
1106 2292 1154 2322 ut
1184 2275 1302 2321 cauti
1332 2274 1443 2327 sint,
1475 2274 1597 2321 diem
1624 2291 1762 2319 unum
1795 2289 1926 2336 atque
1956 2274 2144 2321 alterum
2173 2275 2294 2322 inter

463 2344 695 2391 frietiones
721 2342 983 2408 plerumque
1009 2342 1324 2406 interponant,
1346 2339 1402 2385 ad
1429 2339 1692 2386 ulteriorem
1717 2338 2027 2385 iuuntstionem
2045 2356 2292 2402 numquam

465 2409 714 2474 procedant
733 2441 746 2460 ,
776 2407 855 2453 nisi
879 2406 997 2472 prius
1026 2405 1242 2470 inspeetus
1273 2405 1363 2450 oris
1391 2405 1519 2450 status
1543 2403 1694 2468 aperte
1725 2402 2001 2467 permiserit,
2030 2421 2121 2450 uno
2151 2403 2296 2451 verbo

466 2475 586 2520 lente
606 2473 811 2520 festinent
830 2489 877 2518 ac
903 2488 1059 2518 curent
1084 2469 1412 2534 diligentissime
1431 2472 1507 2515 Ne
1532 2469 1632 2531 qnid
1658 2472 1776 2514 nimis
1794 2489 1808 2513 .·
1826 2467 2105 2514 Mercurium
2124 2467 2170 2513 in
2196 2468 2299 2514 san-

467 2539 652 2603 guinem
678 2536 848 2585 iteratis
879 2535 1212 2583 inuntstionibus
1238 2534 1530 2581 introducere
1556 2531 1820 2579 facillimum
1838 2533 2024 2596 quidem
2043 2566 2056 2585 ,
2086 2531 2114 2577 fi
2145 2531 2297 2579 forsan

467 2603 610 2656 desit3
641 2603 773 2650 semel
804 2602 913 2648 verb
942 2600 1244 2647 introdutstum
1273 2599 1464 2646 educere
1496 2631 1509 2650 ,
1542 2597 1571 2643 fi
1602 2597 1731 2661 copia
1775 2597 2052 2662 peccaverit,
2081 2597 2295 2661 perquam

470 2665 652 2714 difficile
673 2667 757 2714 effe
777 2686 786 2712 ι
811 2665 1037 2724 Quocirca
1058 2665 1104 2712 in
1124 2663 1385 2711 adhibendo
1415 2662 1616 2709 remedio
1648 2661 1892 2708 istiusmodi
1923 2662 2051 2708 satius
2073 2661 2298 2726 tutiusque

467 2730 642 2796 semper
662 2731 761 2777 fore
776 2730 832 2782 ,si
854 2731 1020 2777 calcare
1036 2763 1048 2782 ,
1070 2728 1202 2793 quam
1220 2728 1248 2773 si
1267 2728 1405 2774 fraeno
1425 2727 1642 2773 utendum
1659 2726 1722 2772 s1t.
2279 2742 2281 2746 ·

534 2805 598 2842 20.
634 2798 782 2842 Cauto
812 2812 921 2858 opus
940 2794 1025 2841 effe
1046 2792 1340 2858 potiffimum,
1369 2792 1398 2837 si
1420 2792 1526 2838 dum
1552 2807 1664 2853 aeger
1683 2788 1915 2852 inungitur
1931 2824 1944 2843 ,
1973 2789 2134 2836 coelum
2161 2787 2297 2836 flante

467 2863 614 2908 austro
635 2858 844 2906 aestuosius
864 2857 938 2905 fiat
957 2893 969 2911 ,
991 2857 1205 2922 siquidem
1226 2871 1505 2921 compertum
1528 2857 1588 2902 est
1609 2854 1670 2901 ob
1694 2856 1988 2902 acceleratum
2011 2854 2181 2901 cruoris
2199 2871 2299 2899 mo·-

465 2917 566 2971 sstun'i
597 2931 642 2971 δε
675 2926 866 2971 laxatum
891 2925 1087 2987 ‚partium
1120 2940 1278 2969 tonum
1309 2920 1595 2969 Mercuriales
1640 2920 1812 2967 atomos
1835 2953 1847 2972 ,
1889 2937 1981 2984 quae
2009 2919 2055 2964 in
2086 2917 2302 2981 sanguine

471 2990 662 3037 confusae
685 2991 824 3036 latent
840 3023 853 3042 ,
877 2987 985 3036 ferri
1004 2992 1171 3049 majore
1187 2988 1358 3052 impetu
1379 3004 1431 3032 ac
1452 2982 1730 3051 ptyalismum
1758 2985 1890 3032 nimis
1910 2984 2179 3049 praecipitem
2201 2980 2296 3050 plef-

471 3072 661 3119 rumque
680 3072 862 3100 movete
882 3087 895 3107 ,
928 3069 974 3099 ut
1005 3058 1091 3114 jam
1110 3052 1235 3117 supra
1256 3056 1404 3117 Capite
1432 3059 1472 3097 6.
1506 3051 1672 3097 dietum
1692 3052 1751 3098 est
1782 3050 1838 3097 de
1864 3049 2005 3096 aestiva
2026 3046 2296 3111 tempestate.

472 3119 647 3166 Contra
679 3119 788 3164 vero
822 3117 964 3163 minus
994 3118 1078 3165 effe
1105 3117 1289 3183 periculi
1318 3118 1341 3162 a
1369 3115 1586 3161 Mercurii
1609 3115 1787 3178 energia
1806 3148 1819 3168 ,
1845 3113 1874 3159 fi
1902 3128 2102 3177 tempore
2132 3110 2296 3154 inunc-

474 3185 650 3235 tionum
666 3182 860 3250 spirante
883 3181 1092 3246 aquilone
1114 3182 1256 3249 frigus
1280 3179 1521 3234 invalescat
1535 3212 1550 3238 ‚
1571 3179 1672 3230 cum
1690 3180 1811 3233 enim
1836 3176 2164 3232 contrariorum
2183 3187 2297 3227 con-3
