2477 3643
165 611 322 649 Gonor·

122 665 229 703 rhoea
262 662 351 714 spu-

122 718 177 755 ria
196 743 208 760 ‚
227 715 260 751 in
280 715 352 767 quei

121 767 340 807 stillicidium

125 833 315 859 venereum
334 819 353 856 ὲ

124 872 256 912 balano
274 883 351 909 ma-

126 937 201 962 nat.

147 1002 354 1041 Observata

122 1053 194 1092 fuit
224 1068 303 1091 tum
337 1054 355 1091 ὁ

127 1106 326 1157 Sydenlia-

122 1160 199 1196 mio
214 1186 225 1201 ‚
243 1171 320 1195 tuni
337 1157 355 1195 ὲ

124 1210 351 1255 Vercellono.

157 1508 354 1559 Reperitut

123 1572 232 1598 etiam
267 1574 299 1597 m

124 1613 344 1652 mulieribus.

147 2235 151 2238 ·
183 2215 290 2253 Sedes
308 2213 355 2252 il-

127 2266 193 2305 lius
211 2280 352 2320 gonor-

128 2320 243 2359 rhoeae
258 2322 293 2356 in
308 2334 354 2356 u-

128 2384 261 2425 troque
298 2371 353 2410 se-

126 2435 190 2462 xii.

166 3113 307 3172 ‚Causae
331 3114 363 3152 in

139 3179 236 3206 vxris.

398 126 501 178 '1⁷9⁶·
751 118 854 166 DE
921 118 1286 167 MORBIS
1360 116 1858 168 VENEREIS.

394 217 491 264 quae
516 195 694 260 utrique
710 196 777 244 illi
793 195 1230 245 affe&ionive11er·eae
1246 197 1427 262 propria
1444 196 1541 244 sunt
1561 198 1608 244 in
1624 197 1847 252 foeminis,
1873 213 1967 246 tum
1987 201 2240 254 curatoria&

396 263 636 312 methodos
652 296 665 317 ,
688 280 782 327 quae
803 263 860 310 ad
879 279 1114 327 utramque
1131 263 1316 311 faciunt.
2234 288 2241 292 —

397 397 533 453 §.IL
568 395 663 440 DE
696 394 1251 441 GONORRHOEA
1288 393 1704 453 sPUR1A‚stve
1733 395 1824 440 DE
1859 397 2228 448 VENEREO

899 460 1328 505 Srirricimo
1373 474 1397 503 Ε
1436 461 1722 504 BALANo.

460 592 604 635 Datur
625 590 672 632 &
690 585 824 633 tertia
847 586 1130 651 gonorrhoeae
1165 585 1328 650 species
1347 585 1393 631 in
1414 585 1518 633 viris
1539 603 1632 632 non
1652 586 1754 633 raro
1777 586 1913 635 obvia
1927 621 1941 642 ,
1973 607 2066 653 quae
2082 592 2233 656 spuria

401 653 565 700 dicitur
580 686 592 704 ‚
616 657 660 697 ὅ(
685 652 732 696 in
752 650 837 714 qud
858 669 950 697 non
970 652 1026 698 ab
1047 651 1228 698 urethrfi
1244 685 1256 703 ,
1277 650 1352 698 sed
1382 651 1405 697 εὶ
1427 651 1596 697 coron&
1615 651 1762 697 balani
1782 685 1795 703 ,
1815 670 1909 716 quae
1940 653 2063 701 dolet
2087 662 2131 703 <Sc
2159 658 2234 702 in-

402 718 652 765 flammatur
669 751 682 768 ‚
707 733 942 780 promanat
971 717 1134 762 humor
1166 715 1448 780 limphaticus
1465 749 1475 767 2
1497 715 1773 762 subviscidus
1792 748 1805 767 ‚
1824 719 2084 779 purulentus
2098 754 2111 773 ,
2138 739 2234 769 non

402 783 593 830 ubertim
629 781 810 844 quidem
834 816 846 835 ‚
867 781 973 827 sicut
995 782 1041 826 in
1075 781 1350 845 gonorrhoefi
1370 780 1542 843 vulgari
1563 815 1576 833 ,
1599 780 1675 827 sed
1712 796 1863 828 tamen
1894 781 1993 830 satis
2025 786 2205 850 copiose
2219 805 2234 840 ·,

403 847 522 894 unde
541 845 693 894 vocari
715 848 853 910 potest
871 865 1083 892 venereum
1093 846 1346 904 stillicidium
1366 844 1393 891 ἱι
1413 845 1575 892 balano.

463 913 646 956 Constat
664 910 785 955 illam
804 911 1082 975 gonorrhoeae
1104 911 1294 976 speciem
1322 909 1600 956 observatam
1619 909 1745 956 fuiffe
1771 925 1865 957 tum
1882 910 1990 958 olim
2011 912 2035 958 ἃ
2055 914 2235 960 Τίῑοῐῃὲ

405 976 706 1036 Sydenhamio
724 1009 736 1028 ,
756 980 798 1021 in
817 976 1002 1040 Epistola}
1012 975 1192 1036 ficundd
1212 973 1469 1040 Responsorid
1483 1014 1495 1029 ,
1515 975 1593 1021 ubi
1611 974 1665 1020 sic
1684 975 1857 1038 legitur.
1889 979 1979 1040 Ipfi’
1995 979 2091 1024 vidi
2109 984 2233 1025 viru-

403 1043 550 1086 lentam
575 1042 799 1100 hujusmodi
827 1045 1037 1086 materiam
1065 1055 1141 1105 per
1150 1040 1413 1101 substantiam
1424 1041 1593 1103 glandis
1613 1042 1793 1104 perosam
1823 1042 2004 1086 exudare
2023 1081 2036 1095 ‚
2056 1061 2133 1088 non
2161 1058 2241 1107 per

407 1106 613 1150 urethram
635 1107 794 1163 ej'eft'am
808 1144 823 1159 ‚
859 1108 1044 1168 nulloque
1065 1107 1196 1152 ulcere
1212 1108 1282 1151 vel
1297 1106 1488 1170 glandem
1508 1118 1721 1168 occupante
1748 1108 1819 1150 vel
1832 1109 2066 1169 praeputium
2085 1129 2098 1152 .·
2115 1112 2236 1154 Tum

409 1169 629 1216 recentius
661 1170 685 1224 zi
717 1169 890 1222 Jacobo
922 1170 1194 1217 Vercellono
1215 1203 1228 1222 ,
1255 1174 1296 1216 in
1328 1167 1582 1216 Tetrabiblio
1605 1170 1652 1214 de
1672 1171 1948 1233 pudendorum
1977 1171 2150 1219 Morbis
2184 1171 2236 1218 ὠ

403 1239 494 1280 Lue
512 1233 688 1280 venereo?
707 1273 721 1287 ‚
742 1239 872 1299 capite
893 1255 927 1294 3.
948 1237 1119 1281 articulo
1144 1252 1182 1280 2.
1205 1243 1241 1291 ς.
1264 1251 1302 1280 2.
1332 1233 1409 1280 ubi
1425 1233 1499 1280 ille
1524 1233 1579 1280 sic
1600 1233 1660 1278 ait
1679 1267 1692 1286 ,
1714 1238 1901 1280 Memini
1920 1251 1985 1296 ego
2012 1241 2130 1282 etiam
2146 1239 2241 1301 plu-

404 1303 597 1345 rimorum
614 1337 629 1353 ,
650 1303 719 1362 qm'
747 1304 789 1344 in
808 1299 978 1345 membro
998 1304 1039 1345 in
1056 1300 1247 1359 ejusmodi
1264 1302 1427 1345 latrinis
1449 1302 1463 1352 (
1479 1298 1694 1362 pudendo
1714 1297 1883 1345 scilicet
1905 1300 2143 1346 mulierum
2163 1302 2236 1348 lue

405 1363 669 1411 infestarum
687 1364 839 1424 >fidiam
869 1366 1016 1409 leviter
1050 1366 1244 1417 intimflo,
1274 1362 1372 1409 alba}
1386 1364 1503 1423 fimie
1534 1362 1772 1427 postmoditm
1799 1366 2013 1424 plorarunt
2036 1380 2110 1430 per
2137 1366 2238 1426 fisba-

396 1427 591 1487 stantiam
608 1428 773 1492 glandis
789 1429 970 1493 porofhm
987 1467 1002 1482 ,
1018 1433 1135 1474 etiam
1158 1432 1269 1474 circa
1291 1433 1305 1486 (
1325 1427 1428 1490 lego
1449 1430 1555 1473 citra
1575 1435 1589 1486 )
1621 1430 1744 1472 ullum
1765 1431 1890 1473 ulcus.

466 1493 681 1555 Conjicio
718 1494 925 1539 mulieres
942 1492 1054 1557 ipsas
1080 1510 1259 1556 quoque
1290 1492 1390 1538 huic
1410 1491 1691 1555 gonorrhoeae
1713 1491 1872 1556 speciei
1889 1492 2106 1538 obnoxias
2121 1492 2205 1539 effe
2222 1526 2237 1546 ‚

403 1557 451 1603 in
471 1559 557 1621 quai
581 1559 742 1604 humor
762 1557 1090 1621 gonorrhoicus
1116 1575 1208 1602 non
1239 1558 1262 1604 ὲ
1286 1557 1486 1622 prostatis
1503 1590 1516 1608 ,
1531 1556 1693 1620 vagind
1710 1590 1721 1608 ‚
1750 1556 2026 1619 glandulisve
2042 1560 2240 1622 Cowpe-

403 1623 563 1676 rianis,
583 1639 631 1669 ut
672 1624 720 1668 in
756 1623 930 1686 vulgari
956 1621 1229 1686 gonorrhoess.
1257 1655 1270 1674 ‚
1305 1621 1380 1668 sed
1414 1638 1468 1667 ex
1502 1621 1593 1685 ips&
1620 1622 1761 1667 vulvae
1789 1620 1904 1667 facie
1936 1620 2026 1667 solz}
2051 1623 2239 1668 extillar.

403 1689 541 1734 Certe
571 1687 665 1734 vidi
698 1705 836 1752 nuper
865 1688 1057 1752 puellam
1092 1687 1252 1734 decem
1281 1686 1354 1733 vel
1381 1685 1591 1732 undecim
1621 1703 1760 1732 annos
1796 1701 1943 1732 natam
1964 1719 1978 1738 ‚
2007 1704 2102 1750 quae
2119 1705 2239 1734 anno

404 1755 506 1799 ante
525 1753 548 1799 a
569 1751 848 1799 maleferiato
869 1753 1066 1816 quodam
1085 1754 1361 1816 constuprata
1377 1785 1390 1804 ,
1410 1750 1660 1814 morboque
1680 1751 1978 1797 contaminata
1994 1785 2005 1803 ‚
2026 1751 2102 1797 sed
2116 1770 2210 1815 quae
2225 1786 2243 1808 «ὲ,

403 1816 622 1864 inaccessa
655 1833 834 1882 propter
854 1817 1168 1863 arotitudinem
1188 1816 1351 1879 vagina
1369 1849 1381 1868 ,
1400 1815 1447 1861 in
1467 1816 1601 1862 vulva}
1622 1815 1793 1863 tantum
1815 1817 1911 1863 vim
1936 1816 2050 1880 passa
2064 1815 2208 1864 fuerat
2224 1851 2242 1870 ‚

404 1882 526 1928 fluxu
544 1881 853 1945 gonorrhoico
875 1882 1099 1928 virulento
1126 1881 1316 1933 tentari,
1339 1897 1431 1926 non
1452 1880 1475 1925 εὶ
1496 1881 1663 1927 lacunis
1683 1915 1696 1934 ,
1722 1880 1880 1944 vaginfi
1898 1914 1909 1932 ,
1930 1897 2002 1926 aut
2021 1881 2242 1944 glandulis

405 1947 720 2011 Cowperianis
736 1980 748 1999 ‚
780 1946 854 1993 sed
880 1947 935 2003 ab
956 1946 1046 2010 ipsz‘i
1066 1945 1236 1992 tantum
1262 1945 1402 1992 vulvae
1422 1944 1538 1991 facie
1557 1945 1811 2010 prodeunte
1831 1978 1844 1997 ‚
1862 1961 1910 1990 ut
1925 1944 2045 1991 facili
2063 1947 2237 2010 experi-

406 2028 562 2057 mento
593 2027 876 2075 compertum
911 2011 1062 2056 habu-i.
1105 2010 1251 2058 Vulva
1278 2010 1398 2056 enim
1425 2009 1540 2074 prius
1578 2010 1717 2074 probe
1750 2009 1924 2056 detersa
1954 2045 1966 2062 ,
2000 2009 2239 2059 observavi

405 2075 645 2122 humorem
675 2093 767 2122 non
785 2093 839 2123 ex
859 2075 1116 2123 memoratis
1134 2075 1244 2121 locis
1262 2073 1486 2139 profluere
1501 2107 1514 2126 ,
1545 2073 1619 2120 sed
1640 2092 1693 2120 ex
1720 2073 1810 2138 ips&
1842 2074 1984 2120 vulvae
2002 2074 2115 2121 facie
2136 2091 2244 2140 gut-=-¹

407 2141 537 2186 tatim
554 2140 749 2188 exudare
762 2174 774 2193 ‚
794 2140 823 2185 fi
846 2140 1044 2205 pudendi
1064 2140 1188 2186 labra
1206 2140 1332 2185 molli
1352 2141 1514 2185 anaim
1535 2139 1955 2202 comprimerentur.

467 2209 580 2252 Non
604 2207 663 2252 est
687 2204 876 2252 dubium
904 2206 1013 2269 quin
1041 2223 1092 2251 ea
1128 2204 1404 2267 gonorrhoeae
1434 2203 1597 2268 species
1634 2204 1658 2248 τὶ
1688 2221 1884 2250 venereo
1911 2203 2123 2267 contagio
2143 2206 2240 2252 ori-

407 2270 557 2334 ginem
588 2270 721 2316 ducat
756 2271 803 2316 in
824 2286 1017 2334 utroque
1052 2269 1184 2322 sexu,
1207 2268 1307 2316 ci'im
1342 2269 1520 2333 impuro
1555 2268 1815 2314 concubitui
1848 2264 2156 2333 superveniat,
2188 2276 2236 2316 &

409 2335 731 2382 anti-venereis
764 2335 972 2382 remediis
1002 2350 1195 2381 curetur.
1245 2333 1405 2381 Sedem
1429 2333 1565 2379 habet
1596 2333 1822 2398 propriam
1852 2334 1899 2378 in
1936 2332 2126 2380 sebaceis
2164 2334 2239 2382 seu

408 2399 650 2447 odoriferis
676 2399 896 2464 glandulis
914 2435 926 2453 ,
948 2401 994 2445 in
1015 2399 1325 2463 virisquidem
1349 2398 1405 2444 ad
1432 2397 1627 2444 radicem
1653 2398 1741 2444 sive
1768 2415 1982 2444 coronam
2002 2397 2147 2443 balani
2166 2401 2242 2446 ad-

408 2464 523 2518 fitis,
541 2465 588 2511 in
612 2464 808 2511 foeminis
842 2465 949 2512 veto
981 2482 1057 2527 per
1088 2481 1229 2510 totam
1258 2464 1400 2510 vulvae
1418 2462 1581 2509 faciem
1600 2463 1773 2510 consitis
1789 2496 1800 2515 ‚
1819 2480 1913 2527 quae
1940 2462 2030 2508 acri
2057 2481 2240 2512 veneno

407 2547 605 2576 venereo
627 2530 836 2582 irritatae,
870 2529 1090 2582 laceffitae,
1112 2529 1392 2575 inflammatae
1426 2527 1655 2591 frequenti
1690 2533 1735 2574 δε
1768 2527 1926 2574 iterat&
1961 2527 2242 2578 oscillatione

409 2594 704 2658 copiosiorem
733 2595 933 2641 humoris
958 2594 1073 2641 illius
1098 2609 1366 2658 proventum
1401 2592 1641 2655 suggerunt
1663 2626 1675 2645 ,
1707 2593 1867 2638 viscidi
1885 2628 1898 2645 ,
1917 2591 2125 2655 glutinosi
2142 2628 2156 2646 ‚
2174 2594 2242 2640 se-

410 2658 564 2711 bacei‚
586 2658 663 2706 sed
695 2660 772 2722 qui
800 2675 905 2705 tunc
941 2659 1128 2705 dilutior
1161 2659 1221 2705 est
1251 2657 1555 2721 liquidiorque
1577 2692 1588 2708 ,
1611 2663 1656 2703 ὃ(
1689 2657 1760 2704 cui
1792 2656 2134 2703 commiscentur
2163 2659 2244 2706 ali-

409 2723 593 2787 quando
613 2723 834 2770 nonnullae
854 2725 972 2787 puris
993 2723 1169 2786 guttulae
1189 2723 1242 2768 ab
1270 2723 1396 2769 erosd
1426 2721 1573 2768 balani
1593 2723 1664 2767 vel
1686 2721 1883 2785 praeputii
1903 2720 2016 2767 facie
2036 2721 2082 2766 in
2103 2723 2210 2771 viris
2225 2759 2244 2778 ‚

410 2804 486 2834 aut
513 2787 646 2835 vulvzi
668 2789 714 2835 in
734 2787 930 2834 foeminis
950 2787 1161 2834 deciduae.
1191 2787 1261 2834 Sic
1282 2787 1444 2834 eodem
1463 2787 1588 2851 plane
1608 2785 1910 2832 mechanismo
1934 2786 2058 2850 piper
2079 2787 2244 2852 linguae·

411 2854 672 2906 admotum,
694 2852 898 2906 salivam3
918 2853 1066 2899 fumus
1100 2852 1240 2898 oculis
1272 2867 1479 2915 exceptus
1508 2852 1718 2912 lacrymas
1750 2866 1904 2897 movet
1939 2870 1948 2895 ε
1979 2852 2061 2898 Vel
2095 2853 2244 2917 potius

411 2919 535 2981 quod
565 2919 621 2964 ad
653 2936 745 2965 rem
776 2918 913 2982 magis
941 2917 1078 2970 facit,
1106 2916 1160 2963 fic
1188 2916 1469 2963 inflammatae
1502 2921 1547 2962 ὃ(
1570 2917 1751 2963 irritatae
1775 2915 2091 2980 in'oplitalmid
2109 2918 2238 2981 glan-

412 2983 519 3028 dulae
535 3017 548 3035 ,
571 3000 668 3045 quae
694 2983 1007 3048 palpebrarum
1022 3000 1121 3029 oras
1141 2982 1344 3029 ambiunt
1360 3015 1374 3034 ,
1393 2982 1574 3047 copioso
1606 2980 1869 3045 viscidoque
1889 2980 2079 3029 humore
2103 2999 2240 3046 genas

410 3048 603 3093 irrorant
622 3047 670 3092 in
690 3048 833 3112 lippis.

473 3111 770 3159 Contrahitur
798 3127 943 3161 autem
968 3111 1057 3157 haec
1077 3111 1356 3175 gonorrhoeae
1384 3109 1546 3174 species
1565 3126 1618 3156 ex
1642 3110 1766 3156 causa
1790 3109 1968 3173 triplici.
2001 3110 2061 3156 10‘.
2095 3111 2140 3157 Si
2166 3111 2249 3158 seol

413 3173 558 3223 baceae
590 3176 666 3226 seu
695 3174 936 3226 odoriferae
954 3176 1171 3240 glandulae
1196 3176 1336 3224 modo
1367 3174 1600 3239 descriptae
1617 3174 1804 3227 laxiores
1821 3173 1990 3223 fuerint
2005 3207 2020 3230 ,
2045 3175 2239 3226 rariores
