2477 3643
167 197 247 234 tum
271 194 395 233 Phar-

164 251 281 286 nucia
302 249 357 285 is,-

167 302 281 337 ventis
301 301 395 338 Che-

166 353 245 388 miae
265 354 368 388 locu-

165 404 300 455 pletata
315 404 372 445 fit.

442 85 538 137 ἠε
806 71 910 138 ΒΕ
979 90 1351 138 MORBIS
1419 88 1935 138 VENERPA&

440 168 585 217 ventis
602 170 800 219 Chemiae
819 172 1088 238 locupletata
1107 172 1246 221 multa
1264 177 1310 218 δέ
1332 169 1528 218 efficacia
1547 171 1762 218 Mercurii
1779 185 2013 236 praeparata
2030 186 2151 221 nunc
2164 172 2266 240 sup}>

437 249 595 299 petunt
612 269 624 288 ‚
645 237 806 299 quibus
825 238 889 284 uti
913 239 1008 284 tuto
1025 239 1130 284 licet
1147 271 1160 290 ,
1186 236 1216 283 fi
1233 238 1295 282 ita
1311 238 1334 282 ὲ
1354 253 1402 282 re
1420 235 1506 283 effe
1525 236 1715 283 Medico
1731 236 1950 283 videatur.

511 308 572 344 1⁰.
605 303 857 348 Mercurius
877 302 1134 349 sublimatus
1155 301 1294 347 dulcis
1311 335 1324 353 ,
1352 300 1440 347 sive
1458 301 1621 363 Aquila
1646 300 1744 347 alba
1760 333 1773 353 ,
1803 305 1921 362 cujus
1943 299 2056 347 dofis
2077 301 2100 346 δι
2117 302 2266 365 granis

439 364 514 426 xij.
536 365 591 411 ad
624 384 693 412 xx.
714 367 785 414 vel
806 367 922 414 xxiv.
949 367 980 412 fi
1009 366 1105 413 usus
1124 366 1357 428 aliquoties
1389 381 1612 429 repetatur
1632 399 1645 417 ,
1680 365 1940 428 sanguinem
1967 366 2229 426 mundificat
2246 400 2263 422 ,

440 430 560 476 virus
588 448 842 495 oppugnat,
861 432 1009 477 alvum
1042 431 1247 477 subducit
1264 463 1277 482 ,
1296 448 1345 475 ac
1373 429 1555 475 demum
1579 428 1859 494 ptyalismum
1879 445 2050 476 movet·
2259 484 2262 488 ¹

511 502 574 540 20.
611 499 814 542 Panacaea
842 495 1145 548 Mercurialis,
1175 499 1294 556 cujus
1317 492 1429 539 dofis
1459 493 1483 539 εὶ
1514 496 1661 556 granis
1686 512 1757 539 xv.
1789 494 1843 539 ad
1862 512 1960 539 xxx.
1983 512 2080 557 quae
2111 494 2265 541 alvum

439 558 625 622 quidem
667 578 756 606 non
799 559 1036 612 subducit,
1074 558 1106 605 fi
1136 560 1220 606 rite
1262 574 1500 624 praeparata
1525 557 1605 612 fit,
1643 557 1716 604 sed
1754 559 1942 623 repetita
1978 557 2262 623 ptyalismum

440 623 620 671 excitat.
1520 642 1524 646 ’

518 696 572 749 3⁰.
608 686 808 750 AEthiops
835 686 1060 733 mineralis
1089 686 1283 750 vulgaris
1310 704 1411 732 cum
1439 684 1602 731 sulfure
1627 686 1858 732 communi
1882 687 1989 733 tritu
2007 721 2020 740 ,
2047 687 2120 734 seu
2139 686 2265 750 quod

442 755 607 818 praestat
626 785 638 803 ,
665 751 769 813 igne
794 768 979 815 paratus.
1009 750 1135 797 Dofis
1168 754 1226 798 est
1263 750 1287 796 a
1318 750 1464 814 granis
1498 768 1571 797 xv.
1602 750 1658 796 ad
1687 768 1786 796 xxx.
1822 768 1914 797 non
1947 767 2134 815 purgat,
2170 749 2271 796 imo

441 834 587 879 neque
619 815 924 862 salivationem
957 816 1091 862 ullam
1126 816 1390 880 plerumque
1421 815 1539 866 ciet,
1571 814 1809 878 praesertim
1836 815 1865 860 si
1894 815 1985 861 solo
2015 817 2123 862 tri'tu
2153 833 2267 862 con-

443 882 581 928 fedius
608 879 766 932 fuerit,
798 881 1012 944 quoniam
1037 880 1317 926 mercuriales
1344 879 1482 926 atomi
1509 894 1613 924 tunc
1639 879 1753 924 male
1780 879 1992 943 colligatae
2029 878 2271 926 ventriculi

441 945 590 991 calore
622 946 669 989 in
700 960 842 1007 guttas
866 946 996 991 facile
1025 961 1188 991 coeunt
1204 979 1215 997 ,
1237 963 1331 1008 quae
1354 960 1449 990 tum
1470 943 1589 990 mole
1617 960 1711 989 tum
1744 945 1962 1007 gravitate
1983 944 2047 990 'ab
2068 944 2263 1008 ingressu

438 1008 486 1054 in
506 1027 638 1055 venas
660 1010 815 1055 laete—as
833 1010 1149 1056 excluduntur.

503 1083 570 1131 40.
604 1073 831 1138 AEthiopes
862 1075 937 1120 alii
966 1076 1197 1121 minerales
1227 1090 1415 1119 numero
1452 1072 1613 1125 multi,
1644 1072 1720 1135 qui
1746 1087 1955 1136 parantur
1976 1073 1999 1118 ὲ
2031 1074 2266 1122 Mercurio

438 1136 602 1184 iterato
647 1138 753 1184 tritu
778 1157 879 1185 cum
906 1139 1143 1204 pinguibus
1161 1172 1173 1191 ,
1202 1137 1394 1184 refinofis
1429 1154 1502 1182 aut
1530 1136 1765 1201 gummosis
1792 1137 2129 1201 quibuscunque
2160 1157 2266 1185 cor-

439 1203 623 1266 poribus
646 1202 822 1250 subacto
844 1209 889 1249 δέ
908 1206 1117 1250 εκῑὶῃὲὶο.
1149 1203 1303 1249 Solent
1328 1203 1393 1247 illi
1417 1202 1645 1266 Aithiopes
1668 1220 1748 1266 pro
1769 1201 1941 1248 diversi
1961 1203 2103 1249 additi
2122 1221 2267 1250 reme-

440 1268 506 1312 dii
533 1266 741 1314 facultate
767 1268 949 1314 diverfis
973 1269 1121 1315 notari
1155 1267 1411 1313 nominibus
1431 1285 1522 1313 non
1543 1265 1631 1312 fine
1660 1267 1965 1313 ostentationis
1988 1266 2234 1331 suspicione
2251 1301 2267 1322 ,

440 1331 559 1377 verbi
577 1329 719 1396 gratici
747 1337 956 1379 Mercurii
981 1335 1185 1393 alkalisati
1206 1371 1216 1385 ‚
1250 1331 1279 1376 sl
1313 1350 1412 1377 cum
1432 1331 1672 1394 pulveratis
1699 1333 1938 1377 ostrearum
1970 1333 2112 1384 testis3
2135 1337 2267 1378 Mer-2·

440 1400 547 1441 curii
566 1397 867 1460 anti-phthist'ci
886 1437 900 1451 ,
924 1397 953 1442 fi
987 1415 1087 1443 cum
1119 1396 1314 1443 balsamo
1336 1396 1583 1442 Peruviano
1611 1394 1724 1440 ficco
1756 1413 1767 1447 ·,
1802 1400 2019 1442 Mercurii
2048 1398 2266 1455 anti-scor-

439 1459 566 1504 butici
582 1498 596 1512 ‚
613 1459 642 1504 fi
661 1478 760 1506 curn
780 1478 1004 1523 gummate
1023 1461 1267 1508 Guaiacino
1284 1479 1295 1513 ·‚
1318 1464 1531 1507 Mercurii
1548 1464 1646 1505 vivi
1666 1462 1792 1505 dulcis
1811 1497 1825 1512 ,
1844 1458 1874 1503 sl
1900 1478 2002 1505 cum
2021 1460 2182 1505 manna
2200 1479 2272 1508 ca-

439 1522 613 1569 labrinzi
633 1543 644 1577 3
670 1529 885 1572 Mercurii
905 1528 1090 1573 diciretici
1109 1566 1123 1580 ,
1150 1527 1177 1570 si
1207 1543 1307 1571 cum
1337 1540 1562 1588 gummate
1587 1524 1840 1588 junipetino
1861 1523 1933 1570 vel
1956 1524 2266 1580 ammoniaco3

440 1593 656 1634 Mercurii
674 1591 891 1636 cathartici
911 1629 925 1644 ,
952 1590 982 1635 fi
1008 1610 1109 1636 cum
1132 1590 1404 1635 scammonio
1425 1604 1498 1634 aut
1519 1587 1655 1634 resina
1674 1587 1850 1652 jalappii
1873 1589 2122 1635 Mercurius
2151 1589 2269 1637 subi-

440 1667 567 1714 gatur
585 1658 671 1698 &c-
693 1654 780 1699 Sed
798 1654 1012 1702 horumce
1030 1655 1303 1718 singulorum
1322 1652 1556 1700 efficacitas
1576 1652 1791 1717 opinione
1811 1652 2069 1717 plerumque
2088 1654 2238 1701 minor
2252 1688 2270 1708 ,

439 1715 562 1778 quod
594 1719 878 1765 mercuriales
912 1721 1050 1766 atomi
1087 1720 1183 1765 laxe
1212 1719 1415 1764 coercitae
1449 1716 1605 1781 sponte
1640 1717 1908 1763 reviviscant
1934 1718 1981 1763 in
2015 1719 2268 1766 ventriculo

439 1780 485 1826 in
507 1786 696 1843 majores
720 1799 864 1845 guttas
883 1818 896 1836 ,
917 1803 1106 1847 quarum
1120 1801 1262 1848 pauca:
1279 1817 1292 1835 ,
1322 1783 1415 1828 imo
1438 1780 1588 1828 forsan
1606 1781 1734 1826 nullae
1764 1780 2022 1845 sanguinem
2061 1782 2268 1830 subeunt.

513 1853 574 1905 50.
609 1848 861 1894 Mercurius
895 1849 1118 1895 violaceus
1156 1848 1228 1894 seu
1269 1846 1519 1893 Mercurius
1561 1861 1653 1892 arte
1687 1845 1945 1893 sublimatus
1971 1865 2023 1894 ex
2055 1848 2268 1913 AEthiope

440 1908 647 1956 minerali
671 1911 775 1971 igne
795 1929 1034 1977 praeparato
1056 1919 1101 1959 Sc
1121 1930 1221 1957 cum
1245 1912 1399 1974 aequali
1429 1911 1524 1956 salis
1552 1911 1817 1956 ammoniaci
1849 1928 1972 1975 parte
2005 1914 2269 1959 commixto,

440 1976 585 2034 Hujus
618 1975 729 2021 dosis
762 1976 786 2021 a
824 1994 886 2040 gr.
923 1996 992 2024 xx.
1021 1978 1077 2023 ad
1106 1995 1205 2022 xxx.
1240 1976 1446 2022 Blandior
1475 1976 1561 2027 est,
1588 1991 1630 2021 at
1660 1976 1772 2023 vero
1804 1974 1927 2021 simul
1957 1980 2268 2040 penetrantior

443 2038 655 2100 AEthiope
677 2041 895 2087 minerali.

505 2110 569 2147 60.
610 2105 863 2151 Mercurius
902 2105 1195 2169 praecipitatus
1229 2104 1351 2151 albus
1385 2122 1437 2151 ex
1470 2103 1702 2151 Mercurio
1731 2103 1841 2166 aqui
1870 2098 1980 2149 forti
2010 2104 2080 2151 vel
2112 2105 2267 2168 spiritu

442 2164 550 2212 nitri
577 2166 721 2214 soluto
737 2174 794 2215 δέ·
811 2170 944 2215 affusa
975 2162 1115 2216 muria
1135 2170 1408 2234 praecipitato
1423 2185 1596 2232 paratus
1614 2202 1626 2221 ‚
1657 2168 1894 2231 tepidaque
1916 2169 2083 2233 optime
2107 2170 2268 2216 elotus.

439 2232 650 2277 Remedii
679 2234 861 2297 quidem
889 2252 1024 2297 genus
1047 2240 1092 2280 ἃ
1112 2235 1264 2281 efficax
1287 2240 1330 2280 &
1351 2233 1450 2279 satis
1471 2249 1614 2279 tutum
1630 2267 1642 2285 ,
1669 2233 1792 2295 quod
1821 2231 1851 2276 fi
1879 2250 1981 2278 cum
2014 2234 2265 2298 quadruplo

440 2294 634 2342 sacchari
655 2298 991 2344 commisceatur
1022 2305 1065 2345 &
1096 2300 1151 2345 ad
1176 2299 1313 2346 dofim
1336 2303 1394 2360 vj.
1427 2299 1487 2343 ix.
1518 2298 1587 2344 vel
1619 2298 1692 2359 xij.
1726 2314 1970 2359 granorum
2005 2298 2262 2362 praescriba-

441 2374 513 2404 tur
534 2393 547 2411 ,
567 2360 714 2407 alvum
733 2362 938 2409 subducit
957 2398 968 2416 ‚
1000 2369 1045 2409 δε
1066 2364 1327 2428 plerumque
1347 2362 1749 2428 vomitum-blande
1766 2378 1931 2407 movet.

505 2433 571 2480 70.
602 2426 776 2472 Ptisana
791 2427 1024 2474 sudorifica
1047 2429 1240 2492 vulgaris
1264 2445 1314 2475 ex
1341 2428 1532 2474 decoctis
1552 2427 1748 2472 Guaiaco
1769 2461 1781 2478 ,
1801 2425 2096 2490 Salsa-patilla
2113 2461 2126 2479 ‚
2146 2426 2263 2473 Chi-

440 2487 497 2533 nz‘i
525 2495 610 2535 &c.
636 2509 873 2555 praeparata
891 2526 903 2544 ,
932 2499 977 2538 δε
1001 2493 1143 2539 soluto
1165 2494 1398 2539 Mercurio
1415 2492 1650 2537 sublimato
1681 2491 1800 2537 dulci
1827 2491 1897 2536 vel
1918 2491 2115 2554 panacaefi
2134 2494 2264 2538 Met-

440 2554 598 2600 curiali
624 2555 809 2602 saturata
835 2557 889 2602 ad
914 2573 1108 2620 optatam
1135 2557 1287 2603 dosim.
1322 2555 1600 2620 Experientizi
1627 2556 1747 2601 enim
1775 2571 2050 2619 compertum
2071 2557 2129 2601 est
2155 2574 2265 2618 prae-

438 2634 590 2679 parata
609 2621 892 2666 Mercurialia
912 2621 1154 2669 istiusmodi
1173 2656 1185 2675 ‚
1210 2622 1256 2666 in
1277 2620 1443 2684 ptisana
1461 2619 1713 2682 caeterisque
1736 2620 1919 2682 liquidis
1954 2620 2103 2681 aqueis
2131 2619 2262 2665 ebul-

436 2680 596 2728 litione
620 2700 673 2729 ex
700 2699 798 2729 toto
822 2684 998 2731 dissolvi
1018 2702 1173 2732 contra
1204 2687 1433 2748 vulgarem
1458 2685 1719 2748 opinionem
1738 2717 1751 2735 ,
1784 2683 1814 2728 fi
1838 2683 1963 2745 quod
1990 2682 2134 2747 prima
2159 2684 2259 2736 vice

437 2744 744 2792 indiffolutum
764 2747 951 2812 superest
970 2783 982 2801 ,
1000 2751 1210 2813 quodque
1244 2751 1349 2795 duas
1380 2749 1530 2794 tertias
1549 2765 1688 2811 partes
1710 2748 1843 2793 totius
1862 2748 1910 2792 in
1926 2745 2261 2811 summffaequat,

437 2809 602 2856 iterum
625 2811 876 2876 iterumque
899 2811 1027 2878 supra
1053 2814 1348 2879 porphyriten
1370 2813 1626 2876 laevigetur,
1651 2830 1699 2857 ac
1727 2811 1961 2859 ebullienti
1982 2811 2148 2875 liquori
2177 2813 2262 2859 ite-

437 2873 538 2924 rum
560 2875 810 2939 iterumque
840 2877 1114 2924 infundatur.
2235 2883 2256 2903 ‘

504 2945 568 2986 8⁰.
604 2940 777 2987 Solutio
799 2943 1014 2988 Mercurii
1047 2961 1123 3007 per
1153 2941 1399 3006 deliquium
1424 2957 1572 3005 parata
1605 2940 1831 2987 mediante
1860 2939 2031 2986 tantum
2059 2938 2143 2985 sale
2167 2957 2261 2989 am-

439 3003 647 3048 moniaco
667 3038 679 3056 ‚
720 3011 765 3051 ὃς
805 3024 923 3069 aqua:
958 3007 1086 3053 instat
1126 3007 1346 3071 pellucida
1374 3038 1386 3057 ‚
1426 3010 1546 3067 cujus
1574 3004 1792 3069 processus
1819 3003 2111 3069 explicabitur
2142 3004 2262 3050 infra.

439 3067 537 3112 Lib.
560 3087 601 3124 4.
636 3083 727 3131 cap.
755 3073 906 3117 ultimo.
940 3073 1082 3118 Potest
1115 3072 1212 3116 mro
1243 3070 1426 3134 quidem
1459 3087 1510 3116 ea
1540 3069 1702 3116 solutio
1734 3087 1812 3115 ore
1844 3068 2072 3119 exhiberi,
2101 3083 2148 3113 ut
2186 3069 2258 3114 cui

441 3130 552 3177 nihil
580 3133 766 3179 omnino
794 3134 894 3181 infit
919 3169 933 3190 ,
975 3135 1097 3201 quod
1124 3134 1334 3182 facultate
1362 3168 1376 3187 2
1419 3134 1586 3181 nedum
1615 3132 1866 3185 corrosiva,
1895 3131 1973 3179 sed
1999 3149 2055 3179 ne
2088 3132 2263 3179 acriore.-

2071 3196 2259 3259 quidem.
