2477 3643
726 92 1667 142 L1nzn111.CA1³ur11.
1954 96 2053 155 '183'

225 189 331 223 men
362 171 452 218 fine
484 168 715 216 manifesto
751 187 1026 218 nocumento
1055 169 1259 236 quotidie
1290 170 1494 217 adhiberi
1513 187 1603 216 non
1621 169 1824 234 poffunt,
1859 173 1904 216 ὃς
1924 172 2050 235 quod

225 237 343 285 foret
363 235 563 302 profesto
583 235 881 283 miserrimum
902 237 998 283 vitae
1030 254 1165 299 genus
1183 270 1195 288 ‚
1213 235 1261 280 in
1279 253 1369 299 quo
1390 235 1603 283 videlicet
1633 253 1691 282 ne
1718 236 1947 298 aegrotatio
1981 236 2051 285 se·-

228 302 317 350 mel
344 301 593 352 incideret,
623 301 839 346 continuo
859 302 1163 364 aegrotandum
1189 299 1310 346 esset.

286 374 354 424 40.
390 365 519 412 Adde
538 365 738 411 futurum
757 365 842 412 esse
862 383 909 411 ut
930 384 1088 430 corpus
1107 371 1150 412 &
1170 365 1381 412 humores
1398 397 1410 417 ,
1431 364 1508 427 qui
1527 362 1709 428 corpori
1726 362 1874 408 insunt
1890 396 1902 414 ‚
1922 365 2048 412 Mer-

224 430 464 477 curialibus
483 429 638 476 sensim
665 427 951 477 assuescerent
973 450 984 484 3
1007 447 1136 495 atque
1162 429 1275 477 adeo
1302 446 1349 476 ut
1376 429 1609 493 purgantia
1631 434 1677 474 &
1700 427 1925 473 narcotica
1954 427 2048 475 fre-

222 494 429 559 quentius
449 494 648 541 exhibita
674 493 878 541 effestum
907 514 999 541 non
1021 497 1216 560 praestant
1236 493 1313 540 nisi
1331 493 1455 539 auditi
1475 493 1568 540 dosi
1584 527 1597 546 ,
1621 492 1673 538 sic
1697 499 1740 539 δέ
1759 492 2047 555 Mercurialia

225 577 407 623 quoque
426 560 580 605 frustrzi
599 559 699 605 fore
716 594 728 612 ,
754 559 832 605 nisi
851 560 944 606 dofi
962 561 1008 605 in
1028 560 1120 606 dies
1140 559 1298 621 majori
1312 577 1360 604 ac
1388 559 1545 619 majori
1562 557 1880 604 exhiberentur
1897 590 1910 609 ,
1928 558 2050 605 unde

226 622 398 670 neceffe
417 623 616 670 futurum
637 624 685 669 sit
704 641 751 670 ut
772 643 826 671 ne
857 624 1036 689 quando
1071 625 1196 670 brevi
1226 623 1439 688 temporis
1469 623 1606 688 spatio
1632 628 1677 669 δε
1697 621 2048 676 ἀοίἶπιοάειτιῑὸ.

225 690 515 735 Mercurialia
534 688 684 735 forsan
711 688 846 736 ess'ent
875 689 1129 735 adhibenda
1147 723 1159 741 ,
1180 687 1336 736 iisdem
1372 704 1467 734 toto
1501 688 1598 733 vitae
1630 687 1759 733 cursu
1785 687 1849 733 uti
1878 686 2050 734 necesse

225 751 332 799 esset
359 759 404 800 δε
434 753 524 800 dofi
545 755 727 817 quidem
757 754 946 799 maxim&
962 788 974 806 ,
996 754 1082 799 hoc
1103 755 1160 799 est
1180 770 1226 799 ut
1255 754 1461 815 exiguum
1480 787 1492 805 ‚
1514 752 1685 804 breve,
1711 753 1932 798 incertum
1953 769 2050 797 ma-

230 818 323 864 lum
345 819 644 865 declinaretur
664 852 675 871 ,
705 818 792 866 sese
814 818 1013 882 praesenti
1033 823 1078 863 δέ
1096 819 1289 863 maximo
1313 817 1564 863 infortunio
1588 820 1773 863 maritare
1792 815 2013 880 quotidie.

292 891 356 944 50.
391 885 517 941 Quin
533 885 625 930 imo
644 901 789 947 neque
815 899 961 930 tamen
985 883 1093 929 inde
1110 917 1121 935 ,
1144 882 1500 946 quanticumque
1520 881 1752 944 diligenti&
1773 882 1925 926 omnia
1943 898 2053 944 prae-

228 949 400 994 munita
418 949 705 1000 viderentur,
728 948 824 994 satis
848 963 966 994 certa
981 966 1175 1011 unquam
1193 946 1342 993 futura
1358 947 1462 1000 esset
1479 946 1774 1011 prophylaxis.
1792 945 1908 992 Cum
1929 946 2051 992 enim

228 1027 319 1058 tam
335 1014 472 1059 multa
487 1014 583 1059 loca
597 1013 718 1058 simul
735 1012 976 1059 munienda
992 1012 1126 1059 effent
1142 1045 1152 1064 ‚
1171 1011 1416 1076 periculum
1436 1011 1693 1057 immineret
1714 1045 1726 1063 ,
1750 1028 1806 1057 ne
1826 1027 2052 1057 venenum

229 1094 470 1123 venereum
512 1079 638 1142 copi&
674 1078 745 1124 vel
780 1077 1022 1123 acrimonia
1054 1075 1400 1141 praetermodum
1428 1076 1701 1122 invalescens
1733 1075 1898 1140 impete
1930 1073 2049 1121 fafito

229 1142 321 1187 vim
339 1142 710 1205 aliqud-fariiurum
733 1141 865 1187 foret.
910 1142 980 1188 Sic
996 1143 1259 1206 plerumque
1279 1139 1423 1186 solent
1440 1174 1453 1193 ,
1476 1156 1523 1186 ut
1539 1140 1744 1202 exemplo
1764 1158 1855 1186 rem
1881 1137 2009 1204 patef
2031 1167 2054 1176 -

228 1206 344 1251 ciam
363 1241 375 1259 ,
396 1209 666 1271 quicumque
687 1206 854 1252 adstant
873 1206 1198 1270 propugnando
1218 1206 1336 1251 vallo
1356 1238 1368 1256 ‚
1394 1205 1518 1268 quod
1536 1204 1712 1268 longuis
1743 1206 2055 1269 exporrestum

228 1272 287 1317 est
308 1304 320 1323 ,
342 1271 396 1316 ab
417 1272 611 1318 hostibus
644 1270 672 1316 s1
703 1272 842 1319 denso
864 1272 1038 1333 agmine
1058 1272 1288 1316 incurrant
1308 1304 1320 1322 ‚
1354 1269 1571 1334 prosterni
1602 1275 1645 1315 ὃς
1676 1268 1899 1333 superari,
1932 1269 2058 1331 quod.

227 1335 275 1382 in
306 1336 428 1398 plura
455 1336 553 1384 loca
582 1335 760 1401 dispersi
795 1341 840 1382 δέ
861 1335 1082 1383 distributi
1103 1335 1295 1382 colledtae
1329 1351 1480 1380 turmae
1501 1352 1626 1399 pares
1657 1333 1824 1397 ubique
1853 1333 1937 1380 esse
1962 1350 2058 1380 non

227 1399 400 1463 poffint.
815 1411 818 1414 ⁴

287 1473 350 1510 6⁰.
386 1468 448 1510 Ex
468 1464 534 1510 his
555 1463 705 1528 itaque
724 1464 1029 1528 colligendum
1046 1466 1105 1512 est
1135 1463 1364 1512 alexiteria
1380 1496 1391 1514 ‚
1420 1480 1516 1526 quae
1540 1463 1564 1508 ὲ
1586 1461 1855 1526 gonorrhoea'i
1878 1496 1890 1515 ‚
1931 1478 2060 1510 caete-

230 1528 378 1593 risque
405 1529 574 1575 morbis
606 1531 804 1576 venereis
834 1531 1079 1577 incolumes
1100 1531 1296 1594 praestent
1327 1526 1417 1582 fine
1451 1528 1752 1579 detrimento,
1783 1527 1904 1573 nulla
1930 1527 2058 1581 dari,

229 1610 377 1646 certa,
406 1610 528 1646 tuta,
555 1592 751 1640 efficacia
792 1613 801 1640 ε
844 1596 889 1641 Si
919 1614 1006 1658 qua
1034 1595 1243 1640 darentur
1260 1628 1273 1646 ,
1300 1592 1461 1638 morbo
1488 1592 1583 1656 ipso
1608 1592 1680 1638 vel
1713 1591 1865 1639 saltem
1896 1592 2060 1639 incerti

233 1659 384 1704 morbi
414 1658 613 1723 periculo
632 1664 784 1723 pejora
801 1657 885 1705 esse
906 1677 918 1712 ·‚
940 1677 1084 1722 neque
1113 1659 1225 1705 adeb
1250 1657 1302 1703 ab
1323 1657 1414 1703 ullo
1434 1691 1446 1709 ‚
1465 1658 1542 1720 qui
1569 1656 1795 1702 consultor
1824 1656 2061 1720 providus-

231 1741 322 1786 que
349 1723 396 1768 sit
424 1723 664 1770 utilitatum
692 1729 738 1769 ὃς
769 1725 1157 1787 opportunitatum
1189 1723 1364 1768 suarum
1397 1739 1594 1784 unquam
1614 1721 1871 1767 adhibenda
1892 1722 2061 1767 :Unde

231 1787 397 1834 'fadum
417 1804 463 1835 ut
482 1788 618 1834 lintea
647 1788 723 1834 illa
750 1790 1057 1835 anti-venerea
1078 1788 1102 1832 ὂ.
1122 1787 1331 1833 Gabriele
1350 1786 1545 1850 Fallopio
1575 1802 1666 1832 tam
1686 1786 1884 1850 impense
1904 1786 2061 1832 lauda-

235 1869 308 1906 ta,
334 1850 584 1916 suffumigia
615 1853 901 1899 Mei-curialia
929 1853 952 1898 εὶ
979 1856 1111 1899 Petro
1141 1852 1315 1915 Angelo
1347 1851 1526 1913 Agatho
1554 1850 1738 1914 probata
1756 1884 1768 1902 ,
1800 1851 2065 1910 injectiones

234 1920 285 1963 in
313 1918 537 1964 urethram
566 1916 714 1963 similis
746 1917 924 1964 virtutis
952 1918 976 1962 εὶ
1008 1917 1175 1963 Carolo
1199 1915 1421 1963 Musitano
1440 1949 1452 1968 ‚
1476 1921 1522 1961 &
1551 1915 1794 1962 Guillelmo
1814 1913 2065 1962 Cokburne

235 1981 466 2047 propositae
488 2017 501 2035 ,
532 2000 622 2029 uno
656 1982 799 2029 verbo
832 1982 1162 2047 prophylac'tica
1188 1982 1340 2029 omnia
1368 1980 1567 2027 remedia
1585 2013 1598 2032 ‚
1626 1979 1656 2024 fi
1690 1998 1778 2043 qua
1808 1998 2002 2043 unquam
2037 1981 2063 2026 ὲ

231 2047 429 2093 credulis
450 2048 496 2092 in
519 2047 641 2093 usum
670 2063 829 2093 vocata
859 2046 1026 2094 fuerint
1060 2082 1073 2100 ,
1099 2052 1187 2110 jam
1224 2046 1401 2112 pridem
1430 2045 1478 2090 in
1497 2043 1837 2092 desuetudinem
1869 2045 2063 2092 abierint

232 2131 322 2160 teu
339 2112 500 2158 nullius
519 2109 737 2158 efficaciae.

304 2185 370 2235 70.
406 2177 602 2224 Proinde
631 2195 716 2223 una
747 2178 917 2223 tantum
940 2178 1000 2223 est
1028 2175 1106 2221 fibi
1134 2174 1324 2222 cavendi
1360 2173 1501 2226 ratio,
1530 2190 1625 2236 quae
1653 2189 1771 2221 certa
1796 2173 1872 2226 sit,
1901 2191 2066 2239 nempe

238 2257 288 2287 ut
314 2243 404 2288 vita
424 2244 533 2287 casta
552 2241 601 2286 fit
620 2275 631 2293 ‚
654 2258 903 2306 temperans
922 2276 934 2293 ‚
962 2241 1015 2286 ab
1037 2241 1210 2303 impurzi
1231 2275 1243 2293 ,
1268 2238 1459 2303 suspeCh‘i
1479 2272 1491 2290 ,
1515 2239 1754 2303 vulgivagd
1780 2256 1946 2285 venere
1966 2238 2064 2284 abs-

242 2307 388 2353 tinens
402 2325 414 2351 ι
429 2306 567 2364 Quod
585 2305 615 2350 si
631 2306 738 2353 verb
758 2306 1008 2353 malesuada
1033 2305 1176 2352 libido
1197 2304 1476 2350 scortationis
1505 2304 1696 2367 pericula
1715 2303 1839 2350 adire
1867 2303 2036 2364 jufferit
2053 2335 2070 2356 ,

243 2371 378 2417 dubia
395 2405 406 2422 ‚
428 2372 597 2418 incerta
612 2404 624 2423 ‚
643 2369 936 2417 formidolosa
951 2371 1101 2415 omnia
1113 2370 1283 2434 semper
1299 2367 1449 2414 futura
1465 2367 1564 2414 sunt
1578 2403 1591 2422 ,
1614 2368 1732 2414 unde
1753 2367 1966 2415 emersuri
1983 2367 2066 2414 sint

244 2435 483 2500 paucissimi
503 2469 516 2487 ,
534 2435 891 2498 quantcicumque
911 2435 1137 2481 celeritate
1157 2452 1265 2499 opus
1290 2433 1531 2479 conficiant
1552 2467 1566 2486 ,
1592 2450 1640 2480 ut
1666 2432 1753 2479 sese
1780 2433 1979 2497 periculo
2000 2434 2068 2478 ci-

245 2499 330 2546 tius
376 2499 631 2545 subtrahant
665 2518 676 2552 3
712 2492 1066 2563 quaritficumque
1097 2498 1333 2562 diligenti&
1374 2497 1578 2544 confecto
1618 2515 1756 2561 opere
1804 2497 1951 2542 virilia
1993 2497 2067 2544 vel

244 2564 483 2612 muliebria
502 2563 611 2627 aquai
634 2563 781 2628 tepidzi
801 2565 870 2611 vel
890 2565 1017 2610 urin&
1037 2563 1110 2610 suzi
1137 2565 1286 2610 eluant
1304 2597 1317 2616 ‚
1352 2568 1395 2609 δε
1417 2562 1472 2608 ab
1508 2563 1682 2628 aspersis
1703 2561 1906 2608 sordibus
1937 2580 2068 2608 mun-

247 2628 357 2677 dent
376 2662 388 2682 ‚
406 2645 453 2674 ut
469 2629 582 2676 nulli
602 2628 674 2675 vel
700 2647 838 2693 pauco
859 2629 1070 2692 contagio
1091 2645 1278 2692 pateant.

310 2694 461 2740 Audio
493 2694 517 2739 εὶ
549 2693 846 2758 perditissimis
875 2693 1185 2757 ganeonibus,
1213 2693 1290 2756 qui
1326 2690 1604 2739 meretricios
1638 2708 1810 2737 amores
1845 2689 2070 2738 effraenat&

249 2759 464 2805 sectantur
481 2792 494 2811 ,
525 2757 729 2804 adhiberi
768 2764 852 2817 (a)
891 2777 1031 2823 nuper
1050 2759 1097 2804 in
1118 2757 1280 2821 Angli&
1309 2756 1533 2802 folliculos
1558 2756 1580 2802 ὲ
1605 2757 1727 2802 tenui
1748 2761 1792 2800 δέ
1813 2755 2071 2801 inconsutili

248 2822 455 2887 pellicula}
474 2823 520 2866 in
540 2824 706 2885 vaginae
739 2822 930 2868 sormam
953 2823 1160 2869 confistos
1180 2856 1192 2874 ‚
1223 2829 1268 2867 &
1302 2822 1489 2884 Anglice
1512 2821 1695 2866 condam
1717 2819 1852 2864 ἀίἃος
1868 2853 1880 2871 ,
1910 2819 2072 2881 quibus

251 2883 524 2949 congressuri
549 2887 814 2932 obvolutum
836 2904 991 2949 penem
1014 2887 1205 2932 loricant
1224 2920 1236 2937 ‚
1255 2902 1302 2931 ut
1332 2886 1355 2930 ἃ
1385 2883 1589 2949 periculis
1616 2900 1770 2946 pugnae
1794 2882 1965 2946 semper
1986 2883 2073 2929 du-

250 2951 333 2997 biae
356 2967 471 2996 tutos
492 2949 535 2996 se
555 2952 767 3014 praestent.
798 2955 1043 2995 Autumant
1074 2949 1239 2995 scilicet
1260 2950 1320 2994 ita
1339 2949 1638 3012 cataphraaestos
1661 2946 1876 3010 hastisque
1895 2965 1950 2995 eo
1972 2965 2073 2994 mo-

247 3016 314 3063 do
341 3015 548 3079 clypeatis
578 3014 620 3061 se
651 3014 891 3077 vulgivagae
917 3014 1089 3060 veneris
1108 3013 1364 3059 discrimina
1385 3013 1528 3059 subire
1544 3012 1725 3076 impune
1749 3010 1882 3076 poffe,

317 3080 407 3127 Sed
430 3096 579 3126 errant
598 3079 781 3143 quidem
800 3079 1006 3124 maxime.
1038 3079 1216 3125 Etenim
1260 3088 1320 3124 10.
1346 3078 1465 3125 Perit
1485 3094 1621 3142 opera
1639 3093 1692 3123 ex
1714 3093 1809 3126 toto
1827 3076 1858 3124 si
1881 3074 2072 3127 folliculi

311 3166 325 3212 ί
342 3177 364 3203 a
385 3165 395 3212 )
424 3160 552 3202 Daniel
569 3164 724 3202 Tutuer.
742 3161 968 3214 Differtatim
983 3175 1024 3200 on
1041 3162 1096 3201 the
1112 3163 1277 3201 venereal
1297 3160 1447 3215 Disease.
1467 3173 1549 3215 pag.
1578 3174 1595 3200 1
1607 3176 1627 3201 o
1639 3174 1675 3214 7:
