2477 3643
398 158 424 190 2
766 141 877 189 DE
942 140 1321 193 MORBIS
1389 140 1900 192 VENEREIS·

359 218 361 221 ’
389 220 555 287 punire
577 220 810 288 quondam
843 219 1052 270 debuerit
1070 254 1086 275 ,
1119 219 1196 270 sed
1220 219 1367 269 utrum
1391 219 1623 286 quondam
1643 220 1845 287 punierit
1870 221 2101 288 inquirere
2125 234 2251 292 ‘opus'
2280 228 2310 264 ‘f

390 288 463 334 est.
2236 302 2239 306 ’

139 358 254 397 Luem
278 367 341 395 ve·
445 351 634 399 Pofitam
652 350 730 397 sub
749 368 805 398 eo
828 350 1066 416 conspeetu
1081 350 1364 415 quaestionem
1386 349 1604 398 dirimere
1624 348 1757 398 facile
1775 353 1836 399 est
1851 369 1948 401 non
1969 353 2236 415 conjeisturis

112 422 257 467 nerea-m
281 419 342 446 ¹³⁶⁶
389 431 464 463 aut
498 417 676 463 indiciis
709 417 844 480 longe
875 416 1092 481 quaefitis‚
1120 416 1198 463 sed
1228 433 1280 462 ex
1313 414 1594 463 historiarum
1621 415 1742 469 fide,
1774 417 1861 480 qua
1892 416 2233 467 manifestiffime
2291 422 2295 436 ³

108 465 344 551 {5521ssOE
387 482 560 546 liquere
593 482 863 528 arbitramur
883 499 1125 529 veneream
1157 481 1276 527 luem
1309 481 1469 528 Graecis
1491 479 1797 543 Romanisque
1821 499 1905 528 nec
1934 501 1982 528 re
2001 515 2014 534 ,
2036 501 2119 530 nec
2144 501 2233 529 no·-

111 566 200 601 oiim
215 564 341 616 cogni·
387 551 510 593 mine
537 564 732 611 unquam
751 546 987 595 innotuisse
1001 581 1015 601 ,
1036 545 1113 595 sed
1133 546 1188 592 ab
1206 545 1401 610 utrisque
1419 546 1664 612 pleniffime
1691 550 1737 594 δέ
1761 545 2068 611 perfeffiffime
2094 549 2235 612 igno-¹

112 629 188 653 tam
215 616 317 655 fuiss'e
386 629 529 659 ratam
549 609 691 659 fuisle.
1333 632 1336 635 ’
2194 610 2197 611 ⁷

108 669 314 721 prqbatur:
445 681 590 724 Porro
610 692 760 723 tamen
780 676 900 723 haud
923 694 1097 740 aequum
1117 675 1239 723 foret
1258 676 1282 722 a
1300 675 1431 724 nobis·
1453 710 1465 730 ,
1487 676 1567 740 qui
1597 674 1860 738 negantium
1890 692 2034 741 partes
2057 679 2239 727 sustine--

385 760 483 789 mus
497 777 510 795 ,
553 758 814 805 argumenta
837 741 1102 788 affirmantia
1117 775 1131 795 ‚
1171 756 1244 788 aut
1273 742 1524 788 testimonia
1545 740 1709 787 diserta
1730 741 1878 804 expeti
1897 776 1910 794 ,
1947 760 2041 806 qua:
2061 743 2233 792 nodum

385 808 537 873 aperte
563 807 763 854 resecent
777 841 789 859 ‚
811 812 860 853 δε
885 824 1125 854 veneream
1143 807 1264 854 luem
1286 806 1526 854 Veteribus
1552 806 1754 868 ignotam
1773 805 1898 852 fuisse
1914 806 2082 855 direste
2102 827 2232 856 com-

383 873 594 937 probent.
630 870 802 919 Sufficit
830 871 1095 936 negantibus
1123 872 1394 925 rationibus,
1417 890 1523 935 quas
1547 871 1656 917 solas
1682 869 1770 917 fert
1797 872 2043 934 quaestionis
2063 874 2228 920 condi·
2283 899 2290 903 „

383 938 448 984 rio
463 972 475 990 ,
497 956 591 984 rem
613 938 788 990 evinci,
810 954 858 984 ut
878 956 958 983 nos
980 939 1244 1001 praestituros
1265 935 1350 983 effe
1370 937 1635 984 confidimus
1671 936 1957 999 sequentibus
1973 971 1987 990 ‚
2015 957 2108 1003 quae
2127 938 2230 987 sane

218 1060 225 1067 υ
302 1059 311 1068 υ
381 1002 686 1067 Ροῐειι;ἱίῖῑιῃῡε
710 1008 757 1049 &
774 1004 901 1049 omni
918 1004 1184 1067 exceptione
1205 1006 1393 1064 majores
1415 1000 1499 1049 effe
1519 1001 1746 1048 videntur.

109 1061 161 1100 H·
190 1061 337 1118 suenno
443 1073 588 1114 Prima
614 1069 779 1133 petitur
799 1068 822 1113 τὶ
842 1067 1015 1114 silentio
1039 1068 1352 1119 Medicorum,
1375 1069 1454 1131 q'ui
1480 1067 1534 1113 ab
1562 1066 1850 1131 Hippocratis
1875 1084 1970 1113 aevo
1988 1101 2000 1120 ‚
2021 1068 2108 1114 hoc
2125 1069 2184 1114 est
2203 1068 2230 1115 εὶ

108 1113 340 1207 {ffiffigffium
381 1133 537 1198 primis
558 1133 798 1179 Medicinae
823 1132 1105 1179 incunabulis
1142 1133 1261 1197 apud
1294 1137 1470 1179 Graecos
1502 1132 1818 1194 Romanosque
1851 1132 2074 1185 floruere,
2108 1138 2154 1179 &
2183 1133 2231 1181 in

127 1209 134 1212 ’
274 1193 282 1205 ⁰
381 1216 577 1262 quorum
599 1199 781 1261 Scriptis
802 1217 858 1245 ne
881 1198 1071 1245 verbum
1105 1198 1289 1261 quidem
1310 1199 1461 1260 legere
1499 1199 1558 1244 est
1575 1232 1587 1250 ,
1607 1197 1733 1260 quod
1763 1197 1818 1242 ad
1841 1197 1960 1243 luem
1989 1216 2230 1245 veneream

379 1263 508 1328 poffit
529 1263 613 1309 ulla
640 1263 809 1309 ratione
842 1263 1191 1310 accommodari.
1219 1264 1305 1308 Vix
1330 1264 1384 1308 ab
1406 1263 1513 1324 “orta
1544 1267 1664 1324 juxta
1685 1278 1764 1307 nos
1781 1263 1829 1306 in
1851 1263 2027 1327 Europa
2055 1262 2125 1309 lue
2147 1282 2230 1310 ve-

379 1329 516 1374 nerea
550 1344 840 1374 numerantur
871 1328 974 1373 anni
1008 1347 1112 1386 240.
1136 1334 1181 1374 &a
1207 1328 1369 1374 abhinc
1402 1343 1553 1374 tamen
1581 1327 1722 1374 editas
1748 1327 1957 1373 novimus
1986 1327 2098 1375 ultra
2136 1347 2226 1374 200

378 1393 606 1440 Diatribas
628 1393 686 1439 de
713 1392 876 1439 morbo
899 1411 1096 1439 venereo
1115 1393 1217 1439 data
1235 1393 1367 1457 opera
1393 1392 1572 1458 scriptas
1591 1412 1602 1446 3
1633 1392 1853 1455 quinimo
1880 1392 2042 1438 abhinc
2064 1394 2137 1439 vix
2161 1394 2229 1439 ul-

374 1457 474 1504 ·lum
494 1463 619 1523 Opus
650 1460 709 1505 est
728 1458 783 1505 de
803 1459 1033 1505 Medicina
1059 1457 1362 1523 conscriptum
1382 1492 1393 1509 ,
1423 1459 1471 1504 in
1500 1475 1592 1521 quo
1622 1455 1818 1520 expressa
1851 1457 2000 1504 morbi
2031 1457 2230 1519 ejusdem

378 1523 554 1570 mentio
582 1541 674 1571 non
696 1523 923 1570 habeatur.
953 1524 1066 1569 Sane
1090 1540 1179 1569 tam
1199 1523 1424 1569 contraria
1446 1522 1608 1585 agendi
1630 1522 1743 1567 ratio
1773 1522 1951 1568 abunde
1972 1524 2129 1586 probat
2150 1541 2228 1570 ve-

380 1603 496 1634 teres
518 1589 724 1635 Medicos
740 1623 751 1641 ‚
772 1605 964 1652 quorum
986 1589 1256 1653 caeteroquin
1276 1588 1509 1652 diligentia
1527 1602 1756 1651 comperta
1777 1588 1835 1633 est
1850 1588 1896 1632 in
1910 1589 2227 1636 enumerandis

378 1652 559 1716 singulis
597 1670 823 1700 tumorum
869 1653 1096 1718 speciebus
1124 1673 1135 1707 3
1181 1656 1228 1699 in
1271 1652 1591 1716 distinguendis
1632 1653 1702 1698 vel
1735 1652 1956 1698 leviffimis
1991 1653 2228 1701 oculorum

377 1719 550 1764 morbis
570 1737 580 1772 3
597 1737 686 1764 uno
708 1718 850 1765 verbo
879 1719 925 1764 in
954 1719 1228 1783 explicandis
1250 1718 1419 1764 morbis
1445 1717 1654 1763 omnibus
1672 1750 1684 1769 ‚
1708 1734 1819 1779 quos
1853 1718 2107 1780 cognovere
2123 1752 2136 1772 ‚
2168 1719 2226 1767 de

376 1783 450 1830 lue
479 1784 670 1831 venerea
691 1818 703 1837 ,
735 1781 892 1830 affectu
925 1783 1094 1830 scilicet
1122 1785 1183 1829 ita
1206 1783 1332 1847 gravi
1360 1817 1372 1836 ‚
1401 1784 1461 1829 ita
1495 1782 1726 1828 communi
1757 1816 1769 1834 ,
1801 1782 1863 1828 ita
1897 1783 2102 1846 singulari
2135 1799 2227 1830 tam

377 1851 632 1896 constanter
668 1867 823 1895 omnes
848 1865 996 1897 tacere
1015 1867 1107 1894 non
1134 1848 1319 1911 potuisse
1345 1866 1422 1913 per
1450 1865 1590 1894 annos
1614 1847 1682 1893 bis
1701 1846 1820 1893 mille
1844 1881 1856 1900 ‚
1877 1847 1907 1893 si
1939 1846 2117 1895 affecffius
2146 1849 2226 1897 ille

375 1912 572 1978 ipsorum
593 1930 715 1966 aetaete
734 1913 961 1979 quondam
984 1914 1179 1962 saeviiss'et
1197 1947 1210 1967 ,
1237 1913 1378 1977 qualis
1402 1917 1488 1976 jam
1507 1912 1627 1960 saevit
1657 1912 1798 1959 altero
1817 1911 1981 1959 abhinc
2002 1913 2184 1973 saeculoi

103 1982 156 2039 U.
185 1981 336 2022 silentio
422 1983 587 2026 'Altera
604 1980 782 2026 ducitur
806 1997 859 2025 ex
879 1978 1052 2025 silentio
1072 1979 1402 2026 Historicorum
1430 1994 1636 2025 veterum
1656 2012 1669 2030 ‚
1690 1977 1769 2042 qui
1798 1978 2024 2025 neminem
2057 1976 2224 2026 morbo

104 2035 322 2071 Histoxico-
378 2062 432 2092 ex
461 2062 628 2091 venere
657 2046 887 2092 conti-asto
914 2043 1118 2093 affectum
1147 2042 1274 2091 fuiffe
1301 2059 1554 2091 memorant
1572 2077 1585 2096 ,
1613 2043 1718 2089 licet
1756 2059 1868 2106 vaga
1896 2045 2038 2108 stupra
2066 2049 2112 2089 δε
2137 2044 2225 2099 Ηει-Δ

104 2099 191 2177 ’Ξῗῑᾜ
204 2100 308 2129 vete*
379 2110 488 2174 gitia
506 2110 694 2175 plurima
713 2115 1040 2174 Imperatorum
1054 2144 1067 2163 ,
1086 2114 1263 2173 Regum
1287 2112 1334 2156 8<
1362 2109 1551 2155 aliorum
1569 2107 1717 2173 pasfim
1738 2107 1948 2155 referant.
1981 2110 2118 2155 Certe
2148 2109 2226 2163 vi-[

154 2170 165 2177 ’
196 2168 203 2177 ’
378 2176 500 2223 vitur
517 2180 605 2238 jam
620 2174 771 2221 castius
787 2208 799 2227 ,
820 2192 901 2222 nec
923 2191 1012 2222 tam
1034 2174 1256 2222 effraenate
1273 2175 1321 2220 in
1343 2191 1557 2222 venerem
1576 2172 1714 2220 effusa
1735 2190 1832 2220 :ctas
1854 2176 2012 2220 nostra.
2040 2174 2225 2221 Nihilo-

378 2241 525 2287 minus
553 2257 701 2287 tamen
727 2242 893 2286 constat
913 2257 1068 2305 aperto
1091 2241 1421 2287 Historicorum
1451 2239 1705 2286 testimonio
1724 2238 1747 2284 εὶ
1762 2239 1908 2302 primo
1925 2239 2007 2285 luis
2025 2257 2222 2286 venereae

368 2304 585 2369 ingressu,
601 2305 718 2351 haud
733 2306 871 2369 longo
892 2305 1056 2352 scilicet
1074 2306 1287 2370 temporis
1306 2304 1560 2358 intervallo,
1574 2303 1797 2367 Principes
1814 2304 1935 2350 viros
1951 2321 2040 2350 non
2057 2322 2222 2368 paucos

377 2388 434 2417 eo
456 2371 619 2417 morbo
635 2375 720 2432 jam
739 2369 952 2418 laborasse
967 2405 980 2423 ,
996 2389 1158 2435 nempe
1171 2370 1387 2417 Carolum
1411 2376 1466 2417 V.
1485 2375 1810 2434 Imperatorem
1826 2402 1838 2421 ,
1858 2369 1936 2432 qui
1950 2369 2122 2416 idcirco
2141 2369 2224 2416 de-

379 2438 508 2481 cocto
537 2452 632 2481 tum
652 2436 861 2486 Guaiaci,
885 2451 979 2481 tum
1011 2436 1192 2483 Radicis
1228 2436 1385 2482 Chinae
1414 2434 1563 2499 saepius
1590 2433 1687 2481 usus
1711 2436 1771 2481 est
1790 2468 1803 2486 ,
1830 2433 2008 2480 testibus
2040 2434 2223 2481 Andrea

377 2500 558 2546 Vesalio
580 2499 767 2547 Medico
787 2498 990 2547 Caesareo
1009 2535 1021 2554 ,
1056 2505 1097 2547 in
1115 2500 1299 2565 Epistola?
1318 2501 1367 2546 de
1383 2501 1542 2546 Radice
1556 2501 1695 2545 Chinae
1714 2537 1728 2552 ,
1749 2498 1961 2545 Gabriele
1990 2499 2185 2563 Fallopio
2208 2533 2222 2552 ‚

376 2568 570 2611 Traeffas,
591 2567 638 2610 de
657 2565 813 2610 Morbo
841 2568 1002 2612 Gallico
1021 2605 1034 2619 ,
1055 2580 1146 2630 cap.
1186 2573 1260 2612 60.
1289 2564 1493 2611 Antonio
1524 2564 1814 2610 Fracantiano
1833 2597 1846 2615 ,
1881 2563 1978 2611 Lib.
2005 2565 2053 2609 de
2066 2563 2226 2610 Morbo

376 2632 568 2675 Gallico:
587 2629 863 2675 Franciscum
885 2636 919 2676 Ι.
949 2630 1184 2677 Gallorum
1215 2634 1418 2694 Regem,
1449 2629 1527 2693 qui
1548 2629 1668 2675 luem
1702 2628 1758 2675 ab
1790 2646 1931 2675 uxore
1957 2627 2226 2673 Mercatoris

373 2691 555 2740 ferrarii
590 2695 813 2740 contraxit
829 2728 841 2746 ‚
867 2694 985 2742 unde
1011 2695 1087 2740 diu
1110 2695 1222 2742 male
1244 2695 1421 2741 habitus
1442 2694 1696 2758 supremum
1727 2693 1848 2739 diem
1879 2692 2060 2738 tandem
2092 2692 2222 2738 obiit.

376 2758 581 2805 Mezerai
601 2792 612 2810 ‚
631 2759 796 2823 Abre'ge'
824 2760 1070 2824 Chronolog.
1092 2762 1150 2805 ad
1168 2778 1266 2805 ann.
1291 2767 1409 2822 1538.
1443 2759 1574 2819 Bayle
1589 2792 1602 2811 ,
1622 2760 1909 2804 Diffionnaire
1929 2760 2116 2818 Critiqne
2133 2791 2146 2810 ,
2176 2756 2225 2802 in

375 2823 520 2870 verbo
557 2827 755 2886 Franfois
785 2828 822 2868 I.
867 2824 925 2868 ad
957 2839 1089 2869 notam
1129 2829 1176 2870 D
1202 2844 1215 2869 .·
1242 2825 1463 2871 Carolum
1493 2829 1512 2868 Ι
1531 2827 1585 2868 Χ.
1615 2823 1693 2885 qui
1722 2821 1958 2869 caruncula
1997 2822 2131 2884 virga:
2168 2838 2226 2867 ex

377 2887 601 2933 virulenta
633 2887 907 2950 gonorrhoezi
935 2889 1168 2951 aegrotavit
1183 2922 1196 2941 ‚
1217 2893 1263 2935 δε
1282 2888 1570 2934 cathaereticis
1592 2887 1872 2933 curationem
1892 2887 2061 2951 accepit
2086 2886 2223 2950 opera

378 2952 655 2998 Gotliofredi
676 2953 886 2999 Giannati
905 2986 917 3005 ,
939 2970 987 2998 ut
1012 2953 1151 3016 liquet
1181 2971 1234 3000 ex
1255 2954 1373 2999 Aeris
1402 2951 1742 3016 Monspeliensis
1769 2954 2102 3016 Computorum
2128 2952 2222 2995 Ca·-

378 3035 509 3064 merae
530 3037 538 3061 :
575 3016 689 3062 Vide
713 3021 928 3063 Lazarum
949 3018 1187 3064 Riverium
1209 3052 1223 3072 ‚
1244 3018 1463 3079 Obfhrvat.
1484 3018 1706 3065 Media-ar.
1732 3020 1899 3062 Certmr.
1933 3034 1970 3061 2.
2003 3013 2219 3073 Obfi’rva-

377 3087 478 3127 aione
501 3098 548 3138 14
566 3099 574 3125 :
604 3082 853 3127 Henricum
872 3087 919 3128 11
937 3087 970 3128 I.
997 3083 1074 3147 qui
1102 3083 1209 3129 dum
1228 3084 1251 3129 ὲ
1275 3083 1464 3130 ΡοΙοιῑὶὲι
1482 3084 1530 3128 in
1548 3082 1710 3128 Gallias
1729 3082 1895 3128 rediret
1908 3081 2001 3144 post
2022 3095 2215 3135 mortem

378 3145 527 3191 fratris
558 3145 713 3192 Caroli
737 3151 827 3191 IX.
862 3146 885 3191 εὶ
907 3151 1068 3193 Scorto
1084 3186 1096 3200 ,
1116 3166 1313 3212 quocum
1335 3148 1540 3195 Venetiis
1567 3164 1662 3193 rem
1682 3146 1838 3192 habuit
1858 3178 1870 3197 ‚
1898 3144 2215 3207 gonorrhoeam

368 3211 646 3279 «virulentam
662 3211 869 3277 concepit
887 3230 895 3256 :
914 3213 1025 3263 Vide
1040 3217 1264 3270 Mezerai,
1280 3212 1447 3279 Abre'ge'
1466 3214 1785 3276 Chronologique
1801 3247 1817 3268 ,
1836 3211 1895 3257 ad
1914 3226 2064 3257 annum
2083 3226 2215 3273 1574ss
