2477 3643
249 871 328 911 111.
348 868 443 907 Phi-

214 924 326 964 mofis
339 928 372 961 &
385 933 446 972 pa-

213 974 431 1028 raphimofis

212 1026 409 1077 habitualis

210 1093 246 1121 m
261 1092 358 1120 viris.

257 1449 440 1487 Phimofis

207 1504 248 1544 iu
268 1502 441 1542 foeminiS.

231 2104 440 2144 Methodus

206 2158 371 2196 medendi
391 2171 439 2196 u-

206 2211 329 2261 trique

206 2262 291 2300 etim
319 2263 354 2299 in
380 2262 440 2301 vi-

208 2315 259 2350 ris
275 2341 286 2358 ‚
309 2314 387 2352 uim
406 2315 440 2353 in

206 2364 379 2409 foeminis.

488 128 593 187 :382
786 121 1397 182 v,<D1-:M()R1318
1461 118 1969 170 vssNssaizts.

495 207 619 256 {ione
636 242 649 262 ,
667 206 825 273 partim
844 204 1115 253 resolutione
1138 201 1290 249 sensim
1307 201 1671 250 evanescentibus
1686 203 1887 251 emollita
1903 201 2105 250 ulcerum
2123 219 2202 252 ora
2218 202 2323 270 pos·

495 273 578 320 [int
596 273 684 320 sine
703 271 900 338 periculo
924 269 1129 317 recidivae
1151 269 1195 313 in
1218 266 1473 312 cicatricem
1492 267 1611 313 duci.

563 347 626 401 30.
656 339 753 385 Imo
778 336 887 384 vero
919 333 1094 400 possunt
1115 366 1128 385 ‚
1152 331 1182 376 fi
1203 331 1265 376 ita
1285 331 1489 377 videatur
1506 365 1520 384 ‚
1551 330 1801 379 efficaciora
1823 332 2099 382 cathaeretica
2123 333 2170 378 in
2192 331 2321 380 usum

495 403 709 451 advocati
728 437 740 456 ,
773 401 920 465 qualia
942 398 1067 462 supra
1097 394 1407 461 proposuimus
1441 397 1524 443 loco
1547 401 1638 455 jam
1669 399 1858 445 laudatoe
1880 398 1954 445 sed
1987 398 2086 446 raro
2122 398 2191 444 vel
2223 396 2320 444 fere

495 485 738 533 numquam
759 465 920 512 accidit
938 497 951 516 ‚
980 478 1028 508 ut
1055 462 1106 507 iis
1126 478 1244 526 opus
1263 459 1311 506 sit
1340 462 1435 525 post
1461 460 1819 524 hydrargyrofim
1843 462 1926 509 rite
1944 463 2289 509 administratam
2307 495 2323 514 ,

494 534 595 580 cum
614 532 835 596 legitimus
853 528 1164 574 inunctionum
1184 524 1281 572 usus
1295 525 1518 591 plerisque
1538 526 1659 572 callis
1679 543 1844 574 certam
1863 533 1906 575 ὅ(
1925 527 2151 577 efficacem
2173 526 2323 582 medi-q

495 600 641 647 cinam
661 614 748 660 jam
768 594 980 641 attulerit.

496 737 538 787 §.
579 729 656 773 111.
692 723 1065 773 PHIMOSIS
1116 724 1195 768 ET
1241 722 1774 768 PARAPHIMOSIS
1822 722 2324 777 HABITUALISJ

553 860 572 902 Ι
591 860 608 901 1
624 859 658 901 Ι.
681 853 926 917 Contingit
945 851 1189 916 aliquando
1204 850 1251 896 in
1268 849 1374 896 viris
1389 883 1401 901 ,
1416 849 1576 912 quibus
1595 850 1756 897 tumuit
1774 849 1955 898 balanus
1972 864 2046 896 aut
2094 851 2324 916 raeputium

491 918 547 967 ab
576 919 808 967 ulcusculis
834 918 1061 970 venereis,
1092 922 1136 963 &
1169 916 1247 980 qui
1283 914 1388 961 ideo
1428 914 1661 978 phimosim
1685 915 1756 962 vel
1783 868 2121 981 paraphimolsm
2150 916 2323 980 experti

492 983 592 1032 sunt
608 1019 620 1038 ‚
636 1002 683 1032 ut
702 985 863 1032 curatis
882 982 1112 1030 ulcusculis
1127 1015 1140 1034 ,
1157 981 1250 1027 imo
1269 980 1402 1027 etiam
1422 981 1720 1027 exterminato
1739 981 1888 1027 morbi
1908 981 2092 1028 seminio
2113 980 2190 1027 usu
2206 998 2324 1027 met-

492 1051 727 1097 curialium
758 1050 1094 1099 inunstionum,
1128 1045 1335 1111 phimosis
1357 1061 1505 1091 tamen
1537 1061 1610 1091 aut
1639 1045 1953 1110 paraphimosis
1982 1045 2218 1092 habitualis
2247 1063 2321 1092 re-

489 1132 697 1168 maneat,
730 1115 850 1162 unde
886 1113 1167 1160 constrictum
1203 1110 1466 1175 praeputium
1495 1110 1691 1163 deduci,
1729 1127 1802 1156 aut
1832 1107 2120 1174 corrugatum
2156 1110 2326 1157 adduci

486 1199 581 1227 non
598 1182 750 1246 potest.
794 1184 898 1226 Hoc
915 1194 1152 1240 utrumque
1171 1174 1411 1221 infortunii
1430 1192 1566 1238 genus
1586 1175 1796 1239 frequens
1824 1179 1883 1222 est
1913 1175 2089 1239 quoties
2122 1176 2320 1241 praeputii

488 1261 637 1292 tumor
658 1251 704 1292 δε
725 1245 959 1291 diuturnus
981 1249 1024 1289 ὃ(
1044 1240 1305 1288 skitrhodes
1323 1239 1408 1284 fuit
1424 1273 1436 1292 ,
1459 1239 1506 1285 in
1523 1259 1614 1304 quo
1633 1240 1799 1287 scilicet
1817 1241 2055 1287 constricta:
2072 1241 2142 1287 vel
2168 1258 2326 1286 cottu-

486 1328 595 1375 gatae
617 1311 819 1377 praeputii
838 1309 957 1356 fibsae
976 1306 1164 1373 impasta
1185 1303 1353 1370 limpha
1373 1321 1552 1368 turgent
1576 1307 1638 1352 ita
1655 1306 1861 1352 indurata
1875 1340 1888 1359 ,
1917 1322 1965 1352 ut
1987 1307 2204 1353 Mercurii
2225 1302 2325 1353 effi-

486 1377 608 1423 cacia
625 1377 845 1423 eludatur.

553 1442 687 1488 Adest
716 1448 760 1486 &
781 1442 827 1486 in
850 1436 1045 1485 foeminis
1073 1434 1344 1500 quandoque
1374 1432 1556 1480 morbus
1574 1433 1667 1479 tum
1688 1434 1843 1480 natura
1860 1468 1871 1486 ,
1904 1451 1997 1481 tum
2017 1434 2145 1481 causa
2163 1435 2322 1499 proxi-

487 1508 558 1554 me
592 1523 819 1569 congeriei·
851 1537 863 1557 ,
901 1520 1061 1567 nempe
1096 1501 1466 1565 praeternaruralis
1496 1500 1734 1545 coarctatio
1763 1500 2052 1546 muliebrium
2082 1533 2095 1552 ‚
2126 1501 2321 1547 maxime

484 1572 583 1619 ostii
621 1572 787 1634 vaginae
808 1604 820 1622 ‚
855 1567 925 1615 seu
960 1564 1167 1631 phimolis
1201 1564 1435 1611 habitualis
1467 1564 1780 1611 constrictione
1814 1564 1887 1611 vel
1918 1565 2082 1611 coalitu
2118 1565 2312 1611 inducta.

488 1635 636 1684 Causa
662 1653 848 1698 utraque
885 1632 1114 1679 familiaris
1139 1632 1198 1678 est
1225 1629 1451 1681 foeminis,
1482 1647 1670 1693 quarum
1695 1629 1828 1676 vulva
1861 1648 1911 1675 ac
1941 1631 2110 1694 vaginae
2144 1629 2313 1694 princi-

487 1703 614 1767 pium
647 1699 880 1748 ulcusculis
912 1697 1115 1744 venereis
1145 1695 1295 1741 multis
1312 1730 1324 1748 ,
1353 1693 1484 1759 spiffis
1501 1727 1513 1746 ,
1534 1693 1767 1758 profundis
1788 1728 1800 1746 ‚
1833 1693 1999 1741 callosis
2025 1693 2139 1741 mali.²
2165 1693 2321 1744 affetsta

484 1767 693 1818 fuerunt3
713 1783 869 1812 neutra
888 1781 996 1810 vero
1017 1760 1222 1808 adhibito
1241 1761 1375 1806 etiam
1396 1760 1629 1806 Mercurio
1650 1758 1745 1805 fere
1768 1777 1960 1823 unquam
1986 1759 2125 1806 cedit.

546 1833 598 1878 Id
627 1832 729 1878 mali
754 1831 802 1876 in
832 1845 1023 1891 utroque
1046 1826 1149 1872 sexu
1175 1825 1331 1871 natura
1360 1825 1460 1871 leve
1488 1826 1575 1876 est,
1606 1830 1651 1870 &
1693 1823 1823 1870 facile
1861 1824 2042 1871 tolerari
2067 1824 2206 1888 potest
2226 1857 2240 1877 ,
2270 1838 2321 1871 ut

482 1897 609 1961 quod
639 1914 719 1944 nec
748 1894 993 1960 periculum
1023 1892 1121 1937 vitae
1152 1908 1233 1937 nec
1262 1907 1446 1953 gravem
1483 1889 1728 1935 molestiam
1749 1888 1930 1936 inferat.
1966 1893 2178 1935 Attamen
2214 1889 2317 1935 cum

484 1962 786 2025 generationis
811 1957 937 2023 operi
974 1955 1172 2009 officiat,
1204 1955 1235 2001 fi
1267 1954 1540 2002 medicinam
1572 1953 1678 2000 ideo
1710 1952 1862 2002 facere
1895 1954 2047 2002 lubeat
2066 1988 2081 2008 ,
2115 1952 2322 2017 sequenti

484 2026 703 2072 methodo
735 2022 940 2070 facienda
964 2023 1038 2066 est.

555 2100 616 2136 10.
643 2095 823 2137 Paretur
851 2087 1084 2134 decoctum
1109 2081 1457 2147 mucilagineum
1479 2086 1525 2132 ὃς
1543 2081 1776 2128 emolliens
1797 2100 1850 2129 ex
1872 2082 2098 2129 radicibus
2125 2080 2314 2135 althaeae,

485 2157 722 2222 nymphaeae
742 2188 754 2207 ,
788 2152 986 2199 liliorum
1015 2149 1221 2196 alborum
1249 2166 1260 2201 ς
1294 2147 1414 2193 foliis
1439 2146 1609 2193 brancae
1638 2146 1786 2194 ursinae
1805 2181 1818 2199 ,
1846 2148 2001 2194 malvae
2030 2166 2042 2201 3
2077 2146 2320 2194 seminibus

483 2221 593 2274 lini,
622 2220 760 2286 psyllii
782 2224 868 2264 &c.
897 2217 944 2262 in
966 2233 1056 2279 quo
1088 2228 1266 2278 tepente
1297 2213 1421 2277 penis
1453 2227 1574 2258 totus
1605 2212 1851 2275 intingatur
1884 2230 1962 2277 per
1996 2212 2153 2258 horam
2182 2229 2319 2258 unam

484 2303 558 2333 aut
584 2287 767 2332 alteram
790 2283 857 2329 bis
884 2281 932 2327 in
959 2281 1048 2326 die.
1083 2279 1280 2342 Reliquo
1309 2277 1401 2324 diei
1424 2292 1625 2341 tempore
1646 2292 1791 2323 totum
1812 2277 1936 2341 penis
1957 2293 2085 2341 caput
2106 2276 2321 2340 cataplas-

483 2368 603 2398 mate
633 2368 685 2397 ex
718 2347 850 2414 pulpa
890 2345 1090 2393 radicum
1109 2379 1121 2397 ‚
1152 2344 1369 2390 foliorum
1389 2381 1391 2385 .
1411 2339 1719 2404 seminumque
1755 2342 2047 2388 decoetorum
2073 2341 2319 2388 circumte-

483 2433 611 2481 gatur
631 2434 643 2469 3
666 2431 739 2461 aut
765 2413 919 2459 saltem
940 2410 1088 2476 tepide
1107 2408 1317 2455 foveatur
1338 2407 1486 2453 linteis
1506 2407 1693 2453 decodlw
1714 2406 1794 2452 illo
1824 2406 2014 2452 madidis
2031 2439 2043 2458 ‚
2079 2404 2319 2471 saepiusque

484 2480 769 2529 renovandis.
798 2477 895 2524 Imo
925 2476 1034 2523 vero
1059 2476 1106 2521 in
1132 2471 1320 2539 phimofi
1356 2473 1588 2518 decoctum
1614 2472 1736 2517 idem
1768 2470 1916 2518 subter
1951 2470 2211 2535 praeputium
2246 2470 2318 2531 sy-

482 2546 634 2612 phone
659 2541 990 2591 infundendum
1023 2541 1081 2587 est
1102 2572 1115 2591 ‚
1150 2556 1198 2585 ac
1223 2538 1270 2583 in
1301 2537 1459 2582 rimam
1479 2569 1491 2589 ,
1516 2535 1602 2600 qua
1636 2536 1897 2601 praeputium
1925 2535 2112 2582 dehiscit
2131 2567 2145 2587 ,
2170 2535 2320 2580 intru-

483 2611 657 2658 dendus
686 2608 918 2673 penicillus
943 2606 1104 2652 linteus
1123 2637 1136 2656 ‚
1156 2603 1229 2650 vel
1250 2603 1393 2648 tenuis
1410 2600 1594 2665 spongia
1610 2635 1622 2653 ‚
1640 2619 1734 2664 quae
1753 2600 1917 2647 eodem
1935 2600 2121 2647 decocto
2142 2598 2316 2661 perfusa

482 2677 565 2722 sint
582 2710 594 2728 ,
612 2690 661 2721 ut
685 2673 735 2721 ea
761 2673 935 2719 ratione
963 2683 1205 2731 corrugata:
1225 2663 1425 2732 praeputii
1447 2665 1568 2711 fibrae
1588 2666 1821 2712 decostum
1841 2666 1926 2712 alte
1943 2699 1956 2718 ,
1972 2663 2185 2729 perpetuo
2200 2698 2212 2717 ,
2235 2682 2318 2713 un..

483 2741 622 2805 dique
646 2738 868 2783 imbibant
888 2769 899 2787 ,
929 2753 1020 2797 quo
1046 2733 1227 2779 tandem
1255 2729 1516 2778 mollescant
1542 2735 1586 2775 &
1609 2732 1879 2777 relaxentur.

551 2814 614 2850 20.
643 2802 856 2849 Similiter
876 2801 923 2845 in
944 2797 1138 2845 foeminis
1165 2796 1333 2843 debent
1362 2794 1600 2841 muliebria
1635 2813 1684 2841 ac
1718 2795 1887 2856 vagina:
1925 2792 2194 2857 principium
2228 2792 2314 2839 de-v

482 2874 613 2917 coCro
633 2868 794 2913 eodem
813 2863 958 2929 saepitis
975 2865 1022 2910 in
1041 2863 1115 2909 die
1135 2861 1282 2908 foveri
1299 2895 1311 2913 ,
1328 2875 1459 2923 atque
1480 2859 1608 2923 pulpa
1626 2859 1875 2924 plantatum
1899 2857 2204 2920 seminumque
2223 2857 2308 2903 de·-

484 2937 714 2982 cmstorum
732 2933 872 2977 linteo
891 2929 1081 2976 obdutsta
1102 2928 1148 2973 in
1166 2925 1359 2973 formam
1379 2923 1549 2989 peffarii
1568 2957 1580 2976 ,
1604 2941 1677 2970 aut
1698 2923 1821 2988 quod
1842 2923 2102 2987 plerumque
2124 2919 2309 2984 expedi-

485 3000 570 3046 tius
595 3000 653 3045 est
671 3031 682 3049 ‚
706 2995 940 3061 pessarium
968 2994 1155 3040 linteum
1173 3026 1186 3044 ‚
1208 2992 1280 3038 vel
1304 2989 1486 3055 spongia
1518 2987 1706 3036 decocto
1739 2988 1819 3034 illo
1845 2989 2104 3034 emolliente
2137 2984 2306 3031 imbuta

482 3065 531 3112 in
553 3063 758 3126 vaginam
778 3059 989 3111 immitti,
1010 3074 1057 3104 ut
1078 3058 1159 3103 hac
1179 3056 1314 3122 opera
1332 3054 1570 3102 constristae
1589 3070 1734 3119 partes
1751 3053 1940 3100 humore
1960 3051 2217 3099 emolliente
2234 3050 2307 3108 ju-‚

485 3132 601 3196 giret
622 3125 828 3171 madeant
849 3128 893 3169 &t
913 3122 1186 3169 humescant.

550 3196 610 3256 3⁹.
641 3188 847 3240 Emollita
865 3187 1000 3237 semel
1017 3188 1117 3235 loca
1135 3183 1394 3236 mechanica
1417 3181 1573 3249 quavis
1610 3198 1705 3232 arte
1749 3182 1875 3236 cautt‘.=
1902 3195 2052 3229 tamen
2073 3175 2301 3233 dilatanda
