2477 3643
709 78 1739 125 L122n11.CAr›111-vt.'
1964 94 2045 123 ist

227 163 352 227 giore
377 160 503 208 diaeta
521 157 672 207 sensim
692 160 924 207 concess-21:
950 157 1045 204 Imo
1078 158 1171 224 post
1194 156 1313 203 diem
1346 156 1609 220 vigelimum
1638 156 1845 220 quintum
1872 158 1943 207 vel
1967 160 2050 206 tri..

216 227 434 290 gesimum
471 224 635 272 licebat
662 241 778 287 aegro
799 258 811 276 ‚
853 222 883 268 st
913 221 1081 269 viribus
1114 221 1280 268 valeret
1298 256 1311 274 ,
1342 221 1457 268 letiko
1486 220 1738 268 identidem
1767 222 1940 286 surgere
1961 257 1973 276 ‚
2002 230 2049 271 δε

220 292 337 338 bene
359 290 513 337 vestito
536 306 613 354 per
635 289 891 335 cubiculum
912 286 1137 333 ambulare
1157 320 1169 339 ‚
1186 286 1294 332 dum
1318 285 1372 331 ab
1400 286 1526 331 omni
1547 285 1778 333 sudatione
1804 288 1915 334 liber
1937 305 2044 334 erat,

221 360 417 403 Demum
439 355 518 403 sub
543 354 784 400 curationis
816 353 951 399 finem
981 351 1142 405 iterum
1165 350 1464 415 purgabatur,
1489 369 1536 396 ac
1556 349 1598 396 ei
1619 350 1747 414 copia
1775 367 1880 398 tunc
1899 368 1993 397 erat
2021 355 2044 398 ὲ

219 419 427 466 cubiculo
456 438 546 465 non
569 418 753 482 quidem
782 419 826 464 in
864 433 1064 481 apertum
1093 421 1240 462 aerem
1271 416 1463 462 exeundi
1484 415 1557 462 sed
1589 415 1636 460 in
1662 415 1787 461 aliud
1800 417 2045 468 conclave,

212 485 364 532 donec
402 485 493 530 a'c'ri
535 483 726 530 ferendo
766 494 846 548 par
882 481 968 528 effe
1004 481 1249 527 videretur.
1293 484 1458 543 Neque
1492 481 1613 527 enim
1641 480 1885 543 quidquam
1915 482 2044 527 dere-

218 566 352 615 pente
378 548 688 596 innovandum
717 564 810 599 erat
829 582 840 600 ‚
874 546 947 593 sed
967 545 1173 591 omnibus
1200 545 1411 610 paulatim
1431 544 1778 592 adsuescendum
1811 564 1886 609 per
1918 563 2045 592 men-

219 614 312 661 sem
340 614 555 666 alterum,
585 630 675 676 quo
694 622 806 676 teger
825 612 958 657 diaetae
989 610 1228 657 etiamnum
1266 609 1505 657 observans
1527 616 1572 657 δε
1593 610 1701 656 vino
1730 609 1946 658 abstinens
1977 610 2043 658 seu

214 679 436 724 cundario
460 678 646 724 decocto
670 678 876 724 utebatur
904 694 984 740 pro
1005 691 1112 739 potu
1132 675 1378 720 ordinario.

284 744 355 790 Sic
378 760 486 806 ergo
509 743 724 790 meracius
745 742 927 789 Guaiaci
953 740 1189 786 decoctum
1209 773 1220 792 ,
1249 740 1372 803 quod
1404 738 1559 784 natura
1587 757 1688 786 acre
1719 741 1778 786 est
1798 745 1842 786 δέ
1863 757 2041 785 aroma-

218 807 357 855 ticum
375 842 386 860 ‚
403 808 475 853 vel
492 808 623 853 nullis
638 808 709 854 vel
731 805 989 870 paucissimis
1012 804 1188 850 cibariis
1204 805 1250 850 in
1267 804 1518 851 ventriculo
1536 803 1770 850 alteratum
1786 838 1799 857 ‚
1812 811 1860 850 δέ
1879 805 1926 850 in
1943 804 2042 851 vasa

219 872 356 919 lactea
375 889 459 936 prce
492 872 639 918 inedia
673 872 875 918 exhausta
895 876 939 916 δε
961 869 1186 915 exinanita
1211 869 1405 915 ubertim
1434 884 1669 932 exceptum
1688 903 1701 921 ‚
1730 868 1914 934 {inulas
1939 888 2043 916 cor-

249 939 338 984 oris
365 954 507 1001 partes
532 934 759 983 liberrime
783 934 1041 982 circulando
1074 933 1375 998 pervadebat3
1398 933 1619 996 sanguinis
1653 932 1918 998 limphaeque
1946 935 2043 998 glo-

216 955 347 1049 liulos
368 1002 542 1049 seminii
563 1002 774 1048 virulenti
795 998 1018 1065 praesentia
1046 999 1277 1044 induratos
1314 996 1644 1062 inspislatosque
1671 998 1901 1052 solvebat3
1933 1015 2044 1046 atte-

216 1067 383 1113 nuabat
401 1101 411 1119 ,
443 1066 641 1130 liquabat
670 1085 682 1120 ·,
709 1065 865 1111 obvias
887 1064 1084 1126 contagii
1109 1064 1299 1125 guttulas
1328 1063 1400 1109 vel
1423 1062 1635 1109 alterabat
1664 1064 2008 1128 corrigebatque
2031 1098 2044 1117 ,

216 1132 291 1178 vel
318 1131 567 1195 diaphoresi
597 1146 670 1176 aut
689 1129 850 1176 diuresi
871 1128 1080 1191 abigebat
1109 1134 1155 1173 ὃς
1174 1127 1462 1180 eliminabat3
1487 1145 1535 1173 ac
1557 1126 1724 1174 viscera
1755 1129 1907 1175 omnia
1925 1164 1937 1182 ‚
1970 1148 2045 1174 va-

217 1194 349 1258 saque
367 1194 534 1259 singula
555 1196 644 1240 acri
671 1194 749 1240 illo
776 1194 932 1239 lixivio
953 1210 1030 1256 per
1060 1192 1153 1239 dies
1174 1192 1470 1255 quadraginta
1495 1209 1715 1239 macerata
1737 1226 1748 1245 ‚
1773 1192 1802 1237 si
1825 1193 2046 1240 obstructa

217 1260 356 1307 essent
376 1295 388 1313 ‚
409 1260 618 1324 paulatim
647 1258 870 1305 reserabat
890 1292 901 1310 ‚
923 1257 951 1302 si
971 1258 1163 1302 haerente
1192 1258 1380 1302 humore
1413 1256 1602 1301 infin-cta
1622 1290 1633 1308 ‚
1661 1259 1919 1320 gravamine
1952 1258 2047 1304 sen-

216 1323 294 1370 fim
322 1325 573 1376 liberabat3
599 1323 716 1370 unde
739 1322 885 1369 deleta
904 1357 916 1374 ‚
937 1321 1163 1368 eliminata
1182 1355 1193 1373 ‚
1221 1322 1453 1385 profligata
1483 1322 1681 1385 contagii
1711 1324 1893 1371 venerei
1922 1323 2047 1370 viru-

216 1389 354 1435 lentia
377 1390 481 1452 aegri
505 1389 688 1453 pristina:
713 1387 1013 1435 reddebantur
1035 1386 1295 1433 valetudini.

283 1454 439 1499 Multis
468 1453 566 1499 sane
590 1471 642 1500 ea
670 1452 898 1517 therapeia
923 1450 1093 1516 profuit
1124 1456 1169 1497 δε
1196 1451 1243 1496 in
1265 1450 1526 1514 Hispaniola
1552 1455 1598 1497 &
1618 1451 1665 1497 in
1685 1449 1899 1515 Hispania
1917 1485 1928 1503 ,
1952 1468 2048 1496 nar-

218 1534 372 1582 ratque
403 1518 619 1566 Nicolaus
647 1518 743 1564 Poll
775 1551 787 1569 ‚
817 1517 974 1563 Caroli
1010 1521 1063 1562 V.
1099 1518 1385 1579 Imperatoris
1417 1515 1622 1562 Medicus
1642 1549 1654 1568 ‚
1683 1520 1724 1561 in
1761 1517 1965 1580 Opuftnlo
1998 1517 2047 1562 de

217 1589 423 1635 curatione
453 1582 606 1630 Morbi
643 1585 797 1628 Gallici
830 1597 906 1647 per
942 1584 1096 1644 lignum
1135 1585 1420 1626 Guaiacanum
1441 1619 1453 1633 ,
1489 1581 1613 1626 edito
1643 1598 1761 1625 anno
1803 1588 1936 1642 1536.
1962 1598 2047 1626 uno

216 1650 336 1709 quast
359 1649 408 1693 ὅ]
426 1648 556 1693 eodem
583 1661 751 1709 tempore
781 1648 850 1706 usn
870 1647 1015 1691 decom
1034 1663 1085 1690 ex
1105 1649 1287 1690 Guaiaco
1311 1649 1394 1690 tria
1422 1645 1618 1690 hominum
1636 1647 1767 1690 millia
1788 1682 1802 1698 ,
1831 1646 1883 1689 de·
1904 1645 2047 1706 quibus

218 1712 465 1775 desperatum
493 1725 581 1756 erat
601 1750 615 1764 ,
637 1711 693 1756 ad
718 1710 859 1756 bonam
894 1710 1170 1754 valetudinem
1195 1711 1360 1754 redufia
1391 1709 1504 1768 fuiffc
1522 1742 1534 1760 ‚
1562 1713 1631 1771 qni
1658 1707 1737 1773 post
1764 1711 2048 1768 convalefhen-

218 1779 317 1821 eiam
335 1776 416 1836 fibi
451 1777 542 1839 ipfis
574 1777 727 1835 renasci
760 1773 1024 1820 videbantur.
1056 1779 1210 1836 Itaque
1249 1773 1369 1818 haud
1396 1774 1589 1829 mirum,
1622 1772 1651 1817 si
1680 1789 1847 1818 tantam
1881 1772 2045 1821 famam

219 1840 462 1904 derepente
488 1839 735 1885 obtinuerit
755 1873 767 1891 ,
796 1854 843 1884 ut
868 1839 973 1884 teste
993 1837 1184 1887 Ulrissio
1223 1842 1426 1884 Hutteno
1448 1872 1460 1890 ‚
1493 1837 1590 1883 Lib.
1630 1839 1677 1883 de
1707 1837 1861 1884 Morbi
1890 1841 2046 1884 Gallici

215 1910 422 1951 ctu-atione
437 1921 511 1969 per
537 1902 915 1962 administrationem
936 1905 1040 1964 ligm'
1056 1906 1261 1956 Guaiaci,
1289 1918 1379 1966 cap.
1416 1919 1465 1946 11.
1494 1901 1667 1948 Medici
1687 1919 1778 1947 non
1798 1901 2047 1949 incelebres

218 1974 372 2014 nomine
393 1970 560 2029 Caefhris
591 1967 640 2015 ῥ’
669 1969 876 2028 cujusdam
905 1970 946 2011 in
965 1967 1189 2012 Germanic}
1208 1970 1397 2031 Episcopi
1424 1972 1478 2012 H
1481 1970 1655 2030 Jspam’as
1678 1969 1855 2012 adierim
1872 1967 1927 2011 ad
1949 1984 2047 2013 rec-

220 2048 309 2079 tam
330 2033 720 2079 administrationis
743 2031 1008 2077 methodum
1037 2030 1351 2077 addiscendam
1373 2031 1424 2092 ab
1451 2034 1530 2076 illis
1547 2068 1561 2084 ,
1581 2034 1649 2093 qui
1672 2035 1713 2075 in
1735 2031 1948 2094 Spagnolc'i
1963 2050 2048 2077 rem

221 2099 290 2158 usn
318 2113 601 2160 cognoverant.
625 2097 764 2144 Facile
793 2113 942 2142 tamen
971 2096 1242 2143 crediderim
1267 2114 1357 2142 non
1385 2094 1536 2160 parum
1555 2097 1725 2141 audam
1743 2094 1871 2142 fuisse
1889 2095 1934 2142 in
1954 2095 2049 2142 tota

220 2163 398 2226 Europa
418 2162 598 2224 hujusce
630 2161 816 2209 remedii
836 2160 1139 2207 celebritatem
1160 2161 1389 2224 Opusculo
1417 2165 1502 2220 jam
1532 2160 1714 2205 laudato
1733 2160 1863 2223 ipsius
1881 2164 2049 2207 Hutte-

220 2228 296 2279 ni,
331 2246 448 2272 anno
488 2245 620 2289 1519.
654 2227 766 2291 typis
799 2226 923 2272 edito
945 2259 957 2277 ,
993 2244 1083 2288 quo
1116 2226 1194 2272 Vir
1223 2226 1297 2272 ille
1330 2224 1533 2272 amicitiis
1565 2230 1610 2270 δε
1641 2224 1915 2277 inimicitiis,
1941 2243 2048 2288 quas

221 2310 324 2337 cum
355 2290 534 2337 Erasmo
562 2291 873 2337 Roterodamo
901 2290 1133 2336 successive
1161 2291 1360 2336 exercuit
1378 2325 1390 2343 ,
1407 2288 1509 2334 orbi
1529 2289 1772 2334 notiffimus
1792 2291 1940 2352 aperte
1964 2290 2048 2336 tes-

219 2357 396 2402 tabatur
416 2390 428 2408 ,
449 2371 541 2419 cap.
566 2365 630 2401 26.
663 2355 705 2402 se
733 2354 900 2401 Morbo
926 2355 1099 2400 Gallico
1129 2355 1379 2417 gravissimo
1401 2353 1454 2399 ab
1473 2354 1597 2399 annis
1623 2371 1789 2400 novem
1808 2353 2046 2407 infectunu

223 2420 452 2467 doloribus
479 2420 703 2467 atrocibus
724 2453 736 2471 ‚
764 2419 998 2483 multiplici
1032 2420 1213 2465 exostosi
1234 2454 1246 2472 ,
1281 2419 1436 2465 ollium
1468 2419 1583 2464 carie
1614 2418 1844 2470 ulcerosa,
1881 2415 2048 2463 summa

224 2486 358 2545 totius
385 2487 582 2547 corporis
603 2485 897 2531 emaciatione
918 2518 930 2536 ‚
952 2489 997 2530 ὃ(
1027 2481 1200 2530 difficili
1224 2484 1439 2530 marasmo
1469 2483 1750 2529 laborantem
1784 2501 1795 2535 3
1836 2482 2049 2529 undecies

225 2550 302 2596 sed
328 2548 543 2595 incassum
569 2549 878 2595 mercurialem
903 2549 1179 2595 curationem
1204 2565 1465 2614 expertum3
1501 2548 1592 2611 post
1625 2563 1813 2593 torturas
1833 2581 1844 2597 ,
1881 2546 2047 2612 suppli-

221 2616 292 2661 cia
311 2648 321 2665 ‚
344 2614 539 2676 pericula
560 2647 571 2666 ,
599 2631 692 2677 quae
721 2613 794 2659 vix
818 2629 1021 2675 poterant
1045 2614 1194 2659 animo
1213 2615 1391 2677 concipi
1413 2647 1425 2664 ‚
1447 2611 1547 2657 cum
1570 2612 1626 2658 de
1662 2611 1789 2677 ipsius
1820 2611 1953 2657 salute
1989 2611 2045 2658 ab

226 2679 433 2725 omnibus
459 2677 737 2742 desperatum
765 2677 898 2731 effer,
928 2677 1023 2723 solo
1050 2677 1126 2724 usu
1146 2679 1317 2726 decocti
1345 2697 1397 2725 ex
1417 2677 1613 2722 Guaiaco
1641 2695 1717 2742 per
1747 2677 1842 2725 dies
1863 2676 2047 2738 triginta

225 2743 450 2810 propinati
478 2748 604 2804 juxta
630 2743 895 2790 methodum
916 2777 926 2794 ‚
948 2761 1081 2805 quam
1111 2744 1249 2789 modo
1274 2742 1583 2809 proposuimus
1599 2775 1612 2795 ‚
1640 2742 1840 2807 perfecstae
1860 2745 1905 2786 &
1925 2742 2046 2787 inte-

223 2827 311 2874 grae
332 2808 579 2853 valetudini
599 2807 788 2854 feliciter
811 2808 1055 2854 restitutum
1072 2808 1212 2854 fuiss'e.

287 2873 370 2918 Sed
398 2872 509 2917 nihil
527 2874 584 2917 est
605 2873 739 2935 vulgo
758 2871 1081 2935 imprudentius
1108 2873 1154 2917 in
1178 2871 1436 2917 aestimandis
1458 2869 1745 2916 novitatibus.
1787 2872 1854 2913 Ut
1875 2869 2043 2914 temere

226 2936 492 2984 credebatur
521 2937 628 2982 olim
659 2937 893 2982 decocstum
914 2936 1094 2980 Guaiaci
1115 2951 1254 2980 tutam
1274 2969 1287 2987 ,
1316 2952 1478 2981 certam
1501 2969 1512 2987 ,
1542 2934 1771 2980 innoxiam
1800 2933 1883 2978 luis
1908 2951 2044 2979 vene-

226 3019 309 3049 rere
333 3000 602 3047 medicinam
627 2999 710 3045 effe
726 3034 737 3051 ,
767 3000 853 3063 qua
871 2999 959 3044 sine
978 3000 1176 3062 periculo
1196 3000 1260 3045 uti
1280 2999 1441 3045 liceret
1466 2998 1672 3044 omnibus
1686 3031 1697 3049 ‚
1715 2995 1771 3042 fic
1791 2997 1924 3044 etiam
1945 3016 2044 3043 om-

228 3066 357 3113 nibus
377 3065 500 3112 nullo
532 3064 788 3111 discrimine
808 3063 1143 3128 propinabatur.
1177 3067 1236 3109 At
1264 3064 1373 3111 vero
1398 3064 1526 3110 brevi
1553 3080 1641 3110 tem
1675 3080 1754 3108 ore
1776 3062 1895 3109 certa
1917 3062 2048 3108 tristi*-

225 3149 312 3196 que
335 3129 609 3196 experientia
633 3145 913 3195 compertum
948 3130 1007 3176 est
1037 3129 1271 3194 plerosque
1287 3163 1300 3183 ,
1333 3129 1410 3193 qui
1447 3129 1569 3176 tenui
1590 3134 1631 3177 el
1653 3143 1727 3177 ent
1756 3127 2009 3176 valetudine
2029 3161 2044 3181 ,

2111 741 2234 778 Virtus
2251 743 2317 779 de-

2085 795 2319 851 coffiGuaia-

2086 859 2129 884 ci.

2114 1474 2264 1513 Utilitas
2274 1475 2321 1518 il-
2336 1510 2353 1527 η,

2090 1526 2169 1567 lius.

2147 2874 2320 2926 Ejusdem

2089 2928 2246 2988 pericula
2285 2936 2321 2969 ὃς

2087 2993 2296 3025 incommea-¹

2090 3033 2148 3073 da.
