2477 3643
631 112 1670 161 ansn111.CA1›u1-V11.
1933 125 2024 180 245

194 198 246 249 'ii
271 198 325 243 iis
356 196 530 247 ‘tantum
558 196 820 259 genitalium
846 195 954 243 locis
984 195 1310 247 observentur,
1342 211 1434 257 quae
1466 191 1698 258 descriptis
1728 196 1910 245 vasculis
1932 199 2020 248 sive
2062 210 2254 264 probauit.

196 262 343 328 potius
363 261 646 308 incerniculis
667 261 831 307 consita
850 260 947 307 sunt
965 280 977 314 3
993 259 1113 308 nulla
1132 260 1306 308 veroin
1327 259 1491 306 caeteris
1514 258 1778 307 eorumdem
1795 264 1991 325 partibus
2005 299 2019 319 ,

197 344 390 390 quorum
418 325 564 390 dispar
585 328 808 372 structura.

249 400 315 437 2⁰.
351 391 487 448 Qubd
522 390 748 437 ulcuscula
781 391 966 443 eadem,
987 408 1081 453 quae
1102 390 1149 435 in
1179 389 1272 436 aliis
1297 388 1562 452 quibusdam
1594 389 1793 454 corporis
1825 391 2023 455 partibus

185 456 462 520 quandoque
487 455 724 519 conspicua
754 455 853 501 sunt
870 490 881 508 ,
902 456 930 500 si
953 456 1071 502 virus
1093 473 1170 519 per
1192 455 1280 500 liaec
1313 456 1412 500 loca
1435 454 1664 501 admissum
1686 453 1822 501 fuerit
1840 488 1852 507 ,
1879 473 2026 520 partes

194 538 267 568 eas
291 520 459 566 tantuin
491 520 727 574 infestent,
758 521 806 566 in
832 520 992 585 quibus
1026 520 1174 566 similis
1202 521 1261 566 est
1287 517 1491 566 similium
1520 519 1902 566 incerniculorum
1935 520 2030 568 sive

196 585 475 632 vasculorum
498 584 666 632 fabrica
686 591 730 632 δέ
752 585 980 650 dispositio
1000 603 1010 638 3
1036 603 1081 630 v.
1099 602 1143 647 g.
1165 583 1357 631 confinia
1380 586 1452 630 ani
1473 619 1484 638 ‚
1506 585 1561 631 ad
1581 601 1715 648 quem
1743 586 1936 649 prostant
1959 585 2027 633 se-

193 649 340 697 baceae
365 649 565 714 plurima:
595 650 811 714 glandulae
830 684 842 703 ,
868 650 989 696 unde
1015 649 1197 712 profluit
1232 649 1392 694 humor
1418 650 1495 697 ille
1522 649 1776 715 subpinguis
1794 684 1806 702 ‚
1831 668 1922 713 quo
1944 669 2026 715 po-

189 713 276 760 dex
297 714 513 761 oblinitur
533 734 543 767 3
568 733 860 762 mammarum
883 714 1060 780 papillas
1077 730 1149 760 aut
1165 714 1424 778 papillarum
1451 733 1570 762 areas
1587 749 1598 767 ‚
1619 716 1666 761 in
1687 714 1846 778 quibus
1878 716 2019 762 latent

188 779 406 842 glandula?
425 779 670 826 consimiles
686 815 698 833 ,
717 798 809 844 quae
827 780 1064 825 humorem
1082 778 1277 824 fundunt
1295 779 1593 841 unguinosum
1610 797 1622 833 3
1641 780 1730 826 oris
1752 778 1870 845 labia
1884 815 1896 834 ‚
1915 780 2027 826 buc-

191 861 261 890 cas
277 878 289 896 ,
321 845 522 908 gingivas
541 879 554 895 ,
574 846 770 906 linguam
789 851 877 891 &c.
907 845 954 889 in
973 844 1133 907 quibus
1151 843 1327 904 lingulis
1347 846 1511 891 constat
1527 844 1714 891 similem
1735 844 1881 893 adesse
1905 844 2028 892 simi-

192 907 304 954 lium
329 909 612 957 vasculorum
632 910 718 956 five
739 909 1117 956 incerniculorum
1136 924 1407 972 apparatum.

234 976 321 1019 -Ex
359 974 425 1020 his
460 974 655 1037 sequitur
682 973 773 1021 soli
803 974 929 1038 supm
955 974 1094 1019 cutim
1116 972 1361 1019 adhaefione
1392 972 1568 1020 seminis
1589 973 1660 1021 vel
1692 973 1912 1021 seminalis
1942 974 2028 1022 hu-

190 1038 330 1084 moris
351 1038 509 1085 viscidi
543 1039 831 1104 corruptique
860 1038 883 1084 a
917 1038 1181 1084 coeuntibus
1212 1036 1351 1084 emiffi
1379 1038 1496 1083 vitus
1525 1039 1829 1085 exulcerandis
1850 1040 2029 1103 genita-

193 1103 307 1149 lium
328 1103 522 1167 partibus
540 1103 744 1169 inspirari
763 1138 774 1156 3
793 1103 865 1149 seu
883 1118 930 1148 ut
949 1102 1181 1166 expressius
1201 1103 1345 1148 dicam
1365 1135 1377 1153 ,
1398 1102 1445 1147 in
1465 1120 1571 1148 cava
1591 1103 1871 1150 vasculorum
1888 1105 2028 1152 modu

192 1166 518 1233 descriptorum
545 1169 754 1233 guttatim
779 1167 979 1233 illapsum
1008 1167 1218 1221 humori,
1250 1183 1385 1230 quein
1415 1168 1649 1214 continent
1669 1203 1681 1222 ‚
1714 1170 1904 1217 latenter
1937 1169 2031 1216 ins-

196 1232 345 1279 tillari.

253 1297 366 1343 lnde
399 1299 459 1344 est
495 1305 554 1342 10.
601 1297 739 1356 Qubd
775 1294 999 1342 ulcuscula
1021 1294 1074 1341 iis
1105 1296 1369 1359 genitalium
1396 1293 1593 1362 partibus
1621 1295 1890 1360 potissimum
1923 1298 2031 1344 insi-

196 1360 330 1406 deant
353 1395 365 1414 ‚
391 1379 485 1425 quae
506 1361 652 1409 vitiosi
682 1363 883 1408 humoris
901 1360 1079 1406 attacsslnii
1100 1362 1239 1424 magis
1258 1363 1463 1409 obnoxia:
1486 1360 1584 1406 sunt
1600 1394 1611 1412 3
1644 1366 1689 1407 ὃς
1711 1361 1757 1406 in
1777 1362 1938 1424 quibus
1958 1363 2030 1409 vi-

193 1425 392 1472 rulentus
426 1426 588 1473 humor
614 1426 881 1492 pertinacius
905 1426 1040 1472 haeret
1074 1446 1083 1471 ε
1115 1430 1165 1471 In
1201 1427 1307 1474 viris
1341 1427 1508 1474 scilicet
1539 1426 1656 1471 inter
1685 1427 1949 1490 praeputium
1984 1434 2031 1474 δε

197 1489 407 1537 balanum
441 1510 452 1545 3
483 1492 530 1537 in
565 1491 762 1538 foeminis
789 1492 899 1539 vero
924 1492 1042 1538 inter
1070 1491 1238 1555 vaginae
1270 1510 1430 1557 rugas,
1457 1488 1690 1554 variasque
1726 1491 1866 1538 vulvae
1898 1491 2034 1557 plicas

195 1553 284 1602 five
313 1558 583 1602 carunculas.
1897 1605 1910 1614 ·

258 1629 322 1666 20.
355 1622 492 1677 Quod
512 1622 564 1667 iis
583 1620 687 1667 vitis
708 1619 984 1683 frequentius
1007 1619 1236 1673 accidant,
1256 1620 1414 1684 quibus
1434 1619 1611 1683 longius
1633 1625 1679 1666 ὃ(
1711 1621 1897 1684 amplius
1923 1640 2034 1687 prae-

196 1685 370 1751 putium
392 1685 599 1732 balanum
619 1690 666 1730 δέ
685 1684 954 1743 ὴιιιῑῑοῐειηξ,
968 1702 1059 1748 quo
1078 1683 1258 1731 balanus
1279 1685 1428 1732 madet
1445 1719 1457 1737 ‚
1479 1683 1635 1731 arctius
1651 1685 1997 1749 comprehendit
2015 1707 2028 1743 3

198 1749 336 1797 rarius
357 1750 465 1796 verb
496 1749 761 1797 circumcisis
780 1754 824 1795 δε
848 1749 996 1813 apellis
1012 1783 1025 1802 ,
1050 1749 1210 1812 quibus
1232 1767 1325 1797 arte
1345 1749 1523 1814 praeciso
1549 1750 1787 1814 pi‘aeputi0‚
1816 1767 1890 1796 aut
1924 1770 2027 1799 ver-

200 1815 268 1879 pis
286 1847 298 1866 3
313 1815 473 1877 quibus
493 1816 704 1880 praeputio
730 1814 886 1860 natura
914 1813 1124 1860 breviore
1141 1814 1267 1878 glans
1288 1815 1462 1862 dete&a
1481 1816 1540 1861 est
1558 1848 1571 1866 ‚
1604 1814 1724 1861 unde
1751 1814 1922 1862 facilius
1952 1835 2032 1864 ex-

202 1896 409 1941 tergitur.

265 1952 328 2005 30.
363 1943 501 2003 Quod
519 1943 640 1990 idem
661 1942 773 1989 &in
789 1941 985 1989 foeminis
1008 1960 1190 2006 quoque
1216 1942 1442 1988 observari
1473 1942 1680 1990 videatur
1697 1976 1711 1996 ‚
1739 1960 1926 2007 quarum
1948 1961 2034 1989 cae-

195 2010 301 2057 teris
337 2008 514 2073 paribus
550 2007 784 2055 ulcusculis
817 2007 913 2053 illas
941 2007 1181 2072 praesertim
1213 2006 1410 2053 infestari
1442 2024 1723 2073 compertum
1755 2011 1844 2061 est,
1872 2008 2034 2073 quibus

195 2074 412 2138 ampliora
438 2073 640 2138 pterygia
676 2073 885 2136 vaginam
918 2072 1100 2118 strietius
1132 2072 1377 2118 occludunt
1396 2106 1409 2125 ,
1442 2073 1638 2138 ideoque
1664 2073 1938 2121 virulentum
1965 2074 2034 2121 se·-

196 2157 304 2188 men
323 2173 334 2192 ‚
355 2138 479 2202 quod
498 2137 693 2184 infusum
715 2140 774 2185 est
788 2172 801 2190 ,
830 2136 1097 2202 pertinacius
1117 2137 1326 2183 retinent.

263 2213 333 2263 40.
369 2203 564 2250 Demum
582 2202 702 2266 qubd
722 2201 1173 2248 ulcuscularariffime
1193 2202 1389 2265 affligant
1406 2235 1418 2253 ,
1438 2202 1466 2247 fi
1496 2204 1587 2267 post
1603 2201 1847 2267 suspeetam
1865 2202 2032 2249 coitio-

198 2286 303 2317 nem
331 2269 542 2332 genitalia
572 2269 679 2315 vino
701 2302 713 2320 ,
742 2268 854 2330 aquai
880 2266 952 2313 vel
981 2268 1095 2314 lotio
1120 2268 1254 2330 quam
1284 2266 1481 2312 citiffime
1510 2267 1781 2314 mundentur
1804 2272 1850 2312 δε
1876 2268 2033 2314 eluan-

199 2351 272 2382 tur
294 2353 304 2386 3
327 2333 480 2379 contra
511 2334 619 2379 veri)
645 2332 863 2396 saepiffime
885 2366 896 2384 ,
917 2331 946 2376 fi
966 2332 1091 2377 illota
1115 2333 1345 2377 tradantur
1376 2332 1540 2395 paedori
1561 2338 1606 2378 &
1627 2331 1866 2396 spurcitiei.

264 2398 411 2444 Modb
441 2399 557 2444 dieta
589 2397 792 2443 volumus
824 2395 994 2442 tantum
1020 2397 1077 2443 de
1113 2396 1199 2441 illis
1231 2394 1463 2441 ulcusculis
1497 2396 1688 2459 intelligi
1719 2431 1731 2449 ‚
1763 2413 1857 2460 quat
1891 2394 2034 2442 solent

202 2462 344 2509 coitui
364 2463 540 2525 imputo
566 2461 824 2507 immediate
856 2461 1122 2514 succedere3
1145 2479 1247 2506 nam
1282 2477 1436 2507 caetera
1459 2479 1554 2525 quat
1586 2462 1694 2507 citra
1713 2459 2002 2507 concubitum
2017 2493 2033 2513 ,

201 2527 357 2573 saltem
386 2526 463 2589 qui
490 2525 704 2589 suspectus
729 2524 777 2570 sit
793 2559 804 2576 ,
826 2525 849 2570 εὶ
876 2526 950 2570 lue
975 2529 1064 2586 jam
1093 2525 1268 2590 pridem
1290 2525 1455 2572 latente
1473 2525 1628 2590 sponte
1663 2525 1927 2589 repullulant
1947 2558 1958 2576 ‚
1981 2543 2034 2571 ea

201 2591 305 2639 sane
342 2590 530 2655 produci
565 2589 841 2636 manifestum
874 2592 932 2636 est
951 2624 963 2642 ,
991 2607 1084 2635 non
1109 2590 1162 2636 ab
1192 2591 1338 2637 alieno
1368 2591 1556 2637 seminio
1575 2624 1587 2642 ,
1606 2591 1730 2654 quod
1760 2589 2032 2636 extrinsecus

203 2657 415 2703 adveniat
447 2690 460 2708 ‚
500 2654 575 2700 sed
603 2655 627 2699 a
654 2653 842 2700 seminio
868 2672 1063 2701 venereo
1100 2655 1224 2718 quod
1259 2659 1347 2716 jam
1378 2654 1547 2701 dudum
1576 2654 1777 2718 sanguini
1806 2654 1903 2699 insit
1930 2688 1942 2706 ,
1985 2659 2033 2700 &

202 2721 329 2784 quod
355 2722 378 2765 a
401 2720 559 2765 vitiato
589 2718 797 2782 sauguine
822 2719 1004 2767 humori
1034 2719 1221 2767 sebaceo
1248 2719 1373 2784 supra
1393 2720 1616 2785 descripto
1644 2719 1935 2766 circulatione
1964 2717 2032 2765 la-

205 2801 350 2832 tenter
380 2785 744 2830 subministretur.
1518 2841 1521 2844 ἱ

271 2849 322 2894 Id
342 2866 478 2894 unum
497 2849 596 2894 miri
615 2848 753 2894 subest
771 2847 794 2892 31
815 2865 992 2895 veneno
1010 2847 1171 2894 eodem
1202 2848 1469 2910 genitalibus
1495 2848 1622 2893 simili
1650 2849 1824 2894 ratione
1857 2845 2028 2893 affrieto

205 2911 460 2960 affectiones
497 2928 583 2958 tam
616 2913 809 2958 diversas
840 2913 888 2956 in
918 2912 1096 2957 diversis
1116 2946 1128 2963 ‚
1161 2913 1299 2957 modo
1330 2913 1643 2974 gonorilioeam
1663 2946 1674 2964 ‚
1710 2912 1844 2957 modi)
1881 2911 2029 2957 bubo-

205 2996 309 3025 nem
329 3011 341 3029 ,
362 2976 499 3023 modo
528 2977 747 3022 ulcuscula
768 2975 1004 3028 cancrosa‚
1030 2976 1168 3020 modb
1194 2977 1282 3021 liaec
1302 2977 1454 3022 omnia
1483 2976 1607 3022 simul
1637 2976 1806 3024 inferri.
1843 2976 1925 3022 Sed
1960 2978 2029 3023 vi·-

210 3043 343 3090 detur
376 3042 518 3087 nodus
539 3041 612 3086 ille
632 3040 832 3105 expediri
851 3040 968 3104 posse
992 3040 1169 3102 gemina
1194 3039 1449 3087 differentia
1467 3058 1559 3104 qua?
1578 3041 1625 3086 in
1653 3043 1815 3088 veneni
1835 3040 2029 3088 efficacia

212 3106 452 3155 intercedit
472 3140 483 3159 ,
503 3105 639 3151 alter-3.
652 3123 783 3170 penes
797 3105 1016 3152 diversam
1033 3106 1123 3151 vim
1141 3138 1152 3157 ,
1167 3105 1253 3168 qua
1269 3106 1403 3169 pollet
1421 3107 1537 3152 virus
1555 3140 1566 3159 ,
1584 3107 1707 3170 quod
1725 3107 1814 3171 agit
1833 3126 1844 3161 3
1866 3107 2000 3156 altera
2015 3142 2029 3163 ‚

210 3190 348 3238 penes
369 3171 589 3221 diversam
610 3172 827 3237 partium,
847 3171 896 3218 in
921 3188 1027 3235 quas
1054 3170 1142 3236 agit
1163 3204 1176 3225 ,
1192 3170 1563 3220 constitutionem.

1644 3234 1813 3299 Hhiij

2102 2863 2316 2915 Explicatur

2076 2929 2153 2969 quo
2197 2917 2314 2974 modo

2078 2980 2295 3020 contagium

2077 3021 2170 3057 idem
2190 3021 2312 3058 diver-

2079 3072 2134 3109 sos
2157 3073 2310 3111 diversi-

2079 3125 2189 3163 niode
2216 3124 2309 3165 affi-

2080 3177 2167 3224 ciat2
