2477 3643
256 1649 461 1690 Secundam

227 1703 277 1740 ab
300 1715 390 1739 anno

239 1754 437 1804 1516.ad

235 1819 366 1845 annum

234 1870 347 1907 1526.
367 1871 429 1909 per

229 1923 343 1963 quam
357 1911 464 1949 adve-

235 1964 318 2001 nere
346 1963 419 2000 duo

157 2057 168 2070 ἱ
232 2028 329 2053 nova
345 2015 465 2068 symp-

228 2080 374 2106 tomata
402 2082 463 2106 ex-

231 2120 370 2156 ostoses
392 2126 427 2158 &

231 2184 394 2211 vetrucae
406 2171 465 2210 scu

232 2225 333 2277 porri
361 2226 462 2277 geni-

229 2276 372 2316 talium.

495 125 564 172 '66
878 120 983 169 DE
1045 117 1988 169 MORBISVENEREIS.

484 231 524 264 v2·
544 202 795 253 exedebat-it
813 220 940 253 more
967 220 1125 252 eorum
1145 202 1344 251 ulcerum
1360 235 1373 256 ,
1403 217 1498 267 quae
1555 199 1857 267 hagaeclemica.
1871 202 2178 277 appellantur,
2206 219 2338 271 atque
2365 208 2369 209 ⁷

502 298 528 317 ,‚
550 269 781 318 interdum
810 287 902 317 non
930 268 1041 316 solas
1070 285 1222 316 carnes
1241 301 1253 319 ‚
1283 266 1357 314 sed
1385 271 1430 313 δε
1460 284 1487 313 o
1525 285 1548 314 a
1566 268 1700 316 etiam
1726 267 1741 315 i
1777 267 1818 316 sa
1843 268 2120 317 inficiebant.
2162 271 2340 328 Quibus

505 361 530 379 υ
551 352 698 384 autem
728 336 849 399 circa
872 334 1100 399 superiora
1124 333 1307 398 vigebat
1338 331 1502 380 malum
1518 366 1530 385 ‚
1547 330 1603 378 iis
1618 331 1742 381 destil
1763 333 1932 381 ationes
1947 352 2091 399 pravae
2105 336 2341 398 continge-

503 426 529 445 υ
551 401 660 447 bant
681 436 694 455 ‚
712 419 808 465 quae
824 401 962 447 modo
981 399 1192 464 palatum,
1213 397 1352 445 modo
1371 413 1711 461 gargareonem,
1733 399 1871 445 modo
1886 398 2033 446 fauces
2048 434 2060 453 ,
2083 406 2128 447 ὃς
2145 400 2342 448 :tonsillas

505 496 531 513 υ
552 466 801 513 erodebant
825 485 833 511 ε
855 465 972 512 labia
988 463 1254 528 quibusdam
1272 462 1532 527 consumpta
1551 461 1649 508 sunt
1664 497 1677 515 ‚
1697 463 1963 527 quibusdam
1978 464 2106 511 nasus
2125 500 2137 518 ,
2157 466 2343 529 quibus-

506 562 532 578 ‚‚
554 532 656 577 dam
676 531 811 583 oculi,
826 531 920 576 aliis
934 530 1143 596 pudenda
1157 545 1261 576 tota.
1283 527 1455 574 Adhaec
1471 544 1618 574 autem
1633 529 1791 591 magna
1804 548 1857 576 ex
1874 547 1998 594 parte
2013 529 2344 595 gummositates

506 625 531 642 η
553 596 753 658 quaedam
772 613 850 661 pei·
871 595 1075 642 membra
1094 592 1439 641 concrescebant
1460 593 1621 656 magna
1641 593 1953 649 deformitate3
1984 614 2088 642 nam
2107 595 2214 660 saepe
2235 597 2342 649 ovi,

506 689 532 708 n
560 661 668 723 saepe
687 664 809 726 panis
826 660 1183 724 magnitudinem
1194 658 1431 723 aequabant
1446 692 1458 710 ‚
1475 658 1635 722 quibus
1649 659 1806 722 apertis
1821 679 1977 706 mucor
1995 660 2171 708 suberat
2189 659 2313 709 albus
2326 695 2342 715 ‚

509 755 535 774 υ
563 727 882 789 mucilagineus
904 746 913 772 :
933 730 1089 772 Tena'x
1101 726 1135 771 is
1153 726 1286 771 callus
1304 724 1496 770 maxime
1515 724 1560 769 in
1580 723 1772 770 brachiis
1793 730 1838 770 ὃς
1860 725 2060 772 cruribus
2078 725 2310 773 accidebat
2328 761 2344 779 ‚

509 821 535 838 2,
554 793 629 854 qui
657 792 885 838 interdum
917 791 1198 838 ulcerabatur
1220 824 1232 843 ,
1280 789 1510 836 interdum
1542 790 1717 853 integer
1746 789 1882 852 usque
1926 791 1981 836 ad
2009 808 2201 843 mortem
2242 810 2344 857 per-

507 884 533 902 „
556 856 798 903 severabat.
839 861 999 904 Praeter
1033 856 1238 922 praediCta
1269 856 1421 900 omnia
1444 887 1456 906 ,
1491 854 1611 918 quasi
1647 872 1781 917 parva
1812 855 1888 901 illa
1921 854 2106 908 forent,
2138 857 2343 920 ingentes

508 949 534 966 ω
557 922 823 968 lacertorum
840 922 1019 969 dolores
1035 921 1307 968 accedebant
1324 954 1336 972 ,
1351 919 1458 984 saepe
1479 937 1580 965 cum
1605 919 1701 983 ipfis
1722 920 1897 983 pustulis
1915 954 1928 973 ,
1958 921 2187 967 interdum
2213 923 2313 967 ante
2328 955 2345 975 ‚

508 1013 534 1031 ι,
556 1005 892 1051 nonnumquam
925 987 1014 1052 post
1035 1021 1046 1040 ‚
1078 992 1124 1032 &
1146 985 1224 1051 ipfi
1251 984 1436 1048 quidem
1456 984 1656 1030 diuturni
1676 990 1691 1037 ,’
1709 985 1871 1047 quibus
1890 986 2003 1032 nihil
2025 985 2248 1033 crudelius
2266 987 2345 1033 ad-

506 1080 532 1098 »,
553 1068 661 1099 erat.
704 1053 977 1117 Affligebant
1005 1052 1219 1117 praecipue
1247 1052 1412 1102 noCh13
1440 1049 1571 1096 dolor
1599 1066 1746 1096 autem
1772 1067 1865 1095 non
1890 1051 2069 1116 proprie
2096 1051 2142 1097 in
2171 1054 2344 1111 junctu-

505 1145 532 1164 „
555 1118 612 1163 ris
638 1118 805 1170 inerat,
835 1118 910 1165 sed
937 1119 1056 1164 circa
1081 1118 1271 1164 lacertos
1301 1114 1417 1179 ipsos
1447 1120 1493 1161 δε
1526 1132 1702 1161 nervos.
1740 1114 1910 1163 Verum
1940 1116 2234 1164 nihilominus
2254 1117 2345 1166 fine

504 1210 529 1230 υ
551 1182 710 1229 dolore
738 1184 828 1229 ullo
856 1184 1119 1230 oriebantur
1147 1181 1319 1246 pustula:
1341 1214 1352 1232 ‚
1381 1179 1649 1243 quibusdam
1679 1181 1769 1226 sine
1799 1181 1976 1245 pustulis
2008 1182 2186 1228 dolores
2206 1216 2218 1234 ‚
2250 1201 2345 1230 ma·-

505 1274 532 1293 ω
553 1252 622 1309 jor
650 1267 746 1313 pars
770 1248 967 1312 utrisque
993 1247 1283 1311 affligebatur.
1323 1245 1497 1292 Interea
1527 1245 1798 1307 languebant
1823 1247 2023 1292 membra
2047 1248 2225 1299 omnia,
2250 1267 2344 1295 ma-

506 1340 532 1359 „
552 1313 642 1359 cies
670 1332 829 1378 corpus
858 1313 1089 1361 detinebat
1108 1347 1121 1366 ,
1154 1312 1325 1358 nullum
1352 1310 1505 1357 aderat
1537 1309 1804 1357 desiderium
1839 1310 1928 1356 cibi
1951 1346 1963 1363 ‚
1993 1311 2137 1358 nullus
2168 1313 2345 1361 somnus

507 1401 533 1420 υ
557 1378 634 1424 sed
665 1398 832 1426 moeror
855 1384 901 1425 &
933 1378 1169 1424 iracundia
1200 1376 1361 1422 assidua
1384 1409 1396 1425 ‚
1431 1380 1476 1421 ὃ(
1512 1392 1637 1420 amor
1671 1374 1937 1428 decubitsis3
1967 1375 2101 1423 facies
2135 1382 2180 1422 &
2215 1396 2345 1426 crura.

502 1466 527 1483 υ
553 1444 818 1507 turgebant3
853 1443 1124 1507 quandoque
1154 1447 1198 1488 &
1221 1440 1436 1488 febricula
1456 1440 1657 1504 quaedam
1677 1440 2062 1488 concomitabatur
2078 1476 2089 1493 ,
2114 1441 2191 1488 sed
2215 1445 2343 1497 τευ-ὸς

504 1530 530 1550 u
551 1508 735 1555 dolebat
765 1508 1032 1573 quibusdam
1062 1523 1192 1574 caput
1210 1541 1223 1559 ‚
1253 1505 1386 1552 dolor
1412 1506 1449 1551 is
1481 1521 1575 1553 erat
1596 1506 1831 1552 diuturnus
1853 1511 1898 1552 &
1923 1505 2053 1552 nullis
2077 1507 2346 1555 medicami-

505 1597 530 1616 υ
551 1573 680 1621 nibus
708 1592 879 1638 parens.

573 1644 640 1684 11.
662 1640 889 1685 ‘periodus
916 1639 1054 1685 altera
1072 1637 1123 1683 ab
1144 1655 1262 1683 anno
1299 1654 1314 1680 1
1333 1655 1346 1697 ς
1364 1641 1433 1680 16.
1454 1635 1509 1680 ad
1532 1652 1696 1681 annum
1723 1653 1737 1680 1
1756 1654 1771 1698 ς
1787 1641 1858 1680 26.
1882 1653 2020 1681 annos
2040 1635 2195 1682 decem
2214 1655 2347 1683 com-

508 1703 713 1768 pledtitur
731 1738 743 1756 ,
772 1722 863 1769 quo
896 1704 1109 1768 temporis
1140 1701 1377 1748 intervallo
1401 1699 1610 1747 videntur
1631 1716 1877 1747 memorata
1895 1699 2189 1765 symptomata
2207 1735 2219 1753 ,
2252 1721 2347 1765 qux

510 1769 605 1833 pari
639 1769 925 1816 vehementia
958 1768 1253 1832 pervigebant
1275 1800 1287 1818 ‚
1323 1764 1497 1811 duobus
1534 1765 1663 1811 novis
1697 1766 2000 1830 symptomatis
2029 1768 2151 1812 aucta
2185 1764 2311 1816 fuiss'e
2331 1802 2350 1822 ,

512 1851 707 1897 quorum
735 1836 835 1880 ante
866 1833 1026 1880 nullibi
1060 1833 1336 1879 mentionem
1364 1829 1522 1875 factam
1548 1829 1675 1876 fuisse
1705 1831 1907 1894 legimus.
2209 1846 2212 1848 ·

575 1900 696 1945 Prius
728 1915 855 1946 erant
884 1898 1100 1946 exostoses
1124 1916 1225 1943 cum
1253 1896 1349 1942 ollis
1376 1896 1494 1941 carie
1522 1896 1785 1959 plerumque
1813 1898 1994 1956 juncte,
2021 1912 2127 1957 quas
2152 1897 2348 1948 Ioannes

513 1962 571 2009 de
601 1964 718 2025 Vigo
755 1983 873 2010 anno
906 1981 1041 2027 1519.
1076 1963 1242 2027 primus
1271 1960 1473 2006 omnium
1507 1960 1561 2006 fic
1593 1958 1874 2007 describebat
1895 1995 1908 2013 ,
1937 1963 2130 2006 Ρνιτὲἕὶσιε
2164 1962 2348 2006 Chirur-

507 2032 604 2094 gicae
638 2024 735 2075 Lib.
769 2048 800 2091 5.
830 2043 921 2094 cap.
950 2047 980 2073 1.
1017 2050 1039 2066 n
1066 2028 1281 2074 Similiter
1313 2042 1494 2089 quoque
1515 2043 1615 2071 cum
1637 2025 1762 2070 dictis
1788 2025 1961 2089 pustulis
1985 2025 2054 2070 vel
2076 2024 2228 2070 saltem
2257 2027 2350 2090 post

514 2119 539 2137 η
562 2110 715 2139 earum
743 2109 893 2139 ortum
916 2092 1023 2139 inde
1050 2092 1106 2138 ad
1134 2090 1330 2138 mensem
1360 2108 1462 2136 cum
1488 2089 1680 2136 dimidio
1705 2090 1776 2136 vel
1807 2090 1923 2135 circa
1942 2123 1954 2141 ‚
1982 2089 2150 2153 patiens
2176 2089 2351 2136 labora-

514 2184 538 2202 „
560 2158 625 2204 vit
663 2158 896 2204 doloribus
928 2156 1124 2203 clamosis
1156 2155 1382 2203 interdum
1418 2155 1535 2200 circa
1565 2154 1763 2201 frontem
1790 2188 1802 2206 ‚
1834 2154 2060 2200 interdum
2093 2155 2138 2199 in
2172 2153 2348 2218 spatulis

512 2250 536 2268 υ
560 2227 607 2268 &
638 2222 833 2269 humeris
856 2229 901 2269 ὃς
921 2222 1115 2269 brachiis
1136 2256 1148 2273 ,
1179 2228 1225 2267 &
1249 2220 1488 2283 aliquando
1508 2221 1554 2265 in
1574 2220 1694 2265 tibiis
1713 2254 1725 2272 ‚
1754 2220 1876 2265 coxis
1894 2225 1938 2265 δι’
1960 2219 2141 2264 anchiis⁰
2180 2225 2217 2264 A
2242 2221 2351 2283 qui·-

511 2314 535 2332 η
560 2286 640 2332 bus
669 2288 904 2334 doloribus
933 2286 1171 2351 aliquando
1201 2286 1394 2332 multum
1422 2286 1512 2349 post
1533 2300 1704 2348 tempus
1724 2319 1736 2337 ,
1765 2284 1978 2331 videlicet
1998 2285 2090 2348 post
2111 2301 2276 2330 annum
2300 2290 2348 2332 δε

509 2380 533 2396 ‚‚
556 2352 672 2397 ultra
700 2352 901 2416 quaedam
929 2352 1190 2399 oriebantur
1210 2350 1534 2397 skirrhofitates
1564 2349 1619 2395 ad
1635 2350 1761 2396 instar
1780 2349 1935 2395 offium
1950 2383 1961 2400 ‚
1983 2348 2006 2394 a
2029 2348 2189 2411 quibus
2207 2367 2349 2413 aegro-

508 2442 534 2460 2,
556 2432 699 2462 rantes
730 2418 961 2465 doloribus
988 2416 1183 2463 clamofis
1209 2415 1508 2465 vexabantur,
1541 2414 1780 2479 pr'aesertim
1807 2431 2010 2478 tempore
2037 2413 2177 2459 nocTtis
2206 2419 2249 2460 &
2277 2414 2350 2461 se-

507 2509 532 2525 s,
553 2480 773 2528 dabantur
793 2483 840 2528 in
858 2483 931 2529 die
952 2516 1120 2530 .......
1155 2486 1276 2543 cujus
1308 2480 1479 2526 doloris
1497 2479 1594 2525 finis
1627 2478 1721 2525 fere
1743 2478 1913 2544 semper
1940 2478 2026 2524 fuit
2054 2496 2101 2523 os
2136 2483 2182 2524 δε
2211 2479 2348 2525 almo-

507 2570 531 2588 ω
555 2546 706 2591 chatin
736 2566 1024 2613 corrumpere
1041 2581 1053 2601 ,
1084 2552 1130 2594 «Sc
1148 2546 1305 2594 vitiare
1325 2579 1337 2603 ,
1363 2544 1747 2609 quemadmodum
1774 2546 1822 2590 in
1844 2542 2105 2592 ventositate
2126 2543 2255 2608 spinae
2275 2561 2350 2599 aea,

507 2635 532 2652 u
558 2611 683 2656 cidit.

572 2675 788 2721 Posterius
814 2675 924 2723 vero
951 2675 1075 2722 fuere
1104 2691 1296 2722 verrucae
1325 2678 1370 2720 &
1394 2672 1519 2737 porri
1544 2673 1661 2718 circa
1690 2672 1902 2736 genitalia
1928 2671 2346 2737 progerminantes,

506 2738 567 2784 de
585 2739 743 2801 quibus
763 2739 991 2802 sequentia
1009 2739 1195 2802 legimus
1215 2738 1330 2803 apud
1350 2743 1530 2784 Petrum
1551 2737 1849 2798 Maynardum
1868 2770 1882 2788 ,
1918 2738 2121 2782 Tmffatu
2147 2738 2195 2781 de
2213 2743 2278 2783 M
2280 2755 2347 2782 or-

506 2802 555 2847 bo
583 2806 744 2850 Gallico
766 2842 779 2856 ,
811 2819 902 2869 cap.
923 2824 966 2862 4.
999 2821 1133 2866 quem
1160 2803 1277 2848 circa
1304 2802 1427 2848 idem
1456 2818 1628 2866 tempus
1661 2796 1871 2865 scriptum
1902 2799 2029 2846 fuiffe
2057 2801 2176 2846 haud
2204 2801 2347 2847 inanis

507 2869 572 2914 est·
593 2869 844 2929 conjectura
865 2902 877 2920 ,
912 2891 932 2905 u
971 2867 1210 2933 Propterea
1232 2901 1244 2919 ‚
1276 2871 1406 2930 inquit
1439 2905 1453 2919 ,
1500 2866 1689 2912 dicimus
1721 2866 1843 2929 quod
1875 2864 2045 2929 lignum
2076 2864 2346 2930 potissimum

506 2957 533 2976 u
557 2931 683 2993 hujus
717 2932 866 2979 morbi
885 2933 1043 2978 Gallici
1065 2967 1075 2985 ,
1108 2949 1156 2978 ut
1186 2931 1461 2997 experientia
1489 2931 1682 2978 vidimus
1702 2964 1715 2982 ,
1747 2929 1844 2977 sunt
1876 2930 2050 2995 pustula:
2086 2947 2346 2994 apparentes

508 3022 534 3040 n
553 2997 601 3042 in
629 2998 908 3045 extremitate
937 2997 1145 3045 mentulae
1171 2998 1219 3043 in
1248 2997 1353 3043 viris
1370 3031 1382 3049 ‚
1408 3002 1454 3042 δε
1481 2997 1529 3043 in
1559 3014 1641 3044 ore
1665 2995 1807 3043 vulvae
1836 2996 1885 3041 in
1913 2995 2170 3042 mulieribus
2185 2993 2274 3041 five
2297 2995 2345 3042 in

508 3086 535 3104 ω
556 3060 674 3106 collo
699 3063 926 3115 matricis,
958 3069 1005 3109 δε
1037 3063 1228 3128 pruritus
1257 3063 1304 3107 in
1330 3061 1528 3126 partibus
1558 3061 1748 3108 seminis.
1792 3063 1902 3119 Quae
1932 3059 2101 3124 pustulae
2130 3074 2177 3103 ut
2204 3059 2344 3123 pluri<

507 3149 532 3168 u
555 3125 676 3173 mum
693 3126 959 3174 ulcerantur.
1001 3131 1055 3173 Et
1073 3143 1113 3173 ut
1123 3127 1345 3194 plurimitm
1365 3126 1469 3171 dico
1490 3161 1502 3180 ‚
1521 3127 1623 3189 quia
1651 3125 1890 3170 nonnullos
1909 3124 2004 3171 vidi
2032 3122 2247 3172 habentes
2264 3123 2344 3173 has

506 3211 534 3244 ρ)
551 3190 735 3254 pustulas
762 3191 985 3240 induratas
1003 3225 1016 3247 ,
1050 3208 1098 3240 ut
1129 3192 1226 3241 sunt
1257 3208 1478 3246 verrucae,
1510 3191 1626 3240 clavi
1650 3195 1696 3237 δε
1723 3189 1863 3253 porri.
