2477 3643
453 153 544 204 1243
811 146 918 191 DE
979 144 1918 202 MOR1318²VENE³R⁷2E1s

443 228 559 276 rium
579 260 592 281 ,
608 225 745 275 sulfur
761 225 916 274 vivum
930 260 942 279 ,
964 243 1178 273 tartarum
1197 226 1398 279 rubrum,
1417 226 1588 273 cineres
1601 217 1927 274 sarmentorum
1940 260 1953 279 ‚
1970 224 2164 273 theriaca
2177 230 2272 274 &cI

442 311 539 357 quae
561 293 727 358 singula
743 292 922 339 diverso
937 309 1127 339 numero
1155 298 1200 337 ὃς
1220 290 1313 337 dofi
1328 292 1377 335 i'n·
1395 291 1527 342 variis
1547 291 1792 338 linimentis
1810 290 1930 337 varia
1943 325 1955 343 ‚
1984 291 2032 336 in
2050 292 2267 338 mortario

444 358 583 422 probe
600 357 874 404 comminuta
891 362 936 402 ὃς
950 359 1178 402 commista
1191 357 1236 401 in
1252 355 1446 400 formam
1461 356 1683 402 linimenti
1698 356 2028 420 subigebantur.
2048 358 2271 418 Unguen-

444 438 493 469 to
518 423 762 469 istiusmodi
783 422 925 467 calide
947 421 1001 466 ad
1021 423 1172 484 ignem
1190 420 1427 467 illinebant
1446 436 1621 466 artuum
1642 424 1859 482 jundffmras
1873 455 1886 473 ,
1906 420 2111 483 artusque
2132 420 2270 483 usque

446 488 503 533 ad
518 488 664 534 axillas
692 488 762 534 vel
787 485 972 549 inguina
989 520 1002 537 ,
1030 487 1123 531 imo
1149 503 1307 549 corpus
1333 483 1590 532 universum
1610 519 1623 537 ,
1652 485 1913 532 abstinendo
1939 484 2111 530 tantum
2129 485 2153 529 a
2171 502 2273 548 par-

447 553 563 599 tibus
580 586 593 605 ,
622 570 729 615 quas
756 553 1004 614 principales
1034 550 1284 602 vocabant,
1316 567 1475 614 nempe
1503 549 1558 594 ab
1583 549 1825 597 abdomine
1845 583 1857 602 ,
1885 549 2067 595 thorace
2087 582 2099 600 ‚
2128 553 2174 596 84
2200 566 2275 594 ca-

445 618 538 683 pite
554 651 566 670 ,
590 616 644 661 sic
662 617 821 681 pluries
840 615 1045 661 iterando
1068 615 1214 661 donec
1235 614 1462 660 manifesta
1478 615 1768 661 imminerent
1788 614 2003 679 ptyalismi
2026 612 2208 659 indicia.

187 701 314 741 cerati
329 699 401 739 five
513 692 575 728 20.
614 681 824 727 Materies
847 679 984 726 cerati
1016 678 1104 726 slve
1123 679 1342 743 emplastri
1362 678 1637 725 mercurialis
1658 679 1816 726 eadem
1841 695 1937 725 erat
1960 697 2008 724 ac
2031 674 2277 728 linimenti,

168 752 363 804 emplastri.
446 746 535 794 hoc
568 764 657 792 uno
689 744 859 792 tantum
888 742 1144 790 discrimine
1176 743 1297 806 quod
1324 744 1499 808 parcior
1532 743 1638 788 effer
1670 744 1867 807 axungiae
1891 743 2111 806 quantitas
2132 777 2146 796 ‚
2177 757 2277 790 cera

448 812 558 858 vero
581 810 801 874 suppleret
818 809 941 873 quod
964 809 1022 855 de
1039 811 1237 871 axungiae
1265 809 1512 871 quantitate
1534 806 1784 854 decedebat
1804 842 1816 860 ,
1845 823 1894 852 ut
1913 808 1965 853 ea
1983 808 2154 854 ratione
2181 825 2277 854 ern-

447 877 603 940 plastro
636 875 785 920 debita
812 874 994 921 firmitas
1021 873 1350 920 conciliaretur.
1389 872 1621 919 Famosum
1651 877 1697 918 &
1725 871 1802 917 usu
1829 871 2018 917 maxime
2049 888 2278 936 receptum

448 941 557 985 olim
587 939 672 985 fuit
702 942 919 986 Ceratum
948 939 972 983 a
1003 941 1176 991 Joanne
1206 938 1263 984 de
1294 938 1412 1000 Vigo
1445 936 1717 1000 descriptum
1740 970 1753 988 ,
1781 938 1973 983 Prafticae
2005 936 2105 982 Lib.
2123 954 2156 998 5.
2180 952 2278 1001 cap.

456 1021 496 1050 2.
531 1004 655 1068 quod
672 1007 716 1063 s}
746 1007 888 1050 millies
925 1018 1131 1066 expertum
1158 1004 1226 1064 effi
1256 1007 1315 1048 ait
1348 1021 1434 1048 cum
1463 1003 1605 1047 honore
1631 1000 1682 1047 Εὖ·
1712 1003 1886 1046 militate
1912 1019 1989 1046 non
2014 1000 2189 1064 pez-tvai,
2230 1006 2279 1047 δε

449 1070 574 1131 quod
599 1069 710 1115 dicit
735 1067 820 1114 esse
848 1067 1080 1128 nobilifflmae
1104 1071 1352 1132 operationis.
1397 1071 1540 1127 Hujus
1559 1064 1753 1111 formula
1774 1064 1911 1110 obvia
1931 1067 1988 1111 est
2009 1066 2056 1109 in
2076 1065 2283 1128 pharmas

450 1134 616 1198 copoeis
647 1132 854 1179 omnibus
880 1134 1065 1179 nomine
1094 1130 1320 1196 Emplastri
1349 1131 1396 1177 de
1424 1136 1530 1194 Vigo
1548 1170 1562 1184 ,
1586 1129 1661 1177 sed
1684 1131 1732 1174 in
1753 1148 1840 1193 quo
1863 1131 2182 1194 componendo
2206 1130 2278 1176 so-

450 1198 514 1244 let
540 1198 691 1261 augeri
720 1197 911 1243 adhibiti
936 1196 1154 1243 Mercurii
1176 1196 1421 1259 quantitas,
1451 1193 1524 1241 seu
1552 1211 1599 1241 ut
1619 1195 1743 1240 aiunt
1762 1228 1773 1246 ‚
1804 1195 2131 1258 quadruplicari.
2174 1198 2280 1240 Hoc

451 1264 682 1324 emplastro
705 1262 777 1308 seu
809 1278 959 1309 cerato
983 1262 1108 1326 super
1139 1261 1304 1306 alutam
1324 1259 1506 1306 extenso
1526 1276 1699 1305 artuum
1722 1263 1941 1320 jum-sturas
1957 1293 1968 1310 ,
2003 1275 2119 1304 artus
2146 1258 2278 1323 ipsos,

453 1343 688 1392 totumque
710 1328 911 1391 corporis
946 1327 1148 1373 habitum
1181 1325 1513 1388 contegebant,
1547 1324 1742 1388 exceptis
1771 1340 1818 1368 ut
1851 1323 1989 1368 modo
2024 1323 2192 1369 dietum
2222 1324 2282 1370 de

452 1393 686 1440 linimento
702 1426 714 1444 ‚
747 1409 905 1439 ventre
926 1427 938 1446 ,
973 1391 1155 1437 thorace
1187 1395 1233 1435 δε
1267 1391 1409 1454 capite
1427 1423 1439 1442 ,
1466 1406 1612 1453 neque
1630 1387 1924 1435 detrahebant
1945 1387 2023 1433 nifi
2043 1389 2187 1452 prima
2204 1406 2286 1453 ap-

453 1475 660 1523 paterent
681 1458 956 1503 imminentis
977 1455 1196 1521 ptyalismi
1218 1454 1399 1499 indicia.

176 1540 408 1582 Etsuffumi-
519 1532 581 1584 30.
617 1520 794 1570 Suffitus
821 1541 873 1568 ex
908 1521 1035 1567 simili
1066 1518 1334 1584 parabantur
1364 1517 1549 1564 materie
1569 1550 1581 1569 ,
1613 1534 1774 1581 nempe
1802 1535 1855 1563 ex
1886 1517 2119 1563 Mercurio
2144 1517 2282 1564 saliva

174 1596 242 1649 gii.
455 1603 530 1632 aut
551 1586 854 1635 terebinthina
874 1587 1069 1632 extincto
1090 1617 1103 1636 ‚
1129 1584 1200 1630 vel
1217 1583 1473 1643 *Cinnabari
1488 1616 1500 1634 ‚
1520 1580 1786 1645 quibuscum
1805 1581 2162 1628 admiscebantur
2183 1583 2285 1637 alia,

454 1670 548 1715 quae
575 1652 728 1699 oleos-3
759 1656 804 1696 δε
837 1651 989 1714 pingui
1016 1649 1228 1713 qualitate
1256 1649 1351 1711 igni
1379 1646 1680 1711 concipiendo
1707 1646 2002 1710 fovendoque
2021 1680 2034 1699 ‚
2067 1646 2287 1711 fumoque

455 1718 707 1763 emittendo
741 1716 862 1779 paria
886 1715 1021 1762 effent
1046 1734 1054 1760 z
1091 1722 1151 1759 10.
1173 1713 1338 1759 Refinae
1359 1712 1431 1758 vel
1451 1727 1702 1775 gummata,
1724 1727 1773 1758 ut
1793 1711 1892 1757 thus
1910 1745 1922 1763 ‚
1944 1711 2177 1765 mastiche,
2202 1713 2289 1759 oli-

455 1781 652 1834 banum,
688 1781 866 1841 myrrha
886 1814 898 1832 ‚
935 1781 1074 1839 styrax
1095 1811 1108 1830 ,
1140 1778 1404 1839 benjuinum
1427 1811 1438 1828 ‚
1473 1793 1705 1840 opopanax
1728 1810 1741 1829 ,
1773 1775 1943 1839 gummi
1973 1777 2165 1840 juniperi
2199 1781 2288 1824 &c-

459 1855 523 1893 20.
558 1847 810 1892 Aromatica
828 1879 839 1897 ,
862 1861 908 1889 ut
929 1862 1018 1889 nux
1040 1842 1267 1888 moschata
1284 1876 1295 1894 ,
1319 1841 1453 1887 macis
1480 1847 1565 1886 &c.
1605 1849 1666 1904 30.
1689 1841 1830 1904 Ligna
1852 1841 2033 1905 pinguia
2051 1874 2063 1892 ‚
2086 1858 2135 1887 ut
2153 1841 2290 1896 alo'c’s,

456 1911 649 1974 juniperi
668 1945 680 1963 ,
716 1911 808 1975 pini
830 1943 842 1961 ‚
879 1908 1148 1954 santalorum
1186 1903 1272 1953 &⁸0
1310 1923 1405 1969 quae
1439 1905 1606 1969 singula
1641 1905 1871 1970 pulverata
1908 1906 1979 1952 vel
2017 1906 2289 1970 mucilagine

459 1975 735 2038 tragacanthi
769 1973 1079 2020 formabantur
1113 1972 1160 2016 in
1192 1970 1438 2017 trochiscos
1459 2004 1472 2022 ,
1505 1971 1578 2017 vel
1609 1970 1913 2017 terebinthina
1951 1970 2289 2034 excipiebantur

458 2039 507 2086 in
534 2040 729 2086 formam
759 2039 926 2103 opiatae.
969 2037 1087 2083 Cum
1116 2037 1167 2082 iis
1196 2035 1414 2082 utendum
1442 2051 1537 2080 erat
1555 2068 1568 2087 ,
1597 2052 1761 2097 aegrum
1789 2035 1916 2099 plane
1942 2034 2112 2080 nudum
2139 2036 2184 2081 in
2213 2038 2292 2082 co*-

461 2121 609 2168 nopeo
628 2139 639 2156 ‚
674 2104 895 2169 papilione
914 2136 926 2154 ‚
957 2101 1031 2148 seu
1059 2101 1264 2147 laconico
1284 2134 1297 2153 ,
1325 2099 1462 2162 vulgo
1488 2100 1692 2154 l’archet4
1716 2100 1904 2146 stantem
1930 2099 2001 2145 vel
2032 2099 2291 2155 sedentem,

462 2168 672 2215 concluso
706 2169 775 2214 vel
802 2183 957 2214 exerto
987 2166 1128 2230 capite
1157 2184 1238 2230 pro
1281 2164 1456 2210 ratione
1488 2163 1653 2209 virium
1690 2163 2044 2216 consti'tuebant3
2076 2164 2123 2208 in
2152 2183 2293 2229 appo-

461 2232 589 2278 situm
611 2234 665 2280 ad
693 2233 827 2297 pedes
852 2230 1129 2278 crucibulum
1153 2229 1305 2294 prunis
1327 2227 1620 2274 candentibus
1642 2229 1819 2287 plenum
1840 2262 1851 2281 ,
1884 2246 1962 2292 per
1983 2228 2216 2275 fenestram
2237 2230 2296 2277 ad

463 2299 582 2344 hunc
613 2299 737 2344 usum
767 2314 989 2362 paratam,
1009 2295 1180 2358 aliquot
1212 2293 1453 2356 suffumigii
1486 2292 1731 2338 trochiscos
1760 2293 1832 2339 vel
1852 2292 2033 2339 tabellas
2061 2311 2140 2357 per
2176 2294 2297 2341 vices

465 2363 796 2422 conjiciebant,
814 2363 875 2407 ita
899 2378 948 2407 ut
965 2360 1091 2406 fumo
1117 2358 1341 2406 exhalanti
1363 2374 1477 2420 aeger
1505 2357 1660 2403 tandiu
1683 2373 1801 2403 totus
1828 2373 2156 2421 exponeretur.,
2186 2358 2296 2404 dum

465 2427 601 2474 sudor
639 2429 872 2474 eliceretur
911 2425 1116 2489 copiosus
1146 2458 1159 2476 ‚
1200 2423 1277 2470 nisi
1318 2421 1467 2468 forsan
1504 2422 1761 2469 immineret
1803 2422 1991 2485 deliquii
2030 2423 2296 2485 periculum.

465 2497 652 2555 AEgrum
672 2492 778 2538 inde
801 2491 1041 2537 deductum
1061 2489 1107 2534 in
1127 2488 1241 2535 lecto
1265 2486 1411 2533 calido
1440 2486 1721 2532 collocabant
1736 2521 1748 2539 ,
1776 2492 1820 2533 &
1834 2486 2033 2550 ’stragulis
2057 2487 2269 2549 tegebant
2285 2522 2302 2541 ,

466 2574 515 2602 ut
544 2557 675 2603 sudor
694 2556 874 2603 uberior
901 2569 1224 2619 provocaretur
1247 2586 1259 2605 ,
1289 2570 1422 2614 quem
1442 2552 1534 2615 post
1554 2551 1710 2597 horam
1731 2569 1863 2596 unam
1884 2567 1958 2598 aut
1984 2551 2167 2597 alteram
2189 2569 2300 2614 pro-

467 2622 522 2667 be
546 2621 847 2684 abstergebant
867 2654 880 2672 ,
904 2635 951 2664 ut
971 2635 1084 2681 aeger
1105 2617 1430 2662 nutrimentum
1460 2614 1651 2662 sumeret
1668 2649 1680 2668 ,
1701 2615 1766 2661 ·fic
1797 2634 1878 2680 per
1906 2615 2001 2662 dies
2022 2615 2192 2678 aliquot
2209 2616 2297 2663 ite-

469 2686 611 2732 rando
633 2685 836 2748 quotidie
858 2718 870 2735 ‚
890 2684 1035 2728 donec
1057 2681 1308 2746 ptyalismus
1328 2694 1571 2744 appareret.

243 2773 344 2826 Q3d
361 2771 425 2809 usu
536 2754 602 2794 11.
634 2754 693 2795 At
725 2749 835 2796 verb
864 2748 910 2792 in
946 2747 1030 2792 illis
1065 2744 1287 2792 methodis
1317 2744 1437 2790 haud
1468 2761 1605 2806 pauca
1626 2743 1861 2789 emendata
1889 2742 1987 2788 sunt
2007 2748 2050 2790 δέ
2075 2743 2123 2789 in
2140 2743 2300 2792 melius

193 2838 376 2865 mutatum
474 2831 679 2861 revocata
698 2831 844 2860 rerum
864 2810 940 2857 usu
966 2816 1011 2857 &
1030 2810 1111 2856 :cvi
1131 2809 1378 2873 posterioris
1395 2807 1645 2871 diligentia.

197 2878 287 2940 sitin
305 2876 425 2920 triffii-
543 2887 601 2922 10.
634 2879 701 2924 Sic
722 2884 806 2937 jam
827 2876 1001 2941 pridem
1021 2873 1240 2921 obsolevit
1260 2873 1356 2919 usus
1379 2872 1625 2936 obtegendi
1646 2887 1791 2917 totum
1814 2889 1971 2936 corpus
1987 2871 2226 2935 emplastris
2242 2873 2300 2920 ad

194 2941 227 2966 ‘¹
246 2930 315 3016 ns}
327 2932 424 3002 Mff'
471 2942 811 3008 provocandum
835 2939 1113 3004 ptyahsmum
1132 2973 1144 2990 ,
1162 2955 1256 2984 tum
1273 2937 1392 3002 quod
1415 2937 1520 2983 inde
1550 2936 1661 2982 cutis
1681 2936 1824 2983 calens
1847 2970 1859 2988 ,
1883 2935 2108 2982 rubefacta
2128 2969 2140 2987 ‚
2163 2935 2297 2997 eryfi·

197 2993 396 3071 {ffisslbilvd}
472 3007 664 3072 pelatosn.
682 3008 729 3052 in
747 3007 929 3071 pustulas
955 3005 1028 3051 seu
1043 3004 1288 3065 &thynnam
1307 3000 1584 3066 pruriginosa
1601 3000 1930 3065 exasperaretur
1945 3034 1958 3052 ,
1977 3018 2079 3045 cum
2098 3001 2295 3047 maximo

199 3086 310 3123 modo
328 3093 337 3122 3
471 3073 576 3134 aegri
598 3071 724 3116 tzedio
738 3105 750 3122 ,
769 3089 849 3117 nec
868 3070 956 3115 sine
976 3068 1114 3115 febris
1130 3067 1330 3133 periculo
1345 3085 1356 3119 3
1372 3083 1465 3112 tum
1484 3066 1672 3112 maxime
1698 3065 1821 3129 quod
1838 3084 1889 3111 ea
1909 3062 2144 3109 methodus
2165 3064 2290 3111 tarda

473 3142 517 3181 &
540 3139 592 3182 ad
619 3135 894 3180 movendum
915 3132 1194 3197 ptyalismum
1225 3131 1379 3195 parum
1403 3129 1556 3177 efficax
1591 3129 1696 3176 effet
1715 3163 1727 3182 ‚
1756 3145 1934 3193 propter
1957 3128 2235 3174 Mercurium
2263 3129 2289 3174 εὶ

472 3200 573 3253 cera
591 3199 832 3264 caeteraque
854 3198 1055 3247 crassiore
1075 3196 1294 3262 emplastri
1309 3195 1496 3245 materie
1511 3193 1694 3244 strictius
1713 3192 1951 3246 irretitum,
1971 3191 2124 3242 Solent
2140 3209 2290 3248 tamen
