2477 3643
417 100 553 206 ‘'3‘&
829 138 924 191 1313
989 104 1958 196 MORBISVENERE'IASJ

230 513 271 550 ς.
318 504 413 552 Quae

177 559 360 614 prostatas
378 584 389 602 ,

179 620 214 648 84
240 609 415 652 vesiculas

180 659 400 714 germanas.

235 1070 282 1111 '6.
317 1070 412 1115 Quae

183 1121 378 1160 medullam

178 1173 323 1219 offiium

239 1796 279 1828 7.
323 1780 418 1831 Qae

178 1845 358 1871 mammas

179 1885 414 1929 abscessibus,

181 1938 365 1978 ulceribus
389 1965 398 1979 ‚

181 1991 416 2028 carcinoma-

183 2055 218 2078 te
234 2047 302 2080 δίε.
322 2042 416 2080 mal&

183 2093 336 2133 habent.

228 2179 264 2211 8.
315 2173 416 2211 Sicut

179 2226 293 2264 'etiam
335 2239 417 2277 quae

182 2291 268 2317 curn
290 2278 414 2315 rachi-

181 2331 282 2376 tide‚
317 2332 416 2367 stru-

178 2383 253 2422 mis
270 2413 281 2430 ‚
313 2382 416 2418 sco*-

182 2435 279 2472 bato
302 2447 390 2471 con-

178 2487 315 2542 junCtae
343 2486 415 2527 sixt.

209 2628 291 2665 IV.
329 2628 420 2667 Tria

186 2677 256 2718 effe
276 2680 345 2717 luis
360 2693 422 2729 ge·

185 2744 283 2771 neta.
322 2733 404 2768 Pri-

189 2797 288 2822 mum
307 2811 318 2825 ,
339 2787 418 2820 Cu-

185 2848 270 2875 tatu
284 2835 417 2874 facilis.

241 3020 417 3062 Altevum,

186 3068 394 3109 '‘Difficiliu-

190 3124 254 3166 tis·

458 224 493 271 si
517 223 660 272 setosa
688 219 976 274 colliivies'in
1002 224 1118 274 uteri
1149 242 1305 272 cavum
1323 223 1556 287 colligatur
1575 228 1587 279 '·‚
1603 225 1632 271 si
1649 226 1803 272 ovar-ia
1829 219 2141 288 hydatidibus,
2157 219 2288 293 guin?

461 289 591 336 matis
610 324 621 342 ,
649 289 837 337 sKirrhis
860 291 1183 342 intumescant3
1206 289 1236 334 fi
1253 289 1366 334 tubae
1386 290 1644 352 Fallopianae
1659 290 1819 339 iisdem
1838 292 1909 338 vel
1929 292 2140 339 similibus
2159 311 2283 339 mor-

462 354 531 400 bis
555 353 801 401 afficiantur
823 361 910 402 &c.
940 356 1061 401 unde
1080 353 1196 400 uteri
1215 353 1337 400 ulcus
1351 388 1362 406 ,
1383 352 1585 401 skirrhus
1601 389 1614 409 ‚
1633 373 1792 403 cancer
1805 390 1819 409 ,
1839 356 2050 404 abscessus
2066 391 2080 411 ,
2105 376 2155 405 ac
2173 376 2284 406 ova-

464 419 636 466 riorum
656 421 885 485 multiplex
905 436 1053 465 tumor
1072 425 1116 465 &
1138 417 1408 482 suppuratio.

534 486 597 547 5⁰.
630 487 839 531 Prostatas
856 518 870 537 ,
899 483 1104 531 vesiculas
1125 482 1379 530 seminarias
1393 518 1404 535 ‚
1425 501 1472 530 ac
1495 483 1725 548 glandulas
1741 484 2066 550 Cowperianas
2084 485 2131 532 in
2150 486 2256 533 viris
2270 500 2288 540 ,‘

446 548 511 594 'in
531 550 724 595 foeminis
745 549 853 595 vero
882 551 1089 612 prostatas
1117 554 1162 593 &
1181 548 1409 612 glandulas
1437 549 1787 614 Cowperiana33
1817 565 1864 595 ut
1891 550 1919 595 si
1947 551 2065 597 durae
2093 556 2140 597 &
2167 550 2291 597 skir-

468 614 630 660 rhodes
646 614 782 665 fiant3
815 613 844 657 fi
874 631 917 659 m
950 613 1345 659 carcinomatoden
1367 631 1569 659 naturam
1598 613 2002 676 degeneraverint3
2032 615 2062 661 fi
2095 614 2290 662 fistulosis

467 686 511 725 δε
542 678 788 725 cavernosis
817 676 1076 723 abscessibus
1110 678 1269 741 perviae
1300 677 1412 733 linc,
1443 678 1471 723 s1
1506 679 1639 724 erosae
1672 683 1716 723 δε
1748 679 1962 724 cuniculis
1997 679 2287 726 multifariam

465 742 645 791 suffolsae
673 743 719 786 in
748 742 857 788 labis
890 741 1167 788 consortium
1198 743 1413 788 traxerint
1441 743 1678 789 viciniores
1707 758 1877 805 partes>
1904 760 1951 788 ut
1976 744 2022 788 in
2052 745 2159 790 viris
2184 762 2289 791 ure-

464 810 609 854 thram
627 842 638 858 ,
667 807 830 853 collum
856 806 1003 859 veficae
1024 841 1036 859 ‚
1062 823 1313 853 extremum
1342 808 1509 853 sechim
1527 842 1538 859 ‚
1565 808 1735 854 natium
1760 807 2043 860 alterutram3
2073 809 2117 855 in
2144 808 2289 855 foemi-

463 874 530 920 nis
559 873 665 919 vero
683 872 910 918 urethram
926 906 938 923 ,
959 872 1107 918 veficae
1128 872 1294 918 collum
1309 906 1320 923 ‚
1344 873 1522 919 vulvam
1540 905 1551 924 ‚
1576 872 1782 935 vaginam
1799 905 1812 924 ‚
1833 872 2128 918 monticulum
2150 888 2289 920 vene-

464 939 522 984 ris
541 972 552 990 ‚
579 943 665 983 &a
698 937 819 983 unde
847 936 1006 988 dolor,
1033 938 1299 999 stranguria,
1322 935 1532 999 frequens
1561 936 1804 982 michiritio
1822 970 1833 989 ,
1862 936 2042 983 demum
2075 937 2291 999 involun-

464 1003 575 1049 taria
592 1002 728 1047 urinae
747 1002 945 1048 excretio
964 1019 1065 1047 cum
1086 1001 1345 1047 cuniculosis
1361 1002 1507 1047 fistulis
1528 1003 1574 1048 in
1594 1001 1781 1048 finitima
1800 1019 1985 1065 quaeque
2002 1001 2113 1047 loca.

526 1068 589 1113 6⁰.
631 1066 876 1113 Medullam
894 1065 1056 1113 osseam
1073 1101 1084 1119 ,
1104 1083 1197 1112 tum
1212 1084 1306 1130 quae
1322 1067 1368 1112 in
1385 1066 1639 1127 cylindrum
1654 1066 1912 1112 racematim
1930 1066 2115 1112 collecta
2134 1065 2291 1115 oflitim

464 1132 756 1196 grandiorum
788 1131 1021 1177 cavitatem
1038 1165 1051 1184 >
1077 1148 1171 1176 tum
1199 1149 1293 1194 quae
1320 1131 1368 1176 in
1397 1131 1577 1177 lacinias
1601 1130 1867 1177 frustillatim
1893 1129 2124 1177 distributa
2144 1131 2294 1179 mino-

463 1217 564 1244 rum
586 1197 760 1244 cellulas
789 1211 975 1259 occupat
992 1214 1003 1248 ·‚
1022 1211 1069 1241 ut
1095 1196 1123 1241 si
1138 1195 1198 1258 §in
1219 1196 1369 1242 sebum
1398 1196 1606 1242 indurata
1624 1195 1900 1242 skirrhoden
1920 1211 1994 1241 aut
2016 1195 2293 1243 carcinoma·-

464 1263 604 1309 toden
633 1278 834 1308 naturam
862 1260 1159 1326 adipiscatur,
1189 1278 1291 1306 cum
1312 1261 1539 1324 superjeifi
1563 1260 1658 1306 offis
1683 1275 1859 1306 tumore
1890 1278 1901 1312 3
1932 1259 1962 1305 fi
1991 1259 2222 1330 suppurata
2244 1261 2295 1308 in

465 1328 621 1374 tabum
652 1326 823 1372 diffluat
853 1344 951 1371 cum
988 1326 1084 1371 offis
1117 1325 1387 1372 continentis
1419 1325 1535 1372 carie
1558 1358 1570 1377 ‚
1603 1324 1842 1390 ptaesertim
1875 1324 1903 1369 fi
1933 1325 2023 1371 haec
2053 1326 2294 1390 lpongiofis

465 1395 618 1438 ollium
640 1392 856 1457 capitibus
878 1390 1080 1436 accidant
1099 1424 1110 1441 ,
1143 1408 1236 1452 quae
1263 1406 1436 1436 artuum
1459 1391 1680 1453 juanuras
1701 1389 1970 1435 constituunt
1985 1423 1997 1441 ‚
2026 1395 2100 1435 aut
2126 1391 2178 1436 iis
2198 1390 2294 1437 offi-

464 1458 547 1504 bus
565 1492 578 1510 ,
597 1475 690 1520 quae
710 1457 829 1502 nulla
850 1455 985 1519 opera
1004 1454 1203 1501 exscindi
1222 1456 1422 1519 possunt,
1444 1471 1491 1501 ut
1510 1454 1648 1500 ischio
1665 1488 1677 1506 ‚
1695 1454 1817 1500 sacro
1835 1487 1848 1507 ‚
1866 1453 2085 1501 vertebris
2101 1488 2114 1507 ‚
2134 1455 2261 1501 costis
2275 1488 2291 1508 ‚

470 1524 733 1587 omoplatae,
766 1520 1017 1572 claviculae3
1048 1519 1206 1565 ossibus
1237 1519 1515 1567 maxillarum
1535 1553 1547 1572 ‚
1579 1519 1748 1571 cranii,
1778 1518 1976 1571 aui-ium,
2008 1519 2183 1565 natium
2204 1525 2292 1566 &c.

466 1588 588 1634 unde
606 1587 785 1633 dolores
804 1585 1031 1648 osteocopi
1050 1617 1062 1636 ,
1081 1584 1384 1648 hyperostoses
1404 1618 1416 1636 ,
1436 1583 1651 1630 exostoses
1672 1617 1683 1636 ‚
1704 1582 1938 1643 ankyloses
1953 1616 1964 1634 ,
1987 1583 2150 1637 caries3
2171 1584 2296 1630 ulce-

465 1672 515 1699 ra
535 1651 756 1715 profunda
774 1685 787 1704 ,
813 1650 1052 1696 caco'e'thea
1067 1682 1080 1702 ‚
1107 1665 1214 1713 pure
1237 1648 1513 1696 foetidisfimo
1530 1648 1753 1695 manantia
1774 1644 1937 1702 3febris
1965 1647 2136 1695 heffica
2150 1681 2166 1702 ,
2198 1666 2295 1697 ma·-

465 1717 647 1765 rasmus.

525 1787 594 1840 7⁰.
634 1785 786 1828 Partes
811 1778 983 1844 quasvis
1008 1779 1143 1825 totius
1166 1778 1392 1844 corporis,
1426 1778 1667 1830 mammas,
1688 1777 1832 1830 labia,
1852 1777 2068 1825 interiora
2089 1777 2298 1832 nar-imm

466 1847 663 1910 linguam
681 1881 694 1900 ‚
726 1847 898 1892 ranulas
922 1879 932 1897 ‚
962 1861 1137 1891 uterum
1157 1878 1169 1897 ,
1200 1863 1360 1909 penem
1380 1877 1393 1896 ‚
1425 1843 1596 1890 testium
1626 1844 1888 1889 alterutrum
1906 1877 1919 1896 ‚
1946 1844 2175 1907 glandulas
2195 1843 2297 1889 lim-

464 1913 661 1978 phaticas
677 1946 690 1964 ,
708 1929 802 1972 quae
822 1911 869 1955 in
889 1909 1145 1972 inguinibus
1163 1943 1174 1961 ,
1196 1910 1335 1954 axillis
1352 1943 1362 1960 ‚
1389 1909 1507 1953 collo
1526 1942 1538 1959 ‚
1576 1909 1689 1971 pone
1711 1925 1835 1954 aures
1854 1942 1867 1960 ,
1895 1924 2079 1972 propter
2098 1908 2298 1954 maxillas

466 1984 554 2024 ἃς.
589 1978 811 2040 prostant,
842 1975 870 2018 fi
899 1974 1199 2019 carcinomate
1228 1973 1407 2019 occulto
1437 1974 1510 2018 vel
1541 1988 1695 2034 aperto
1726 1972 1986 2018 infestentur
2006 2006 2018 2025 ,
2054 1972 2295 2036 praesertim

468 2042 575 2090 verb
597 2041 623 2085 fi
656 2039 848 2104 partium
875 2038 1128 2084 affe&arum
1156 2037 1255 2083 situs
1271 2071 1284 2090 ‚
1316 2038 1539 2084 connexio
1556 2069 1569 2088 ,
1590 2051 1744 2082 natura
1759 2069 1772 2088 ,
1793 2035 1890 2082 usus
1913 2041 2000 2082 &c-
2030 2037 2296 2101 extirpatio-

467 2124 568 2155 nem
592 2110 689 2151 non‘
706 2105 981 2169 permittant.
1313 2145 1315 2147 ,

534 2172 596 2216 8⁰.
636 2168 828 2217 Demum
849 2167 1045 2230 ejusdem
1064 2166 1239 2229 generis
1262 2165 1358 2211 sunt
1376 2163 1759 2228 lues'quaecunque
1789 2166 2046 2230 dependent
2065 2166 2089 2211 a
2118 2183 2296 2214 veneno

466 2253 661 2284 venereo
680 2253 772 2281 non
796 2252 908 2298 puto
926 2266 938 2284 ,
955 2232 1030 2278 sed
1044 2232 1167 2295 quod
1185 2249 1285 2276 cum
1308 2249 1484 2277 veneno
1507 2230 1723 2276 rachitico
1744 2232 1813 2277 vel
1833 2231 2047 2277 strumoso
2063 2264 2077 2283 ,
2103 2232 2296 2278 maxime

468 2302 577 2348 veto
595 2318 693 2346 cum
714 2298 967 2345 scorbutico
984 2297 1043 2342 ita
1058 2296 1215 2342 intime
1236 2296 1530 2341 commixtum
1550 2295 1598 2340 sit
1615 2329 1626 2347 ‚
1650 2311 1698 2340 ut
1718 2296 1917 2342 coitione
1937 2296 2045 2341 bina
2063 2313 2236 2341 venena
2250 2297 2298 2343 in

467 2367 627 2431 pestem
649 2366 832 2412 alteram
856 2380 1020 2409 novam
1039 2396 1051 2414 ,
1084 2378 1178 2424 quae
1214 2360 1407 2421 hybrida
1433 2359 1483 2405 sit
1502 2394 1514 2412 ,
1545 2360 1933 2422 degeneraverint.
1981 2360 2169 2407 Nullum
2194 2360 2293 2408 sane

468 2430 617 2477 morbi
636 2432 878 2477 monstrum
892 2427 1040 2474 forsan
1059 2426 1252 2490 reperire
1272 2427 1329 2471 est
1347 2460 1358 2477 ‚
1391 2424 1514 2488 quod
1531 2424 1725 2470 ferocius
1745 2423 1795 2469 sit
1810 2457 1823 2476 ‚
1856 2425 1978 2488 quod
1999 2442 2136 2487 aegros
2158 2425 2299 2488 pluri-

466 2496 548 2541 bus
566 2495 710 2542 modis
741 2493 986 2541 miserrime
1010 2507 1212 2554 torqueat
1228 2525 1241 2543 ,
1264 2495 1305 2536 &
1340 2490 1461 2554 quod
1494 2505 1648 2536 curatu
1674 2487 1897 2535 difficilius
1917 2490 2126 2536 remediis
2145 2489 2299 2537 effica·

468 2560 642 2608 cissimis
663 2558 923 2625 pertinacius
945 2557 1116 2604 resistat.

529 2632 619 2672 IV.
661 2628 722 2672 Ex
743 2626 869 2670 dictis
891 2622 1168 2668 manifestum
1201 2620 1260 2664 est
1290 2618 1410 2683 poffe
1429 2619 1546 2666 luem
1575 2636 1816 2665 veneream
1844 2618 2215 2682 qualemcumque
2248 2620 2295 2666 in

471 2706 558 2737 tres
587 2691 745 2753 gradus
773 2689 1010 2751 distingui3
1033 2703 1080 2731 ut
1106 2689 1192 2746 jam
1227 2684 1404 2747 pridem
1438 2683 1526 2730 fert
1554 2683 1652 2728 usus
1678 2702 1687 2728 z
1713 2687 1894 2729 Primum
1912 2721 1928 2737 ‚
1964 2701 2055 2744 quo
2091 2701 2297 2747 compre-

468 2755 687 2802 hendatur
720 2756 810 2800 lues
834 2769 1025 2799 venerea
1047 2748 1209 2812 qua‘vis
1228 2781 1240 2799 ,
1261 2766 1353 2811 quae
1379 2766 1531 2795 recens
1561 2747 1609 2791 lit
1628 2766 1638 2800 ·,
1659 2765 1753 2809 quae
1775 2747 1912 2792 fluida
1934 2746 2104 2791 tantum
2123 2748 2299 2795 infece-

468 2821 528 2866 rit
549 2855 561 2873 ,
589 2820 781 2867 necdum
803 2818 1000 2882 attigerit
1022 2813 1187 2865 solida,
1207 2830 1301 2875 quae
1328 2814 1556 2876 pauciores
1586 2810 1835 2858 functiones
1860 2827 2084 2874 pervertat
2099 2845 2112 2863 ,
2137 2818 2182 2858 &
2203 2813 2293 2860 levi

469 2886 582 2932 vitio
619 2900 844 2949 pervertat
873 2901 884 2936 3
923 2897 1107 2945 quaeque
1129 2878 1242 2924 adeo
1269 2893 1409 2924 tutam
1444 2895 1492 2923 ac
1515 2876 1774 2941 plerumque
1810 2874 1987 2922 facilem
2016 2877 2293 2924 curationem

468 2952 686 2997 admittat.

531 3020 726 3063 Alterum
747 3052 758 3068 ‚
782 3012 860 3075 qui
885 3009 1201 3075 complectatur
1224 3007 1316 3054 lues
1337 3023 1494 3054 omnes
1518 3022 1728 3052 venereas
1746 3039 1757 3058 ‚
1785 3005 1830 3051 i‘n
1857 3004 2016 3069 quibus
2040 3004 2159 3049 virus
2179 3002 2295 3047 anti-

473 3082 602 3147 quius
629 3081 701 3125 vel
726 3079 866 3124 acrius
888 3076 1048 3123 solidas
1068 3073 1269 3137 corporis
1295 3087 1436 3136 partes
1454 3104 1466 3123 ‚
1490 3070 1564 3117 sed
1586 3070 1807 3132 ignobiles
1827 3069 1995 3116 tantum
2017 3069 2115 3114 labe
2138 3065 2257 3112 varia
2276 3098 2290 3118 ,

467 3144 737 3209 multiplici,
759 3141 885 3204 gravi
920 3145 1005 3200 jam
1040 3137 1317 3201 corruperit,
1340 3134 1416 3183 sed
1439 3151 1586 3180 tamen
1609 3135 1895 3189 medicabili,
1916 3139 1961 3180 &
1980 3148 2164 3196 quarum
2181 3131 2296 3188 iden)

461 3225 560 3266 tuta
585 3210 733 3258 futura
759 3205 806 3252 sit
825 3204 997 3253 curatio
1016 3235 1028 3255 2
1051 3219 1318 3267 quamquam
1347 3200 1478 3264 paulo
1497 3197 1748 3253 difficilior.¹
