2477 3643
625 93 1471 174 'L1nnn111'CA2ijr
1538 123 1576 172 1.
1890 128 1993 197 ῖςξ

175 208 227 256 Bc
243 205 540 272 prostatarum.
578 209 644 260 4⁰.
674 206 870 249 Demum
895 206 1039 250 cellula:
1063 205 1299 268 multiplices
1316 242 1330 260 ,
1344 205 1505 268 quibus
1525 206 1699 253 interna
1720 207 1908 256 urethrae
1925 210 1995 259 fa-·

177 273 266 319 cies
290 268 455 316 consita
482 269 541 314 est
560 300 572 317 ‚
604 272 648 312 δέ
680 284 775 329 qua:
808 266 1064 314 seminalem
1096 269 1333 316 humorem
1364 270 1437 315 vix
1472 269 1689 335 disparem
1722 272 1777 318 ab
1807 271 1993 323 humore

178 334 484 401 glandularum
513 332 918 396 Cowperianarum
948 332 1044 397 ipsae
1075 351 1254 397 quoque
1283 337 1495 380 eruerant.
1532 335 1756 383 Caeterum
1784 336 1994 386 harumce

178 399 436 446 cellularum
462 396 644 444 nomine
674 397 996 462 comprehendi
1014 399 1150 445 velim
1179 397 1433 461 glandulam
1463 398 1515 445 ab
1546 400 1705 447 Alexio
1727 402 1869 449 Littre
1902 406 1988 462 (a)

177 463 442 528 descriptam
477 495 489 514 ‚
537 478 630 524 quae
673 461 782 507 citra
821 464 1051 526 prostatam
1100 463 1242 509 locata
1274 497 1287 517 ‚
1341 464 1530 510 uretlirae
1565 465 1725 511 adnata
1780 472 1826 512 ὃς
1878 467 1994 514 inter

178 541 413 591 utramque
434 526 628 572 tunicam
659 525 731 570 sita
749 561 761 578 ‚
785 527 830 571 in
857 527 974 573 hunc
1001 529 1198 573 canalem
1225 529 1462 592 multiplici
1490 529 1704 577 foramine
1731 547 1877 595 patet,
1909 550 1992 577 un-

173 594 230 640 de
261 595 422 656 jugiter
452 606 630 637 manant
666 607 798 654 guttae
830 592 999 655 aliquot
1035 592 1234 638 humoris
1269 592 1487 640 seminalis
1510 627 1523 647 ,
1559 599 1637 660 qui
1671 614 1769 642 cuin
1803 595 1993 643 humore

174 657 485 721 glandularum
503 657 907 721 Cowpei·ianai·um
938 673 1162 719 congener
1185 658 1259 703 est.

231 721 446 767 Totidem
470 720 566 766 sunt
592 721 639 765 in
665 721 924 767 mulieribus
951 723 1264 785 conceptacula
1283 756 1295 775 ‚
1324 724 1443 772 unde
1463 724 1688 772 seminales
1711 724 1920 773 humores
1949 727 1994 773 in

174 786 355 833 vulvam
382 784 557 850 possunt
578 785 803 832 confluere
820 821 831 838 ‚
859 785 935 832 sed
959 786 1044 831 alio
1068 786 1147 831 situ
1168 786 1385 851 disposita.
1435 799 1493 834 1⁰.
1514 790 1698 847 Prostatae
1718 830 1732 844 ‚
1757 791 1826 839 vel
1847 790 1994 856 potius

168 851 347 913 prostaret
366 885 378 902 ‚
408 868 502 913 quae
532 851 579 895 in
607 850 800 895 foeminis
827 851 1053 897 urethram
1081 851 1219 897 ambit
1241 885 1254 903 ,
1286 858 1332 898 δέ
1359 855 1408 899 in
1438 855 1617 902 vulvam
1646 855 1791 902 subter
1820 857 1995 903 clitori-

173 914 278 961 dem
305 915 494 960 dehiscit
519 914 693 960 duobus
717 915 879 961 ostiolis
898 950 910 967 ,
943 915 1029 961 five
1054 918 1210 961 lammis
1241 916 1345 962 hinc
1377 923 1422 964 δε
1445 919 1552 966 inde
1583 919 1637 965 ad
1665 921 1852 967 urethrae
1885 922 1997 969 late-

170 997 231 1024 ra.
272 988 332 1025 20.
365 980 580 1025 Glandulae
613 985 884 1043 Coivpericmae
919 980 965 1025 in
995 981 1186 1044 perinaeo
1219 979 1306 1028 sive
1336 983 1656 1031 interfemineo
1688 987 1826 1050 prope
1862 1004 1995 1034 anum

172 1043 257 1089 sitae
277 1078 288 1096 ‚
321 1062 414 1107 quae
444 1049 564 1104 juxta
596 1045 930 1089 caruncularum
958 1045 1309 1104 myrtiformium
1340 1048 1508 1094 radices
1542 1048 1651 1094 bino
1693 1050 1824 1096 ductu
1853 1052 1996 1115 pates-

171 1125 279 1154 cunt
309 1109 356 1153 in
383 1109 561 1155 vulvam
588 1108 643 1155 ad
672 1109 837 1168 vaginae
864 1109 1144 1172 principium.
1191 1117 1254 1170 30.
1281 1113 1496 1157 Glandnlae
1524 1114 1776 1175 botryfbrmes
1805 1134 1996 1163 racema-

171 1174 254 1218 tim
285 1191 361 1237 per
389 1174 597 1235 vaginam
624 1173 826 1224 consitae,
852 1190 945 1236 quae
976 1173 1192 1219 secretum
1223 1173 1459 1222 humorem
1488 1177 1693 1223 tenuibus
1723 1185 1767 1224 δε
1796 1180 1997 1229 discretis

169 1237 327 1283 osculis
355 1240 554 1283 eructant
579 1238 627 1282 in
651 1238 853 1299 vaginam
870 1271 882 1288 ,
906 1237 1026 1283 unde
1046 1238 1092 1282 in
1115 1238 1296 1284 vulvam
1317 1240 1407 1285 loci
1432 1241 1689 1289 declivitate
1710 1244 1881 1292 defluit.
1923 1257 1990 1305 40.

169 1302 382 1364 Denique
410 1304 555 1347 cellula
580 1319 657 1366 per
685 1301 875 1348 urethrae
890 1300 1052 1347 faciem
1072 1302 1270 1367 dispersae
1290 1337 1302 1356 ,
1336 1322 1430 1367 quae
1446 1307 1491 1350 in
1510 1305 1703 1352 foeminis
1724 1325 1869 1356 tamen
1886 1331 1996 1375 pau-

171 1383 229 1413 cae
249 1365 347 1411 sunt
367 1399 380 1418 ‚
410 1365 511 1411 cum
538 1366 719 1412 urethra
749 1365 897 1412 brevis
914 1365 964 1411 fit
982 1399 994 1418 ‚
1016 1364 1148 1429 atque
1171 1367 1284 1414 adeo
1305 1386 1399 1430 quae
1421 1369 1450 1415 si
1478 1370 1597 1417 forte
1624 1389 1818 1436 unquam
1837 1408 1848 1427 ,
1874 1378 1996 1423 certe

176 1430 312 1478 rarius
331 1429 465 1494 quam
487 1431 660 1477 inffiris
684 1431 1001 1494 gonorrhoeam
1023 1430 1121 1477 solae
1146 1432 1381 1479 advocant.

230 1495 340 1542 Inde
360 1495 555 1558 sequitur
585 1504 642 1540 10.
672 1495 1000 1542 Gonorrhoeam
1021 1496 1068 1540 in
1089 1497 1194 1543 viris
1212 1498 1550 1562 quadruplicem
1578 1501 1662 1547 esse
1685 1502 1802 1565 poffe
1823 1504 1996 1551 tatione

172 1561 285 1608 sedis
301 1594 313 1612 ‚
331 1577 490 1624 nempe
508 1559 794 1607 vesicularum
812 1560 1145 1607 seminariarum
1162 1596 1174 1614 ‚
1195 1564 1484 1626 prostatarum
1500 1598 1512 1616 ,
1529 1566 1838 1628 glandularuin
1853 1572 1995 1616 Cow-

169 1625 450 1690 perianarum
468 1657 481 1677 ,
503 1631 549 1671 &
577 1625 835 1671 cellularum
867 1625 1080 1678 urethrae,
1105 1643 1238 1690 prout
1258 1644 1402 1691 partes
1432 1628 1515 1674 illae
1547 1629 1719 1693 lingula:
1746 1632 1994 1696 singulatim

174 1688 443 1738 afficiuntur.

236 1763 298 1800 20.
334 1752 663 1799 Gonorrhoeam
693 1753 739 1798 in
759 1754 1017 1801 mulieribus
1037 1755 1201 1818 pariter
1222 1757 1482 1821 totuplicem
1501 1760 1585 1806 effe
1616 1760 1736 1823 poffe
1751 1796 1762 1813 ‚
1782 1762 1995 1810 nimirum

170 1821 485 1885 proficuarum,
510 1818 822 1881 glandularum
856 1820 1262 1884 Cowperianarum
1281 1855 1293 1873 ‚
1315 1822 1624 1884 glandularum
1646 1825 1996 1887 botryformium

171 1884 339 1946 vaginae
355 1918 365 1935 ,
396 1889 442 1929 &
469 1883 728 1929 cellularum
746 1882 907 1946 quibus
924 1885 1112 1930 urethrae
1132 1883 1265 1931 facies
1291 1886 1464 1932 interna
1484 1888 1647 1935 consita
1669 1892 1728 1936 est
1747 1925 1758 1942 ‚
1790 1889 1819 1935 fi
1847 1908 1997 1940 tamen

170 1950 261 1996 haec
284 1949 438 1994 ultima
467 1946 591 1994 sedes
624 1946 717 1994 sola
750 1946 890 2001 affici,
911 1965 984 1994 aut
1004 1948 1157 1996 affecta
1188 1950 1505 2013 gonorrhoeam
1541 1954 1665 2018 possit
1688 1973 1882 2019 unquam
1910 1957 1999 2006 sola

172 2012 363 2062 inferre.

235 2087 297 2140 30.
332 2077 442 2124 Inde
462 2076 607 2142 plures
640 2094 870 2140 emergere
902 2077 950 2122 in
980 2094 1172 2142 utroque
1204 2078 1308 2126 sexu
1332 2080 1613 2144 gonorrhoeae
1633 2084 1879 2147 compositae
1899 2085 1998 2150 spe-

171 2144 260 2191 cies
279 2154 297 2195 ‚²
312 2143 486 2206 quoties
505 2142 667 2188 accidit
686 2142 732 2186 in
752 2159 941 2206 utroque
962 2142 1064 2190 sexu
1080 2178 1093 2196 ,
1119 2149 1132 2198 ί
1150 2145 1311 2190 accidit
1331 2162 1478 2193 autem
1493 2145 1838 2209 frequentiflime
1852 2151 1897 2194 in
1912 2168 1999 2213 go-

174 2207 384 2257 noi-rhoea
400 2209 415 2264 )
433 2223 480 2252 ut
504 2205 759 2253 simultane&
780 2207 850 2253 vel
874 2208 1076 2270 gradaria
1099 2214 1144 2253 &
1171 2207 1404 2256 succeffiva
1420 2211 1520 2257 labe
1547 2212 1670 2274 plura
1690 2213 1866 2260 seminis
1885 2233 1997 2261 con-

176 2272 399 2338 ceptacula
416 2306 427 2323 ‚
447 2271 536 2317 duo
558 2304 571 2322 ‚
595 2271 677 2316 tria
698 2304 709 2322 ‚
731 2272 822 2316 imo
839 2287 1031 2333 quatuor
1051 2306 1064 2323 ,
1084 2273 1287 2336 adeoque
1308 2276 1460 2320 omnia
1478 2275 1600 2321 simul
1618 2276 1877 2324 afficiantur.

228 2347 297 2395 40.
327 2336 556 2400 Simplices
573 2335 757 2397 quidem
774 2335 1061 2397 gonorilioeas
1080 2337 1181 2382 raro
1197 2338 1295 2383 dari
1311 2372 1324 2390 2
1344 2340 1559 2401 quoniam
1580 2358 1726 2388 rarum
1743 2344 1802 2389 est
1822 2343 1999 2391 seminis

175 2401 517 2464 conceptacula,
549 2398 651 2444 cum
669 2400 842 2445 ratione
875 2399 1012 2445 officii
1030 2435 1041 2452 ‚
1062 2417 1224 2447 natutae
1254 2408 1300 2448 ὃς
1331 2403 1556 2457 humoris,
1575 2423 1709 2468 quem
1737 2409 1999 2462 continent,

176 2466 295 2511 inter
315 2465 356 2511 se
377 2464 646 2510 conveniant
665 2464 818 2509 omnia
835 2497 847 2516 ,
869 2469 912 2510 &
934 2463 1061 2510 simili
1089 2465 1316 2512 causarum
1336 2469 1591 2517 earumdem
1616 2469 1816 2518 efficacia:
1835 2472 1999 2537 singula

177 2545 356 2595 pateant
377 2563 390 2581 ,
409 2528 532 2593 plura
551 2527 575 2572 a
593 2527 802 2591 praesente
820 2529 946 2574 causi
967 2529 1090 2574 simul
1110 2547 1202 2576 non
1225 2529 1353 2577 affici.

239 2603 299 2656 50.
326 2594 369 2641 Si
387 2591 568 2657 quando
597 2592 707 2638 vero
737 2592 898 2639 dentur
914 2627 926 2645 ‚
950 2594 1156 2639 rariffime
1174 2595 1387 2660 simplices
1406 2600 1595 2662 perstare
1622 2614 1718 2645 toto
1743 2601 1888 2646 morbi
1918 2602 2000 2649 de-

179 2659 306 2705 cursu
323 2693 334 2711 ,
356 2657 569 2722 quoniam
590 2655 689 2701 cum
717 2657 855 2721 prope
889 2658 1027 2704 adsint
1057 2659 1253 2706 invicem
1283 2663 1595 2726 conceptacula
1626 2663 1859 2712 seminaria
1879 2700 1889 2719 ‚
1915 2667 2002 2712 liu-2

178 2724 414 2786 moresque
441 2723 549 2767 inde
574 2721 711 2767 deflui
743 2722 789 2766 in
823 2722 1003 2768 urethrfi
1027 2724 1144 2770 inter
1177 2725 1218 2771 se
1246 2727 1579 2774 communicent
1609 2760 1623 2780 ,
1660 2731 1914 2777 rariffimum
1941 2733 1999 2778 est

179 2789 325 2836 labem
346 2787 401 2833 ab
419 2786 558 2832 altero
576 2786 622 2831 in
641 2787 828 2832 alterum
849 2804 941 2831 non
958 2789 1205 2851 propagari.

238 2863 263 2899 6
281 2862 303 2896 ³.
332 2851 531 2913 Singulas
549 2851 827 2911 gonorrhoeae
858 2867 951 2895 tum
970 2851 1170 2915 simplicis
1190 2886 1202 2903 ‚
1224 2869 1317 2898 tum
1339 2855 1587 2918 composita:
1609 2855 1769 2920 species
1787 2892 1801 2911 ‚
1832 2859 1999 2905 tametsi

183 2915 487 2981 svmptomatis
514 2914 935 2977 pathognomonicis
963 2917 1049 2959 una
1080 2915 1249 2979 semper
1277 2920 1568 2972 conveniant3
1591 2921 1731 2983 gradu
1748 2956 1763 2975 ‚
1781 2941 1998 2976 numero,

180 2974 344 3048 vgenere
375 2978 635 3027 eorumdem
661 2978 1003 3043 symptomatum
1023 2996 1112 3026 non
1138 2980 1292 3044 parum
1321 2983 1516 3030 invicem
1543 2985 1804 3051 plerumque
1829 2989 1999 3036 disci-e-

215 3065 302 3095 are.

181 3068 210 3116 P
244 3115 547 3172 Quaecumque
566 3108 772 3154 hactenus
792 3105 849 3153 de
869 3108 1147 3170 gonorrhoeae
1167 3109 1341 3157 sedibus
1359 3111 1474 3158 dista
1491 3112 1589 3159 sunt
1617 3116 1858 3163 certiffimis
1887 3134 1998 3164 con-

184 3178 410 3225 firmantur
430 3173 713 3237 argumentis.
745 3173 927 3221 Constat
942 3174 1062 3222 enim
1085 3175 1132 3222 in
1153 3175 1258 3224 viris
1271 3209 1285 3231 ,
1304 3177 1382 3240 qui
1401 3179 1672 3242 gonorrhoea
1693 3183 1911 3231 virulenta
1932 3183 1998 3231 la.

1739 3252 1780 3297 V

2046 420 2099 466 (a)
2116 424 2272 462 Me'moi-

2041 484 2092 507 res
2117 475 2157 509 a'e
2184 477 2274 512 ΓΑ..

2041 524 2192 561 cade'mic
2216 526 2274 563 des

2044 577 2192 612 Sciences
2210 605 2220 619 ‚

2041 636 2119 664 ann.
2140 641 2154 664 1
2167 644 2187 675 7
2202 642 2222 665 Ο
2234 641 2272 666 0.

2075 732 2181 772 Sedes
2200 746 2274 784 go·-

2044 797 2124 821 noti
2135 785 2225 822 hoeae
2239 787 2272 823 in

2043 836 2213 881 foeminish

2095 1530 2243 1568 Gomor-

2044 1580 2151 1620 rhoea
2174 1582 2275 1618 rnul-

2042 1632 2152 1683 tiplex
2164 1634 2211 1669 est
2228 1645 2281 1670 ra«

2043 1685 2139 1721 tione
2158 1685 2248 1721 sedis

2043 1748 2122 1774 tum
2148 1737 2182 1772 in
2213 1737 2276 1773 vi'·

2043 1790 2090 1826 ris
2106 1816 2117 1832 ,
2135 1801 2214 1826 tum
2240 1790 2274 1826 in
2316 1793 2318 1795 ’

2044 1839 2217 1888 foemiiiIQ

2043 3128 2185 3175 Quibus
2194 3184 2200 3189 .
2209 3140 2275 3170 at*

2040 3190 2222 3234 guinentis
