2477 3643
240 1082 272 1115 V
290 1071 367 1111 ‚fiac
382 1079 436 1106 ta-

205 1144 259 1169 m(
276 1144 281 1148 ·
316 1122 440 1162 canl-as

209 1182 266 1219 est„
294 1206 305 1222 ²
327 1188 406 1227 (].ξε

196 1229 440 1285 'propositum

205 1285 369 1322 ordinem
383 1292 439 1316 ln-

203 1344 403 1374 tetv‘frtere

202 1387 347 1446 possint.

473 138 588 203 ᾆδε
836 130 949 186 1²>ss
1012 109 1945 189 MoRsststNERi-:rs

486 216 706 271 humore,
725 216 987 280 lachrymis,
1004 218 1165 265 sudore
1185 252 1197 271 ,
1219 216 1374 268 urina,
1400 221 1487 262 &c.
1509 218 1720 282 quoniam
1742 221 1910 265 constat
1928 218 2011 267 hos
2023 232 2205 276 omnes,
2229 231 2315 270 ceti

489 282 716 330 tenuiores
740 288 786 330 δε
805 282 1038 330 serosiores
1057 282 1278 330 recensitis
1297 280 1463 327 tardius
1482 283 1741 349 parciusque
1769 285 2025 349 inquinari,
2055 291 2100 333 &
2123 288 2239 337 inter
2268 287 2311 335 se

486 347 613 396 nullo
633 347 706 396 vel
725 347 820 395 fere
841 349 966 394 nullo
985 347 1244 393 discrimine
1264 346 1488 410 distingui.

545 411 767 460 Caeterum
795 413 930 459 allatae
951 411 1214 457 affinitatum
1234 411 1356 457 scalae
1373 411 1447 458 seu
1465 411 1637 459 tabellae
1663 413 1756 460 noli
1779 413 2178 462 inconsiderantius
2198 433 2310 463 con-

485 476 628 524 fidere
648 511 660 529 ‚
691 476 809 541 quasi
836 477 961 522 omni
985 477 1249 540 exceptione
1275 480 1418 539 major
1446 477 1550 523 esset
1569 511 1582 530 ‚
1611 495 1755 540 neque
1781 480 1950 543 possent
1981 480 2274 545 symptomata
2295 515 2310 536 ‚

485 559 581 605 quae
615 559 811 589 venereo
840 542 1050 604 contagio
1085 541 1230 595 fiunt,
1266 541 1290 587 a
1323 541 1541 606 proposita
1577 543 1733 588 norma
1766 545 1837 590 vel
1867 545 2085 591 tantulum
2113 564 2310 609 unquam

483 607 725 654 declinare.
764 612 815 652 In
842 606 1027 670 physicis
1046 606 1206 659 rebus,
1234 607 1507 670 medicisque
1530 606 1797 671 potissimum
1824 611 2109 657 constantiam
2142 628 2311 657 tantam

485 672 749 736 plerumque
779 669 935 717 frustra
969 672 1165 735 requiras
1185 705 1198 724 ‚
1231 673 1445 734 quoniam
1479 672 1601 718 varia
1633 676 1680 717 ὃς
1711 673 1940 720 mutabilia
1970 674 2055 722 esse
2084 678 2311 724 necessum

484 738 575 787 est,
609 753 896 798 quaecumque
930 752 1020 781 tani
1052 738 1194 782 multo
1227 737 1451 783 variarum
1486 736 1802 783 conditionum
1837 741 2055 785 concursu
2087 743 2307 789 nituntur.

484 803 540 846 Et
561 800 660 845 sane
684 801 728 847 in
753 796 1004 865 exemplum
1028 801 1189 847 adduci
1210 803 1349 865 potest
1366 803 1542 865 quaestio
1563 800 1748 865 ipsamet
1764 802 1820 848 de
1839 803 1927 866 qua
1946 804 2117 867 agitur:
2150 809 2312 863 Quan-

483 866 649 911 tumvis
678 865 799 911 enim
830 883 987 911 natura
1014 865 1043 910 s1
1072 865 1149 912 sibi
1174 867 1455 930 permittatur
1485 873 1530 913 &
1562 866 1714 912 omnia
1743 866 1866 931 paria
1894 867 2007 920 fint,
2041 871 2310 934 propositam

483 947 692 977 normam
712 928 916 978 affectare
937 931 1086 995 aperte
1107 932 1313 978 videatur
1329 965 1341 983 ‚
1361 931 1516 978 docuit
1535 947 1685 976 tamen
1706 932 1981 996 experientia
2001 933 2141 980 multa
2162 934 2314 1002 saepius

483 995 761 1042 intervenire
775 1029 788 1048 ,
819 1014 913 1059 quae
930 996 1141 1043 ordinem
1160 997 1279 1043 varie
1300 1013 1558 1061 pervertant
1578 1002 1624 1042 &
1644 996 1956 1044 interturbent.

547 1063 726 1124 Nempe
756 1069 815 1106 10.
845 1061 891 1108 Si
918 1061 1067 1108 nativa
1088 1062 1157 1108 vel
1178 1062 1426 1109 adventitia
1456 1061 1506 1107 sit
1533 1062 1579 1107 in
1602 1077 1725 1125 parte
1755 1062 1947 1124 quadam
1974 1061 2179 1109 debilitas
2197 1097 2210 1116 ‚
2243 1065 2313 1111 vi·-

483 1124 653 1172 tiumve
673 1127 812 1172 ullum
833 1126 1206 1174 conformationis
1224 1160 1236 1179 ‚
1263 1145 1360 1191 pars
1383 1128 1454 1175 illa
1476 1128 1641 1173 caeteris
1660 1126 1838 1191 paribus
1865 1128 1992 1174 citius
2020 1133 2067 1174 δε
2099 1145 2202 1176 anre
2232 1149 2313 1177 οι·-

483 1190 639 1238 dinem
668 1191 828 1239 morbo
861 1191 1134 1244 tentabitur,
1161 1208 1253 1238 rum
1281 1192 1403 1256 quod
1436 1192 1644 1238 humores
1672 1191 1860 1238 infestos
1879 1194 2016 1256 magis
2037 1195 2227 1240 retineat
2250 1196 2312 1242 ob

485 1255 737 1321 praeclusam
762 1258 1063 1304 circulationis
1084 1256 1345 1303 facilitatem
1363 1291 1376 1310 ‚
1403 1272 1497 1303 tum
1529 1256 1650 1322 quod
1679 1256 1894 1304 haerentes
1918 1257 2110 1305 debilius
2128 1260 2313 1324 repellat

484 1321 545 1368 ob
574 1321 852 1370 debilitatam
879 1321 1136 1371 facultatem
1162 1322 1432 1385 systalticam.
1461 1322 1532 1369 Sic
1562 1321 1871 1368 antecedentia
1900 1323 2007 1369 vitia
2040 1324 2275 1370 oculorum
2293 1358 2311 1378 ,

468 1386 751 1451 -pulmonum
767 1423 779 1442 ‚
806 1390 917 1436 uteri
939 1396 1024 1436 δίε.
1048 1405 1257 1454 contagio
1279 1406 1476 1435 venereo
1497 1385 1645 1433 ansam
1664 1387 1857 1450 praebent
1872 1422 1883 1439 ‚
1901 1403 1949 1433 ut
1970 1404 2110 1452 partes
2130 1388 2310 1440 easdem

487 1458 534 1498 &
552 1453 736 1500 celerius
766 1460 812 1501 δέ
842 1452 1060 1502 efficacius
1080 1456 1308 1501 adoriatur
1325 1487 1336 1506 ,
1357 1453 1493 1519 quam
1512 1471 1564 1500 ex
1583 1450 1786 1518 ptaedistzi
1807 1449 2071 1499 affinitatum
2092 1452 2201 1499 scala
2220 1453 2312 1502 five

486 1517 648 1564 tabella
672 1521 993 1585 expediandum
1013 1519 1097 1568 effe
1116 1520 1360 1567 videretur.

549 1592 611 1630 2⁰.
634 1585 676 1630 Si
693 1585 854 1631 humor
872 1586 1056 1649 quidam
1079 1586 1224 1632 acrior
1242 1619 1254 1638 ‚
1273 1584 1457 1631 uberior
1475 1617 1487 1636 ‚
1510 1582 1699 1629 nimium
1717 1581 1973 1629 sollicitatus
1986 1616 1999 1635 ,
2015 1598 2140 1629 motu
2156 1584 2315 1648 praeci-‘

482 1647 566 1712 piti
585 1649 639 1694 ad
657 1649 869 1697 destinata
888 1652 987 1697 loca
1006 1657 1094 1712 jam
1111 1652 1212 1697 ante
1231 1651 1453 1702 confluat,
1471 1648 1590 1694 virus
1605 1665 1848 1695 venereum
1866 1648 1951 1694 una
1971 1648 2112 1712 abripi
2131 1682 2143 1700 ‚
2162 1650 2217 1695 ad
2239 1668 2314 1696 ea-

478 1711 582 1759 dem
606 1714 704 1761 loca
725 1715 940 1779 copiosius
967 1717 1131 1763 deduci
1150 1722 1196 1762 &
1214 1732 1359 1780 partes
1377 1715 1471 1762 illas
1491 1713 1735 1778 peculiares
1763 1714 2019 1776 praemature
2044 1711 2310 1762 labefactare

476 1794 682 1841 cogetur.
718 1781 788 1826 Sic
809 1780 1035 1829 diarrhoea
1061 1781 1301 1833 diuturna,
1330 1779 1512 1843 gravior
1545 1796 1708 1837 coryza
1740 1777 1814 1823 seu
1842 1778 2067 1824 catarrhus
2101 1778 2275 1825 narium
2294 1812 2310 1832 ,

481 1843 600 1889 fluor
622 1844 852 1891 muliebris
883 1846 930 1891 in
960 1845 1154 1892 foeminis
1182 1852 1269 1891 &c.
1297 1846 1353 1891 ad
1382 1843 1610 1895 intestina,
1631 1860 1788 1896 nates,
1814 1842 1992 1897 fauces,
2011 1859 2188 1891 uterum
2220 1849 2309 1891 &c-

483 1907 777 1971 symptomata
797 1911 1018 1956 advocant
1041 1911 1089 1955 in
1109 1910 1368 1974 syphiliticis
1393 1910 1684 1972 inexpectata.

556 1981 617 2033 30.
654 1974 698 2018 Si
727 1973 888 2021 humor
922 1975 1112 2038 quilibet
1142 1976 1287 2022 alieno
1324 1974 1535 2037 contagio
1568 1972 1829 2035 inquinetur
1853 2006 1867 2024 ‚
1904 1973 2026 2020 virus
2061 1972 2308 2022 venereum

480 2035 813 2100 superadditum
841 2039 1082 2085 efficaciam
1111 2044 1324 2102 majorem
1353 2039 1460 2085 inde
1493 2037 1729 2084 contrahet
1747 2071 1761 2089 ,
1787 2053 1919 2099 atque
1951 2038 2063 2084 adeb
2093 2038 2199 2084 bina
2229 2057 2308 2085 ve-

483 2118 599 2148 nena
624 2102 878 2150 consociata
902 2104 1126 2169 partibus,
1157 2105 1213 2150 ad
1232 2122 1338 2167 quas
1370 2104 1531 2149 humor
1560 2102 1636 2148 ille
1670 2101 1891 2166 pertinet,
1923 2107 1969 2148 ὃ(
1989 2104 2241 2165 graviorem
2262 2109 2312 2150 δε

485 2184 810 2231 praeproperam
830 2187 992 2216 noxam
1008 2169 1221 2215 inferent.
1241 2169 1310 2217 Sic
1334 2168 1455 2214 virus
1475 2164 1737 2213 strumosum
1752 2199 1764 2218 ‚
1780 2184 1870 2229 quo
1890 2167 2058 2230 limpha
2073 2186 2084 2221 3
2101 2183 2175 2214 aut
2194 2167 2311 2214 scor-

484 2230 687 2277 buticum
706 2266 718 2284 ,
744 2251 833 2296 quo
854 2235 988 2281 saliva
1007 2234 1205 2281 inficitur
1220 2266 1233 2286 ,
1266 2233 1453 2280 seminio
1473 2249 1670 2278 venereo
1690 2232 1815 2293 quod
1843 2231 1890 2276 in
1918 2231 2079 2278 iisdem
2104 2233 2311 2278 humori-

485 2294 567 2341 bus
587 2298 788 2360 quietum
807 2299 915 2346 latet
932 2333 945 2352 ,
970 2300 1032 2345 ita
1050 2299 1191 2344 calcar
1211 2297 1381 2350 addunt
1398 2331 1411 2349 ,
1434 2311 1482 2342 ut
1510 2297 1565 2342 ad
1590 2293 1825 2342 strumosos
1855 2297 2167 2358 glandularum
2199 2315 2310 2343 con-

485 2360 775 2422 globatorum
812 2379 1009 2414 tumores
1032 2362 1377 2430 producendos,
1409 2377 1482 2408 aut
1515 2361 1570 2408 ad
1602 2361 1804 2425 gingivas
1835 2359 2151 2409 exulcerandas
2175 2362 2312 2424 ocyus

485 2426 594 2472 inde
614 2425 804 2473 festinet.

547 2492 614 2548 4⁹.
649 2492 695 2538 Si
723 2492 934 2540 adhibi-tis
955 2493 1162 2540 remediis
1183 2492 1342 2558 topicis
1359 2493 1493 2558 partis
1519 2491 1772 2555 cujusdam,
1790 2494 1836 2537 δε
1854 2490 2097 2538 humorum
2110 2491 2189 2553 qui
2207 2509 2311 2555 par-

488 2555 543 2601 tis
572 2555 769 2617 ejusdem
807 2559 977 2621 proprii
1010 2558 1108 2604 sunt
1126 2592 1137 2611 ,
1158 2558 1407 2621 integritati
1441 2558 1569 2603 cauto
1603 2556 1854 2603 consultum
1884 2556 1935 2601 fit
1953 2590 1966 2609 ,
1994 2574 2090 2621 pars
2118 2555 2193 2601 illa
2214 2574 2310 2619 quat

486 2620 689 2682 alioquin
715 2623 911 2669 citiffime
935 2623 1174 2668 inficienda
1201 2624 1305 2669 eslet
1324 2656 1337 2675 ,
1364 2622 1436 2669 vel
1463 2622 1728 2668 nullomodo
1752 2620 2002 2672 inficietur,
2036 2620 2108 2666 vel
2138 2619 2309 2667 inficie-

489 2702 562 2730 tur
588 2686 821 2732 tardifiime
843 2694 888 2733 ὃς
906 2687 1021 2732 infra
1042 2687 1248 2733 ordinem
1266 2720 1277 2738 ,
1299 2687 1375 2749 qui
1394 2704 1447 2732 ex
1464 2686 1578 2732 scala
1596 2701 1890 2748 competeret.
1922 2685 1992 2731 Sic
2010 2684 2202 2730 leviores
2229 2703 2309 2748 ge-

490 2749 695 2794 nitalium
723 2750 951 2798 frictiones
978 2770 1078 2796 cum
1111 2767 1342 2814 unguento
1372 2751 1620 2796 mercuriali
1656 2749 1752 2795 tuto
1778 2765 2027 2814 praecavent
2048 2748 2119 2795 vel
2141 2749 2196 2795 ad
2222 2750 2312 2795 mi-

487 2832 569 2861 nus
590 2814 665 2859 diu
687 2817 910 2862 retardant
931 2833 1144 2862 venereos
1177 2815 1436 2862 earumdem
1466 2815 1656 2879 partium
1690 2814 1873 2860 morbos
1890 2847 1903 2865 ,
1931 2813 2009 2876 qui
2039 2814 2309 2879 caetetoquin

490 2896 544 2925 ex
569 2880 686 2924 notis
706 2880 925 2927 affinitatis
944 2880 1114 2943 legibus
1131 2879 1226 2926 fere
1245 2880 1447 2926 omnium
1467 2880 1599 2943 primi
1616 2878 1758 2925 solent
1778 2895 1999 2943 apparere.

555 2953 616 3004 59.
635 2947 840 3009 Denique
856 2945 884 2991 si
903 2944 1001 2991 casu
1017 2945 1174 3008 quovis
1192 2944 1381 2991 fortuito
1400 2944 1640 2990 humorum
1657 2943 1890 2990 decubitus
1910 2944 1955 2990 in
1967 2956 2137 3007 partem
2148 2958 2305 3006 quam-

492 3009 596 3056 dam
615 3010 858 3056 accersatur
880 3045 891 3062 ,
914 3008 1019 3056 inde
1045 3009 1166 3055 tantb
1193 3008 1364 3056 facilius
1388 3009 1507 3055 vitus
1531 3026 1774 3055 venereum
1792 3009 1838 3052 in
1867 3023 1990 3071 parte
2021 3006 2177 3052 eadem
2202 3022 2301 3050 cum

490 3074 682 3119 humore
701 3076 775 3119 haez
790 3093 891 3121 ente
911 3077 1206 3136 stagnaturum
1227 3076 1287 3120 est
1304 3107 1316 3125 ‚
1339 3080 1385 3119 &
1411 3073 1559 3119 eidem
1579 3072 1723 3118 labem
1751 3072 1874 3119 tantb
1903 3072 2030 3117 citius
2056 3070 2300 3115 allaturum.

492 3139 562 3184 Sic
583 3138 628 3182 in
662 3135 917 3204 syphiliticis
937 3138 1040 3202 saepe
1060 3139 1221 3184 accidit
1246 3155 1294 3183 ut
1321 3137 1397 3182 offi
1423 3137 1511 3182 ictu
1537 3137 1723 3183 contuso
1748 3136 1950 3183 exostosis
1966 3168 1979 3187 ‚
2005 3133 2190 3179 articulo
2213 3133 2302 3197 lap*

480 3202 540 3251 su
559 3202 742 3252 distorto
763 3201 983 3264 ankylosis
1003 3203 1073 3249 vel
1094 3203 1225 3249 dolor
1244 3202 1498 3249 arthriticus
1512 3235 1525 3257 ,
1552 3202 1668 3266 parti
1685 3218 1779 3265 quae
1803 3199 1987 3264 frigoris
2012 3196 2306 3249 acerbitatem
