2477 3643
661 141 926 184 anrn
992 102 1026 184 Ι.
1099 136 1379 185 CAPUT
1445 139 1550 184 IV.
1958 144 2029 203 vi1'7

194 217 449 269 ‘Christiana
480 217 616 266 salute
634 252 646 271 ‚
661 236 753 267 non
776 217 917 264 solum
946 216 1116 262 Italiam
1134 251 1145 270 ‚
1167 216 1240 264 sed
1259 217 1355 265 fere
1382 234 1523 265 totam
1545 222 1769 286 Europam
1798 222 1982 288 irrepsit.
2003 247 2029 266 e«

197 290 301 333 Hoc
328 285 383 331 ab
409 284 623 349 Hispania
644 283 860 348 incipiens
880 316 891 334 ‚
921 299 998 345 per
1034 282 1203 327 Italiam
1221 282 1358 346 ipsam
1381 284 1573 349 primum
1590 318 1604 338 ,
1638 302 1732 332 tum
1763 288 1952 335 Galliam
1972 323 1985 342 ,
2005 310 2029 329 σε

199 349 463 414 caeterasque
501 353 686 414 Europae
728 348 985 394 Provincias
1019 346 1104 393 late
1141 346 1351 394 diffusum
1392 351 1602 397 mortales
1636 352 1985 416 quamplurimos
2002 375 2030 393 u

205 415 456 479 occupavit.
479 439 503 457 υ
1367 477 1374 485 ·
1658 478 1665 487 ι
1701 478 1709 487 ’
1818 480 1826 489 .

258 485 298 522 V
317 485 350 525 1.
376 477 674 525 Wendelinus
697 482 832 524 Hom<
862 477 917 523 de
949 474 1223 523 Brackenaw
1246 510 1257 528 ‚
1279 481 1455 523 Arnum
1473 483 1518 524 δε
1541 478 1780 526 Medicinae
1815 499 1861 526 m
1889 485 2030 544 Gym-

200 542 318 590 nafio
333 542 599 589 Bononiensi
618 541 839 589 Professor
859 575 870 594 ,
892 541 936 587 in
954 545 1107 604 Opere
1128 547 1199 587 De
1219 542 1379 589 Morbo
1399 546 1578 597 Gallim,
1595 559 1685 609 cap.
1710 562 1740 590 1.
1761 545 1848 592 haec
1867 546 2027 594 habet:

197 629 220 646 c·
245 609 315 654 Sic
335 608 468 654 etiam
489 604 537 653 in
556 608 790 654 Medicina
809 606 1031 669 contingit
1048 639 1060 657 ,
1088 605 1210 676 quod
1229 623 1308 670 per
1335 607 1680 656 admirationem
1703 611 1884 673 alicujus
1903 613 2028 676 aegri-

200 672 367 718 tudinis
394 673 522 719 nobis
551 673 714 735 ignota:
753 671 987 735 pervenire
1010 671 1230 734 possumus
1255 670 1312 716 ad
1343 673 1651 735 cognitionem
1683 674 1825 740 ipsius.
1860 677 1982 723 Sicut
2003 701 2028 720 η

200 737 353 784 evenit
373 738 459 783 hoc
479 753 683 801 tempore
700 771 712 789 ,
734 736 900 782 scilicet
919 736 973 780 ab
995 752 1112 780 anno
1136 736 1323 782 Domini
1343 755 1357 782 1
1370 756 1477 796 494.
1496 741 1633 801 usque
1651 739 1704 785 ad
1721 741 1983 804 praesentem
2003 766 2030 787 u

199 819 365 847 annum
393 820 407 846 1
428 820 445 860 ς
464 820 533 860 14.
553 820 642 866 quo
660 802 842 848 morbus
865 800 1048 864 quidam
1066 801 1371 863 contagiosus,
1392 803 1468 865 qui
1486 804 1682 849 Gallicus
1714 807 1958 876 appellatur
1972 843 1985 861 ,
2005 831 2031 850 a

200 865 299 912 satis
316 865 539 913 efferbuit.
564 902 574 912 .
600 902 609 911 .
633 900 643 911 .
668 871 736 912 De
750 865 837 911 hoc
856 863 1017 911 morbo
1035 899 1046 917 ,
1065 880 1137 910 aut
1167 865 1222 911 de
1241 866 1368 912 causa
1384 872 1474 929 ejus
1494 867 1716 916 efficiente
1737 904 1750 923 ,
1768 872 1948 919 formali
1969 908 1983 926 ,
2004 897 2031 916 a

200 949 249 977 ac
285 931 503 978 materiali
533 950 561 977 N
579 949 602 978 E
622 949 647 976 c
684 930 893 994 Antiqui,
917 947 945 975 N
962 947 983 974 E
1003 947 1027 974 c
1062 929 1277 976 Moderni
1298 947 1466 979 certam
1503 934 1811 997 cognitionem
1842 936 1984 985 dede·
2004 962 2030 981 α

199 1011 329 1048 runt,
347 1014 430 1042 nec
454 997 510 1043 de
544 996 730 1043 nomine
763 1002 806 1042 δε
830 993 1079 1058 quidditate
1114 999 1204 1055 ejus
1232 996 1402 1059 aliquid
1432 999 1632 1045 veridice
1668 1000 1879 1047 dixerunt
1908 1019 1982 1049 aut
2003 1025 2032 1044 a

200 1059 481 1125 scripserunt.
511 1095 520 1105 .
544 1096 555 1106 .
580 1095 589 1105 .
619 1063 672 1105 Et
689 1078 782 1107 non
801 1060 890 1105 fine
910 1058 1036 1104 causa
1065 1059 1200 1105 etiam
1218 1060 1403 1108 litterati
1425 1062 1572 1119 (sicut
1591 1065 1676 1110 istis
1709 1067 1985 1131 temporibus
2004 1092 2030 1109 α

201 1126 227 1171 εὶ
267 1125 537 1171 Οοέὶοι·ἰὶ)ιις
568 1125 675 1190 saepe
698 1125 929 1183 videmus)
958 1123 1012 1169 ab
1040 1123 1128 1170 hoc
1159 1125 1330 1171 crudeli
1359 1127 1523 1175 morbo
1552 1129 1730 1192 fugiunt
1757 1164 1770 1183 ,
1804 1131 1847 1179 se
1873 1132 1985 1179 nihil
2002 1154 2030 1173 ει

199 1189 312 1236 scire
343 1189 629 1236 confidendo.
659 1193 814 1246 Quare
831 1188 1096 1246 flammatur-ii
1115 1221 1128 1240 ,
1163 1188 1404 1236 herbarum
1437 1193 1695 1240 collectores
1718 1227 1728 1246 ,
1752 1197 1985 1260 caeterique
2003 1219 2029 1237 α

200 1254 479 1307 mechanici,
512 1272 562 1300 ac
589 1253 878 1317 vagabundi,
903 1258 950 1299 &
985 1251 1224 1299 trufatores
1262 1259 1342 1310 (ut
1371 1256 1434 1301 ita
1464 1257 1655 1321 loquar)
1684 1259 1813 1322 hujus
1837 1262 2030 1309 morbi«

198 1336 329 1367 veros
351 1325 396 1365 δέ
416 1318 636 1384 perfectos
653 1335 877 1364 curatores
900 1316 1060 1382 seipsos
1077 1317 1163 1364 effe
1181 1317 1459 1382 profitentur.
1483 1346 1506 1365 υ

262 1390 300 1430 V
316 1389 333 1430 Ι
349 1389 383 1431 Ι.
412 1383 604 1436 Iacobus
628 1386 849 1430 Cataneus
883 1383 940 1429 de
972 1386 1087 1428 Lacu
1106 1383 1314 1429 Marcino
1334 1419 1347 1437 ,
1367 1385 1608 1433 Genuenfis
1625 1421 1637 1438 ‚
1655 1387 1703 1434 in
1724 1392 1935 1439 Trad'mtu
1957 1398 2028 1439 De

197 1449 356 1495 Morbo
388 1451 549 1495 Gallico
565 1486 580 1502 ‚
600 1449 716 1495 circa
746 1465 911 1494 annum
949 1455 1083 1509 1516.
1115 1447 1369 1514 conscripto
1388 1484 1401 1503 ,
1423 1466 1513 1516 cap.
1541 1469 1578 1496 1.
1597 1451 1653 1498 fic
1672 1470 1822 1501 narrat
1842 1456 1924 1503 luis
1947 1476 2026 1504 ve-

200 1529 343 1560 nereae
361 1513 614 1578 ingressum.
648 1536 668 1555 «ι
692 1516 825 1563 Anno
844 1512 1037 1574 virginei
1065 1512 1211 1577 partus
1238 1531 1373 1573 1494.
1398 1515 1642 1564 invadente
1668 1520 1840 1566 Carolo
1861 1526 2026 1571 offavo

199 1582 468 1625 Francorum
503 1583 627 1642 Rege
662 1582 870 1643 Regnum
904 1577 1271 1642 Parthenopaeum
1301 1613 1314 1633 ,
1344 1580 1604 1628 Alexandro
1640 1584 1745 1630 vero
1779 1585 1900 1633 sexto
1930 1588 1981 1636 e&
2002 1611 2027 1630 a

200 1645 456 1707 tempestate
475 1642 693 1690 summum
707 1642 1019 1690 Pontificatum
1035 1659 1219 1706 gerente
1234 1677 1246 1697 ,
1264 1661 1443 1691 exortus
1458 1647 1516 1692 est
1530 1648 1575 1694 in
1591 1648 1716 1694 Italia
1731 1653 1981 1700 monstrum
2001 1675 2026 1694 u

200 1707 273 1753 sus
309 1708 490 1755 morbus
507 1742 519 1761 ‚
549 1726 621 1756 NU
639 1725 701 1754 LI.
719 1727 733 1754 1
751 1726 768 1754 s
800 1708 902 1755 ante
938 1706 1101 1754 saeculis
1129 1707 1244 1756 visus
1270 1742 1284 1762 ,
1320 1725 1506 1775 totoque
1536 1711 1583 1758 in
1617 1712 1733 1761 orbe
1764 1731 1984 1764 terrarum
2001 1738 2027 1758 ee

206 1788 676 1819 INCOGNITU&„

272 1842 343 1884 VI
361 1842 378 1883 I
395 1842 427 1882 Ι.
466 1842 619 1885 Petrus
640 1837 913 1899 Maynardus
929 1872 941 1890 ,
962 1836 1226 1886 Veronensis
1244 1871 1256 1890 ,
1277 1842 1506 1887 TraCtatus
1524 1841 1634 1891 duos
1651 1846 1706 1893 de
1729 1847 1899 1893 Morbo
1920 1849 2026 1895 Gal-

200 1901 290 1948 lico
333 1902 587 1966 conscripsit
626 1903 743 1949 circa
775 1920 940 1949 annum
973 1909 1108 1967 1518.
1140 1903 1187 1947 in
1221 1920 1415 1967 quorum
1444 1905 1592 1969 priore
1623 1943 1635 1961 ,
1674 1926 1763 1975 cap.
1791 1930 1822 1958 1,
1855 1909 1910 1959 fic
1938 1915 2026 1961 aitg

200 1987 226 2006 «ι
244 1971 347 2012 Hoc
366 1969 515 2014 nostro
535 1982 737 2033 tempore
757 1967 954 2014 detectus
971 1968 1153 2031 quidam
1173 1968 1355 2015 morbus
1372 1969 1646 2034 epidemialis
1662 1975 1749 2023 sive
1771 1976 1926 2024 fatalis.
1951 2015 1960 2023 .
1984 2014 1992 2024 .
2015 2015 2024 2024 .

202 2032 338 2094 Apud
353 2032 557 2079 homines
573 2032 764 2079 Gallicus
781 2032 1041 2098 appellatur,
1059 2033 1272 2095 quoniam
1286 2034 1341 2080 de
1356 2052 1411 2081 eo
1437 2052 1466 2079 N
1485 2053 1513 2082 U
1531 2054 1552 2081 L
1574 2055 1595 2081 L
1617 2055 1648 2085 A
1678 2042 1736 2086 est
1750 2043 1981 2097 memoria,
2002 2068 2027 2083 ι.

197 2095 279 2143 nisi
301 2115 355 2144 ex
382 2115 473 2161 quo
498 2099 688 2146 Carolus
704 2103 973 2144 Francorum
998 2101 1094 2143 Rex
1114 2115 1217 2143 cum
1244 2097 1323 2145 suo
1342 2102 1539 2148 exercitu
1556 2102 1602 2147 in
1622 2105 1792 2154 Italiam
1812 2107 1855 2155 se
1876 2127 1986 2155 con-
2002 2130 2027 2148 τε

199 2160 302 2206 tulit
318 2196 331 2214 ,
351 2180 468 2209 anno
484 2163 656 2210 scilicet
675 2163 868 2227 virginei
882 2162 1026 2227 partus
1053 2180 1066 2207 1
1079 2171 1186 2220 496.
1212 2188 1233 2205 υ

256 2230 347 2271 ΙΧ.
381 2228 591 2280 Uliaichus
617 2228 673 2274 de
705 2233 877 2274 Hutten
896 2262 908 2280 ,
932 2231 1075 2290 Eques
1094 2231 1343 2274 Germanus
1359 2263 1372 2281 ,
1388 2228 1488 2276 cum
1513 2231 1585 2279 lue
1604 2237 1796 2283 venerea
1811 2238 1998 2287 infestus
2012 2275 2026 2294 ,

196 2295 246 2336 δέ
271 2290 501 2355 vulgarem
531 2292 595 2338 sui
624 2294 837 2357 temporis
855 2294 1133 2338 curationem
1152 2292 1362 2339 undecies
1382 2294 1499 2341 intra
1530 2314 1695 2346 novem
1718 2319 1855 2349 annos
1881 2304 2026 2351 incas-

198 2354 294 2401 sum
323 2373 528 2420 expertus
547 2391 560 2410 ,
579 2358 760 2404 tandem
788 2356 866 2402 usu
889 2357 998 2420 ligni
1031 2356 1213 2402 Guaiaci
1244 2357 1445 2422 perseditae
1466 2358 1639 2409 sanitati
1671 2367 1892 2414 restitutus
1920 2371 2027 2418 effet

197 2420 317 2465 circa
338 2439 502 2467 annum
529 2440 543 2466 1
563 2440 582 2485 ς
599 2440 667 2479 19.
695 2422 921 2469 eruditum
957 2424 1211 2467 Trastatum
1245 2428 1316 2469 De
1339 2424 1494 2472 Morbi
1519 2431 1678 2476 Gallici
1705 2436 1925 2479 Curatione
1950 2450 2027 2498 per

197 2485 583 2542 administrationem
614 2490 714 2549 ligni
743 2491 923 2533 Guaiaci
953 2486 1207 2551 conscripsit
1236 2487 1321 2534 hoc
1357 2489 1521 2537 eodem
1555 2509 1673 2540 anno
1706 2496 1760 2541 ad
1788 2498 2026 2547 Albertum

198 2549 643 2613 Brandeburgensem
668 2585 680 2603 ,
718 2555 761 2598 S.
795 2556 849 2597 R.
885 2555 931 2597 E.
963 2551 1280 2605 Cardinalem,
1303 2556 1628 2616 Moguntinum
1664 2565 1708 2605 &
1743 2563 2024 2626 Magdebus..

197 2613 377 2677 gensem
412 2616 809 2680 Archiepiscopum
830 2621 874 2662 ὃς
898 2616 1142 2663 Elecstorem
1159 2650 1170 2668 ,
1191 2617 1235 2663 in
1255 2635 1345 2680 quo
1376 2618 1605 2682 sequentia
1623 2623 1773 2688 legere
1794 2630 1852 2674 est
1870 2644 1965 2692 cap.
1988 2649 2022 2677 1,

197 2698 222 2717 α
246 2677 402 2725 Visum
436 2684 536 2726 Deo
569 2682 627 2726 est
661 2686 705 2726 διε
735 2681 878 2727 nostra
910 2697 1034 2726 aetate
1055 2682 1238 2727 morbos
1258 2682 1368 2729 oriri
1395 2687 1673 2748 Majoribus,
1705 2707 1753 2736 ut
1778 2692 2023 2745 existimare

196 2741 331 2795 licet,
367 2762 381 2788 1
400 2762 428 2789 N
450 2763 474 2790 c
494 2763 522 2790 o
541 2764 566 2791 e
581 2762 608 2790 N
627 2764 640 2790 1
657 2763 682 2790 T
700 2762 727 2790 0
744 2762 780 2790 s.
819 2748 973 2796 Annus
1006 2745 1091 2791 fuit
1121 2747 1143 2791 a
1164 2746 1342 2793 Christo
1362 2765 1469 2794 nato
1501 2754 1594 2815 post
1619 2754 1901 2803 millefimum
1930 2764 1974 2804 ὃς
1997 2785 2022 2802 ς..

196 2807 682 2871 quadringentelimum
708 2810 1014 2873 nonagesimus
1042 2811 1196 2857 tertius
1230 2828 1304 2857 aut
1337 2812 1454 2860 circa
1472 2848 1483 2867 ,
1519 2816 1618 2861 cum
1652 2819 1824 2884 irrepsit
1847 2824 1977 2885 pesti-
1997 2846 2022 2862 rc

197 2870 345 2917 ferum
375 2873 564 2925 malum,
591 2892 682 2919 non
713 2876 760 2920 in
795 2875 939 2921 Gallia
972 2875 1156 2937 quidem
1181 2909 1192 2927 ,
1215 2875 1291 2922 sed
1320 2879 1437 2941 apud
1474 2883 1714 2945 Neapolim
1748 2886 1938 2947 primum
1964 2906 1972 2931 :
1996 2909 2020 2928 u

196 2938 384 2984 Nomen
416 2938 523 2983 vero
552 2938 657 2985 inde
690 2938 895 2984 sortitum
923 2941 982 2984 est
1000 2973 1011 2991 ,
1034 2941 1155 3002 quod
1189 2940 1237 2985 in
1266 2942 1498 2989 Gallorum
1527 2948 1723 2992 exercitu
1743 2981 1754 2999 ,
1774 2950 1851 3012 qui
1883 2952 1974 2997 illic
1996 2975 2022 2993 «ς

197 3000 354 3046 Caroli
384 3002 517 3063 Regis
545 3001 608 3047 sui
637 3003 836 3067 auspiciis
866 3003 1154 3065 belliger-abar
1182 3037 1194 3054 ,
1231 3008 1433 3068 apparuit
1472 3008 1591 3071 prius
1625 3011 1758 3075 quam
1795 3015 2020 3078 usquam«

199 3064 320 3110 alibi.
341 3100 351 3110 .
377 3100 386 3110 .
409 3100 420 3111 .
442 3066 613 3112 Medici
635 3066 866 3129 fugiebant
889 3071 979 3127 ejus
998 3068 1135 3131 porro
1155 3066 1374 3132 aspeekum
1392 3105 1404 3124 ,
1423 3072 1588 3119 nedum
1620 3081 1823 3124 comaclu
1846 3081 1970 3126 absti-
1994 3104 2019 3122 a

201 3129 394 3183 nebant,
413 3147 461 3176 ut
494 3131 643 3177 morbi
675 3132 885 3195 pra’terecl
920 3132 1094 3178 nullius.
1115 3166 1123 3176 .
1146 3166 1156 3177 .
1183 3167 1192 3177 .
1210 3167 1219 3176 .
1241 3137 1323 3191 (Et
1340 3151 1430 3200 cap.
1454 3142 1523 3196 2.)
1548 3143 1649 3186 Hoc
1684 3144 1899 3206 psaecipu&
1924 3147 1971 3191 in
1989 3169 2014 3187 a

197 3194 361 3243 morbo
380 3195 595 3259 quantum
612 3197 756 3244 nostra
776 3213 899 3246 aetate
932 3197 1103 3247 laboret
1128 3198 1355 3247 Medicina
1376 3219 1655 3267 compertum
1678 3209 1736 3253 est
1757 3241 1768 3259 ,
1793 3208 1975 3257 silebant
1992 3233 2019 3252 ω

1760 3277 1800 3320 ζ.

2092 506 2309 547 Wendeh'no

2077 561 2190 598 Iiocx
2212 562 2255 598 de

2073 612 2311 652 Brackcnaw-

2141 678 2269 714 1514.
2304 704 2311 720 ἐ

2071 1405 2216 1455 Jacobo
2236 1412 2306 1457 Ca,

2072 1471 2177 1498 tanco
2207 1464 2250 1500 de

2072 1513 2172 1551 Lacu
2192 1519 2303 1555 Mar-

2075 1566 2166 1605 cmo.

2133 1626 2256 1668 1516.

2074 1860 2184 1896 Petro
2197 1863 2304 1915 May*

2072 1912 2201 1950 nardo.

2131 1972 2305 2012 1518.-

2071 2240 2233 2281 Ulricho
2255 2245 2301 2282 de

2072 2295 2226 2332 kiutten.

2133 2361 2262 2397 1519)
