<?xml version="1.0" encoding="UTF-8"?>
<!DOCTYPE html PUBLIC "-//W3C//DTD XHTML 1.0 Transitional//EN"
    "http://www.w3.org/TR/xhtml1/DTD/xhtml1-transitional.dtd">
<html xmlns="http://www.w3.org/1999/xhtml" xml:lang="en" lang="en">
 <head>
  <title>
</title>
<meta http-equiv="Content-Type" content="text/html;charset=utf-8" />
  <meta name='ocr-system' content='tesseract 3.04.00' />
  <meta name='ocr-capabilities' content='ocr_page ocr_carea ocr_par ocr_line ocrx_word'/>
</head>
<body>
  <div class='ocr_page' id='page_1' title='image "./demorbisvenereis00astr_0581.png"; bbox 0 0 2477 3643; ppageno 0'>
   <div class='ocr_carea' id='block_1_1' title="bbox 430 90 1987 174">
    <p class='ocr_par' dir='ltr' id='par_1_1' title="bbox 430 90 1987 174">
     <span class='ocr_line' id='line_1_1' title="bbox 430 90 1987 174; baseline 0.001 -26"><span class='ocrx_word' id='word_1_1' title='bbox 430 92 710 148; x_wconf 57' lang='lat' dir='ltr'>‘Li&#39;ntn</span> <span class='ocrx_word' id='word_1_2' title='bbox 777 90 1357 145; x_wconf 67' lang='lat' dir='ltr'>VLSsscuztru</span> <span class='ocrx_word' id='word_1_3' title='bbox 1421 96 1700 148; x_wconf 85' lang='lat' dir='ltr'>XV111.</span> <span class='ocrx_word' id='word_1_4' title='bbox 1898 118 1987 174; x_wconf 83' lang='lat'>545</span> 
     </span>
    </p>
   </div>
   <div class='ocr_carea' id='block_1_2' title="bbox 151 175 2000 3210">
    <p class='ocr_par' dir='ltr' id='par_1_2' title="bbox 283 175 1994 250">
     <span class='ocr_line' id='line_1_2' title="bbox 283 175 1994 250; baseline 0.006 -25"><span class='ocrx_word' id='word_1_5' title='bbox 283 178 445 227; x_wconf 69' lang='lat' dir='ltr'>⁴‘T&#39;raite&#39;</span> <span class='ocrx_word' id='word_1_6' title='bbox 462 179 511 224; x_wconf 81' lang='lat' dir='ltr'>de</span> <span class='ocrx_word' id='word_1_7' title='bbox 545 179 588 223; x_wconf 89' lang='lat' dir='ltr'>la</span> <span class='ocrx_word' id='word_1_8' title='bbox 605 175 811 223; x_wconf 77' lang='lat' dir='ltr'>Maladie</span> <span class='ocrx_word' id='word_1_9' title='bbox 838 180 884 221; x_wconf 94' lang='lat' dir='ltr'><em>V</em></span> <span class='ocrx_word' id='word_1_10' title='bbox 884 175 1087 222; x_wconf 75' lang='lat' dir='ltr'>e&#39;ne&#39;rimne</span> <span class='ocrx_word' id='word_1_11' title='bbox 1132 176 1182 223; x_wconf 52' lang='grc' dir='ltr'>(ῥ’</span> <span class='ocrx_word' id='word_1_12' title='bbox 1213 177 1280 222; x_wconf 86' lang='lat' dir='ltr'>des</span> <span class='ocrx_word' id='word_1_13' title='bbox 1309 179 1480 225; x_wconf 81' lang='lat' dir='ltr'>remedes</span> <span class='ocrx_word' id='word_1_14' title='bbox 1506 184 1576 242; x_wconf 80' lang='lat' dir='ltr'>qni</span> <span class='ocrx_word' id='word_1_15' title='bbox 1608 186 1870 234; x_wconf 78' lang='lat' dir='ltr'>conviennent</span> <span class='ocrx_word' id='word_1_16' title='bbox 1896 188 1924 234; x_wconf 74' lang='grc' dir='ltr'><em>ὲ</em></span> <span class='ocrx_word' id='word_1_17' title='bbox 1942 192 1994 250; x_wconf 70' lang='lat' dir='ltr'>sa</span> 
     </span>
    </p>

    <p class='ocr_par' dir='ltr' id='par_1_3' title="bbox 291 233 1996 432">
     <span class='ocr_line' id='line_1_3' title="bbox 291 233 1996 307; baseline 0.011 -24"><span class='ocrx_word' id='word_1_18' title='bbox 291 233 306 241; x_wconf 47' lang='grc'><strong><em>’</em></strong></span> <span class='ocrx_word' id='word_1_19' title='bbox 381 242 595 306; x_wconf 74' lang='lat' dir='ltr'>gue&#39;rtfhn,</span> <span class='ocrx_word' id='word_1_20' title='bbox 644 241 692 285; x_wconf 85' lang='lat' dir='ltr'>de</span> <span class='ocrx_word' id='word_1_21' title='bbox 722 241 894 286; x_wconf 78' lang='lat' dir='ltr'>charles</span> <span class='ocrx_word' id='word_1_22' title='bbox 925 243 1122 303; x_wconf 78' lang='lat' dir='ltr'>Mufitan</span> <span class='ocrx_word' id='word_1_23' title='bbox 1163 242 1366 289; x_wconf 84' lang='lat' dir='ltr'>Me&#39;decin</span> <span class='ocrx_word' id='word_1_24' title='bbox 1399 243 1446 288; x_wconf 82' lang='lat' dir='ltr'>de</span> <span class='ocrx_word' id='word_1_25' title='bbox 1473 246 1640 307; x_wconf 75' lang='lat' dir='ltr'>Naples</span> <span class='ocrx_word' id='word_1_26' title='bbox 1658 285 1673 301; x_wconf 86' lang='lat'><em>‚</em></span> <span class='ocrx_word' id='word_1_27' title='bbox 1704 255 1996 300; x_wconf 73' lang='lat' dir='ltr'>nouvellement</span> 
     </span>
     <span class='ocr_line' id='line_1_4' title="bbox 387 305 1995 371; baseline 0.001 -19"><span class='ocrx_word' id='word_1_28' title='bbox 387 307 544 352; x_wconf 78' lang='lat' dir='ltr'>traduit</span> <span class='ocrx_word' id='word_1_29' title='bbox 562 323 665 350; x_wconf 83' lang='lat' dir='ltr'>avec</span> <span class='ocrx_word' id='word_1_30' title='bbox 684 305 749 350; x_wconf 80' lang='lat' dir='ltr'>des</span> <span class='ocrx_word' id='word_1_31' title='bbox 768 311 1012 368; x_wconf 74' lang='lat' dir='ltr'>Remarqnes</span> <span class='ocrx_word' id='word_1_32' title='bbox 1026 345 1040 360; x_wconf 84' lang='lat'><em>,</em></span> <span class='ocrx_word' id='word_1_33' title='bbox 1062 321 1145 371; x_wconf 75' lang='lat' dir='ltr'>par</span> <span class='ocrx_word' id='word_1_34' title='bbox 1165 312 1230 354; x_wconf 89' lang='lat' dir='ltr'><em>M</em></span> <span class='ocrx_word' id='word_1_35' title='bbox 1233 308 1385 369; x_wconf 79' lang='lat' dir='ltr'>onfieur</span> <span class='ocrx_word' id='word_1_36' title='bbox 1403 312 1467 354; x_wconf 90' lang='lat' dir='ltr'>D.</span> <span class='ocrx_word' id='word_1_37' title='bbox 1493 313 1541 354; x_wconf 93' lang='lat' dir='ltr'><em>V</em></span> <span class='ocrx_word' id='word_1_38' title='bbox 1541 343 1665 358; x_wconf 85' lang='lat'><strong>.....</strong></span> <span class='ocrx_word' id='word_1_39' title='bbox 1697 311 1869 362; x_wconf 61' lang='lat' dir='ltr'>Masstre</span> <span class='ocrx_word' id='word_1_40' title='bbox 1887 320 1995 366; x_wconf 76' lang='lat' dir='ltr'>Chi-</span> 
     </span>
     <span class='ocr_line' id='line_1_5' title="bbox 393 370 932 432; baseline 0.002 -19"><span class='ocrx_word' id='word_1_41' title='bbox 393 374 559 432; x_wconf 80' lang='lat' dir='ltr'>rurgien</span> <span class='ocrx_word' id='word_1_42' title='bbox 588 370 691 418; x_wconf 81' lang='lat' dir='ltr'>Jure&#39;</span> <span class='ocrx_word' id='word_1_43' title='bbox 721 372 766 414; x_wconf 87' lang='lat' dir='ltr'>de</span> <span class='ocrx_word' id='word_1_44' title='bbox 796 374 932 416; x_wconf 76' lang='lat' dir='ltr'>Paris.</span> 
     </span>
    </p>

    <p class='ocr_par' dir='ltr' id='par_1_4' title="bbox 170 433 1997 693">
     <span class='ocr_line' id='line_1_6' title="bbox 235 433 1996 497; baseline 0.006 -15"><span class='ocrx_word' id='word_1_45' title='bbox 235 434 317 482; x_wconf 86' lang='lat' dir='ltr'>llle</span> <span class='ocrx_word' id='word_1_46' title='bbox 348 433 535 497; x_wconf 88' lang='lat' dir='ltr'>quidem</span> <span class='ocrx_word' id='word_1_47' title='bbox 562 433 609 478; x_wconf 89' lang='lat' dir='ltr'>in</span> <span class='ocrx_word' id='word_1_48' title='bbox 637 433 999 480; x_wconf 79' lang='lat' dir='ltr'>adnotationibus</span> <span class='ocrx_word' id='word_1_49' title='bbox 1028 433 1111 481; x_wconf 81' lang='lat' dir='ltr'>suis</span> <span class='ocrx_word' id='word_1_50' title='bbox 1140 433 1347 482; x_wconf 79' lang='lat' dir='ltr'>Mufitani</span> <span class='ocrx_word' id='word_1_51' title='bbox 1375 453 1551 485; x_wconf 87' lang='lat' dir='ltr'>errores</span> <span class='ocrx_word' id='word_1_52' title='bbox 1573 441 1783 487; x_wconf 83' lang='lat' dir='ltr'>emendat</span> <span class='ocrx_word' id='word_1_53' title='bbox 1807 460 1901 489; x_wconf 90' lang='lat' dir='ltr'>non</span> <span class='ocrx_word' id='word_1_54' title='bbox 1929 446 1996 493; x_wconf 88' lang='lat' dir='ltr'>se-</span> 
     </span>
     <span class='ocr_line' id='line_1_7' title="bbox 170 498 1997 572; baseline 0.007 -27"><span class='ocrx_word' id='word_1_55' title='bbox 170 501 262 549; x_wconf 57' lang='lat' dir='ltr'>Lnel</span> <span class='ocrx_word' id='word_1_56' title='bbox 282 517 363 545; x_wconf 89' lang='lat' dir='ltr'>nec</span> <span class='ocrx_word' id='word_1_57' title='bbox 385 498 563 544; x_wconf 67' lang='lat' dir='ltr'>indoste</span> <span class='ocrx_word' id='word_1_58' title='bbox 583 532 595 550; x_wconf 87' lang='lat'>‚</span> <span class='ocrx_word' id='word_1_59' title='bbox 615 498 809 561; x_wconf 84' lang='lat' dir='ltr'>vitiaque</span> <span class='ocrx_word' id='word_1_60' title='bbox 830 498 1059 563; x_wconf 80' lang='lat' dir='ltr'>therapeiae</span> <span class='ocrx_word' id='word_1_61' title='bbox 1077 534 1087 551; x_wconf 87' lang='lat'><strong>‚</strong></span> <span class='ocrx_word' id='word_1_62' title='bbox 1109 518 1241 564; x_wconf 87' lang='lat' dir='ltr'>quam</span> <span class='ocrx_word' id='word_1_63' title='bbox 1263 500 1505 548; x_wconf 81' lang='lat' dir='ltr'>Mufitanus</span> <span class='ocrx_word' id='word_1_64' title='bbox 1525 507 1753 569; x_wconf 77' lang='lat' dir='ltr'>proponit,</span> <span class='ocrx_word' id='word_1_65' title='bbox 1771 507 1877 572; x_wconf 74' lang='lat' dir='ltr'>saepe</span> <span class='ocrx_word' id='word_1_66' title='bbox 1898 528 1997 557; x_wconf 78' lang='lat' dir='ltr'>cot-</span> 
     </span>
     <span class='ocr_line' id='line_1_8' title="bbox 171 562 1994 637; baseline 0.007 -27"><span class='ocrx_word' id='word_1_67' title='bbox 171 565 279 627; x_wconf 63' lang='lat' dir='ltr'>tigit</span> <span class='ocrx_word' id='word_1_68' title='bbox 309 569 353 610; x_wconf 75' lang='grc' dir='ltr'>δε</span> <span class='ocrx_word' id='word_1_69' title='bbox 407 563 639 626; x_wconf 82' lang='lat' dir='ltr'>letumque</span> <span class='ocrx_word' id='word_1_70' title='bbox 669 562 786 611; x_wconf 64' lang='lat' dir='ltr'>redte</span> <span class='ocrx_word' id='word_1_71' title='bbox 820 582 830 608; x_wconf 72' lang='grc' dir='ltr'>ε</span> <span class='ocrx_word' id='word_1_72' title='bbox 862 568 920 610; x_wconf 90' lang='lat' dir='ltr'>At</span> <span class='ocrx_word' id='word_1_73' title='bbox 947 563 1051 611; x_wconf 74' lang='lat' dir='ltr'>vero</span> <span class='ocrx_word' id='word_1_74' title='bbox 1070 565 1254 629; x_wconf 84' lang='lat' dir='ltr'>ipsemet</span> <span class='ocrx_word' id='word_1_75' title='bbox 1271 565 1442 614; x_wconf 88' lang='lat' dir='ltr'>ibidem</span> <span class='ocrx_word' id='word_1_76' title='bbox 1463 568 1510 614; x_wconf 90' lang='lat' dir='ltr'>in</span> <span class='ocrx_word' id='word_1_77' title='bbox 1547 587 1744 618; x_wconf 85' lang='lat' dir='ltr'>errorem</span> <span class='ocrx_word' id='word_1_78' title='bbox 1763 575 1994 637; x_wconf 57' lang='lat' dir='ltr'>gemintui</span> 
     </span>
     <span class='ocr_line' id='line_1_9' title="bbox 170 581 662 693; baseline 0 -20"><span class='ocrx_word' id='word_1_79' title='bbox 170 628 334 678; x_wconf 82' lang='lat' dir='ltr'>incidit</span> <span class='ocrx_word' id='word_1_80' title='bbox 355 581 502 692; x_wconf 70' lang='lat' dir='ltr'>(iiapte</span> <span class='ocrx_word' id='word_1_81' title='bbox 523 628 662 693; x_wconf 73' lang='lat' dir='ltr'>culpa.</span> 
     </span>
    </p>

    <p class='ocr_par' dir='ltr' id='par_1_5' title="bbox 167 691 2000 2116">
     <span class='ocr_line' id='line_1_10' title="bbox 234 691 1998 770; baseline 0.008 -32"><span class='ocrx_word' id='word_1_82' title='bbox 234 697 268 738; x_wconf 87' lang='lat'>1.</span> <span class='ocrx_word' id='word_1_83' title='bbox 300 692 490 740; x_wconf 80' lang='lat' dir='ltr'>Videtur</span> <span class='ocrx_word' id='word_1_84' title='bbox 505 696 519 752; x_wconf 90' lang='lat'>(</span> <span class='ocrx_word' id='word_1_85' title='bbox 532 703 588 753; x_wconf 80' lang='lat' dir='ltr'>a)</span> <span class='ocrx_word' id='word_1_86' title='bbox 607 691 797 740; x_wconf 78' lang='lat' dir='ltr'>affentiri</span> <span class='ocrx_word' id='word_1_87' title='bbox 813 692 1018 758; x_wconf 88' lang='lat' dir='ltr'>opinioni</span> <span class='ocrx_word' id='word_1_88' title='bbox 1039 691 1113 739; x_wconf 92' lang='lat' dir='ltr'>seu</span> <span class='ocrx_word' id='word_1_89' title='bbox 1130 692 1275 759; x_wconf 76' lang='lat' dir='ltr'>potius</span> <span class='ocrx_word' id='word_1_90' title='bbox 1293 693 1450 742; x_wconf 76' lang='lat' dir='ltr'>fabulae</span> <span class='ocrx_word' id='word_1_91' title='bbox 1470 696 1525 744; x_wconf 87' lang='lat' dir='ltr'>ab</span> <span class='ocrx_word' id='word_1_92' title='bbox 1544 700 1811 749; x_wconf 87' lang='lat' dir='ltr'>Helmontio</span> <span class='ocrx_word' id='word_1_93' title='bbox 1834 722 1998 770; x_wconf 84' lang='lat' dir='ltr'>propo-</span> 
     </span>
     <span class='ocr_line' id='line_1_11' title="bbox 172 756 1994 829; baseline 0.005 -27"><span class='ocrx_word' id='word_1_94' title='bbox 172 756 257 803; x_wconf 84' lang='lat' dir='ltr'>fitae</span> <span class='ocrx_word' id='word_1_95' title='bbox 280 758 338 804; x_wconf 90' lang='lat' dir='ltr'>de</span> <span class='ocrx_word' id='word_1_96' title='bbox 361 758 572 820; x_wconf 83' lang='lat' dir='ltr'>AEthiope</span> <span class='ocrx_word' id='word_1_97' title='bbox 593 758 671 804; x_wconf 90' lang='lat' dir='ltr'>illo</span> <span class='ocrx_word' id='word_1_98' title='bbox 687 791 698 810; x_wconf 90' lang='lat'>,</span> <span class='ocrx_word' id='word_1_99' title='bbox 714 758 932 822; x_wconf 76' lang='lat' dir='ltr'>Pamphili</span> <span class='ocrx_word' id='word_1_100' title='bbox 955 759 1009 804; x_wconf 89' lang='lat' dir='ltr'>de</span> <span class='ocrx_word' id='word_1_101' title='bbox 1024 762 1232 805; x_wconf 80' lang='lat' dir='ltr'>Narvaez</span> <span class='ocrx_word' id='word_1_102' title='bbox 1254 762 1476 825; x_wconf 85' lang='lat' dir='ltr'>mancipio</span> <span class='ocrx_word' id='word_1_103' title='bbox 1498 796 1509 814; x_wconf 93' lang='lat'>,</span> <span class='ocrx_word' id='word_1_104' title='bbox 1531 764 1554 809; x_wconf 77' lang='grc' dir='ltr'>τὶ</span> <span class='ocrx_word' id='word_1_105' title='bbox 1577 783 1666 829; x_wconf 89' lang='lat' dir='ltr'>quo</span> <span class='ocrx_word' id='word_1_106' title='bbox 1689 785 1879 815; x_wconf 74' lang='lat' dir='ltr'>venerea</span> <span class='ocrx_word' id='word_1_107' title='bbox 1900 771 1994 818; x_wconf 74' lang='lat' dir='ltr'>lues</span> 
     </span>
     <span class='ocr_line' id='line_1_12' title="bbox 173 822 1994 892; baseline 0.004 -24"><span class='ocrx_word' id='word_1_108' title='bbox 173 822 223 868; x_wconf 86' lang='lat' dir='ltr'>in</span> <span class='ocrx_word' id='word_1_109' title='bbox 250 823 577 887; x_wconf 86' lang='lat' dir='ltr'>Zempoalanos</span> <span class='ocrx_word' id='word_1_110' title='bbox 605 840 652 868; x_wconf 85' lang='lat' dir='ltr'>ac</span> <span class='ocrx_word' id='word_1_111' title='bbox 681 822 786 868; x_wconf 91' lang='lat' dir='ltr'>inde</span> <span class='ocrx_word' id='word_1_112' title='bbox 814 824 862 867; x_wconf 91' lang='lat' dir='ltr'>in</span> <span class='ocrx_word' id='word_1_113' title='bbox 891 840 1069 869; x_wconf 70' lang='lat' dir='ltr'>caeteros</span> <span class='ocrx_word' id='word_1_114' title='bbox 1099 841 1223 869; x_wconf 80' lang='lat' dir='ltr'>novae</span> <span class='ocrx_word' id='word_1_115' title='bbox 1244 824 1464 889; x_wconf 65' lang='lat' dir='ltr'>Hispaniae</span> <span class='ocrx_word' id='word_1_116' title='bbox 1485 832 1672 892; x_wconf 83' lang='lat' dir='ltr'>populos</span> <span class='ocrx_word' id='word_1_117' title='bbox 1698 834 1895 880; x_wconf 59' lang='lat' dir='ltr'>traduch</span> <span class='ocrx_word' id='word_1_118' title='bbox 1923 836 1994 882; x_wconf 75' lang='lat' dir='ltr'>di-</span> 
     </span>
     <span class='ocr_line' id='line_1_13' title="bbox 173 887 1993 956; baseline 0.007 -24"><span class='ocrx_word' id='word_1_119' title='bbox 173 887 288 935; x_wconf 84' lang='lat' dir='ltr'>citur</span> <span class='ocrx_word' id='word_1_120' title='bbox 308 905 426 934; x_wconf 83' lang='lat' dir='ltr'>anno</span> <span class='ocrx_word' id='word_1_121' title='bbox 456 905 501 950; x_wconf 82' lang='lat'>15</span> <span class='ocrx_word' id='word_1_122' title='bbox 521 904 534 931; x_wconf 90' lang='lat'>1</span> <span class='ocrx_word' id='word_1_123' title='bbox 548 905 588 944; x_wconf 86' lang='lat'>9.</span> <span class='ocrx_word' id='word_1_124' title='bbox 625 890 723 940; x_wconf 81' lang='lat' dir='ltr'>Jam.</span> <span class='ocrx_word' id='word_1_125' title='bbox 744 888 927 950; x_wconf 89' lang='lat' dir='ltr'>quidem</span> <span class='ocrx_word' id='word_1_126' title='bbox 950 887 1126 934; x_wconf 72' lang='lat' dir='ltr'>abunde</span> <span class='ocrx_word' id='word_1_127' title='bbox 1148 888 1385 952; x_wconf 81' lang='lat' dir='ltr'>probatum</span> <span class='ocrx_word' id='word_1_128' title='bbox 1403 893 1460 936; x_wconf 89' lang='lat' dir='ltr'>est</span> <span class='ocrx_word' id='word_1_129' title='bbox 1480 891 1606 956; x_wconf 67' lang='lat' dir='ltr'>snpra</span> <span class='ocrx_word' id='word_1_130' title='bbox 1638 896 1721 956; x_wconf 88' lang='lat' dir='ltr'>(b)</span> <span class='ocrx_word' id='word_1_131' title='bbox 1753 916 1804 945; x_wconf 82' lang='lat' dir='ltr'>ea</span> <span class='ocrx_word' id='word_1_132' title='bbox 1821 899 1876 947; x_wconf 89' lang='lat' dir='ltr'>de</span> <span class='ocrx_word' id='word_1_133' title='bbox 1899 904 1993 948; x_wconf 88' lang='lat' dir='ltr'>Lue</span> 
     </span>
     <span class='ocr_line' id='line_1_14' title="bbox 171 951 1994 1022; baseline 0.007 -24"><span class='ocrx_word' id='word_1_134' title='bbox 171 952 363 999; x_wconf 55' lang='lat' dir='ltr'>venere&amp;</span> <span class='ocrx_word' id='word_1_135' title='bbox 389 970 630 1015; x_wconf 79' lang='lat' dir='ltr'>numquam</span> <span class='ocrx_word' id='word_1_136' title='bbox 658 951 772 998; x_wconf 67' lang='lat' dir='ltr'>dicta</span> <span class='ocrx_word' id='word_1_137' title='bbox 786 951 912 999; x_wconf 81' lang='lat' dir='ltr'>fuiffe</span> <span class='ocrx_word' id='word_1_138' title='bbox 934 985 946 1004; x_wconf 85' lang='lat'>,</span> <span class='ocrx_word' id='word_1_139' title='bbox 967 952 1041 999; x_wconf 85' lang='lat' dir='ltr'>sed</span> <span class='ocrx_word' id='word_1_140' title='bbox 1061 953 1118 1000; x_wconf 91' lang='lat' dir='ltr'>de</span> <span class='ocrx_word' id='word_1_141' title='bbox 1139 953 1330 999; x_wconf 80' lang='lat' dir='ltr'>Variolis</span> <span class='ocrx_word' id='word_1_142' title='bbox 1350 954 1517 1001; x_wconf 69' lang='lat' dir='ltr'>tantum</span> <span class='ocrx_word' id='word_1_143' title='bbox 1534 991 1547 1010; x_wconf 87' lang='grc'>,</span> <span class='ocrx_word' id='word_1_144' title='bbox 1566 959 1613 1004; x_wconf 91' lang='lat' dir='ltr'>in</span> <span class='ocrx_word' id='word_1_145' title='bbox 1633 965 1752 1022; x_wconf 80' lang='lat' dir='ltr'>cujus</span> <span class='ocrx_word' id='word_1_146' title='bbox 1773 965 1835 1010; x_wconf 89' lang='lat' dir='ltr'>rei</span> <span class='ocrx_word' id='word_1_147' title='bbox 1856 964 1994 1012; x_wconf 88' lang='lat' dir='ltr'>fidem</span> 
     </span>
     <span class='ocr_line' id='line_1_15' title="bbox 173 1016 1995 1083; baseline 0.008 -22"><span class='ocrx_word' id='word_1_148' title='bbox 173 1017 438 1063; x_wconf 81' lang='lat' dir='ltr'>adduximus</span> <span class='ocrx_word' id='word_1_149' title='bbox 470 1016 731 1081; x_wconf 86' lang='lat' dir='ltr'>apertiffima</span> <span class='ocrx_word' id='word_1_150' title='bbox 759 1018 1007 1063; x_wconf 80' lang='lat' dir='ltr'>testimonia</span> <span class='ocrx_word' id='word_1_151' title='bbox 1035 1035 1086 1083; x_wconf 84' lang='lat' dir='ltr'>ex</span> <span class='ocrx_word' id='word_1_152' title='bbox 1122 1018 1353 1064; x_wconf 86' lang='lat' dir='ltr'>Historicis</span> <span class='ocrx_word' id='word_1_153' title='bbox 1375 1019 1520 1067; x_wconf 84' lang='lat' dir='ltr'>Libris</span> <span class='ocrx_word' id='word_1_154' title='bbox 1542 1028 1752 1071; x_wconf 69' lang='lat' dir='ltr'>Bernardz&#39;</span> <span class='ocrx_word' id='word_1_155' title='bbox 1783 1034 1908 1076; x_wconf 53' lang='lat' dir='ltr'>Dinz</span> <span class='ocrx_word' id='word_1_156' title='bbox 1931 1032 1995 1076; x_wconf 83' lang='lat' dir='ltr'>del</span> 
     </span>
     <span class='ocr_line' id='line_1_16' title="bbox 172 1080 1992 1146; baseline 0.008 -19"><span class='ocrx_word' id='word_1_157' title='bbox 172 1080 370 1140; x_wconf 58' lang='lat' dir='ltr'><em>Cazstzllo,</em></span> <span class='ocrx_word' id='word_1_158' title='bbox 395 1082 629 1146; x_wconf 84' lang='lat' dir='ltr'>Scriptoris</span> <span class='ocrx_word' id='word_1_159' title='bbox 661 1082 871 1128; x_wconf 82' lang='lat' dir='ltr'>coaetanei</span> <span class='ocrx_word' id='word_1_160' title='bbox 899 1087 943 1127; x_wconf 88' lang='lat'>&amp;</span> <span class='ocrx_word' id='word_1_161' title='bbox 976 1082 1237 1128; x_wconf 87' lang='lat' dir='ltr'>Ferdinandi</span> <span class='ocrx_word' id='word_1_162' title='bbox 1255 1083 1447 1129; x_wconf 70' lang='lat' dir='ltr'>Cot-testi</span> <span class='ocrx_word' id='word_1_163' title='bbox 1465 1087 1805 1138; x_wconf 89' lang='lat' dir='ltr'>Commilitonis</span> <span class='ocrx_word' id='word_1_164' title='bbox 1831 1099 1992 1146; x_wconf 73' lang='lat' dir='ltr'>,Fran-</span> 
     </span>
     <span class='ocr_line' id='line_1_17' title="bbox 169 1147 1997 1218; baseline 0.007 -25"><span class='ocrx_word' id='word_1_165' title='bbox 169 1147 264 1205; x_wconf 82' lang='lat' dir='ltr'>cisci</span> <span class='ocrx_word' id='word_1_166' title='bbox 289 1151 430 1209; x_wconf 63' lang='lat' dir='ltr'>Lopez</span> <span class='ocrx_word' id='word_1_167' title='bbox 456 1148 503 1191; x_wconf 82' lang='lat' dir='ltr'>de</span> <span class='ocrx_word' id='word_1_168' title='bbox 525 1150 703 1192; x_wconf 73' lang='lat' dir='ltr'>Gomara</span> <span class='ocrx_word' id='word_1_169' title='bbox 722 1184 737 1200; x_wconf 86' lang='lat'><em>,</em></span> <span class='ocrx_word' id='word_1_170' title='bbox 779 1152 823 1191; x_wconf 68' lang='grc' dir='ltr'>δε</span> <span class='ocrx_word' id='word_1_171' title='bbox 846 1151 1020 1192; x_wconf 76' lang='lat' dir='ltr'>Antonii</span> <span class='ocrx_word' id='word_1_172' title='bbox 1046 1152 1254 1192; x_wconf 76' lang='lat' dir='ltr'>I-Icrrerae.</span> <span class='ocrx_word' id='word_1_173' title='bbox 1294 1152 1354 1193; x_wconf 81' lang='lat' dir='ltr'>At</span> <span class='ocrx_word' id='word_1_174' title='bbox 1391 1150 1499 1195; x_wconf 70' lang='lat' dir='ltr'>vero</span> <span class='ocrx_word' id='word_1_175' title='bbox 1534 1153 1658 1214; x_wconf 85' lang='lat' dir='ltr'>quod</span> <span class='ocrx_word' id='word_1_176' title='bbox 1691 1156 1831 1218; x_wconf 64' lang='lat' dir='ltr'>primii</span> <span class='ocrx_word' id='word_1_177' title='bbox 1865 1158 1997 1205; x_wconf 84' lang='lat' dir='ltr'>fron-</span> 
     </span>
     <span class='ocr_line' id='line_1_18' title="bbox 175 1210 2000 1270; baseline 0.008 -15"><span class='ocrx_word' id='word_1_178' title='bbox 175 1225 220 1256; x_wconf 93' lang='lat' dir='ltr'>te</span> <span class='ocrx_word' id='word_1_179' title='bbox 241 1210 584 1256; x_wconf 77' lang='lat' dir='ltr'>admirationem</span> <span class='ocrx_word' id='word_1_180' title='bbox 606 1227 831 1256; x_wconf 85' lang='lat' dir='ltr'>moturum</span> <span class='ocrx_word' id='word_1_181' title='bbox 851 1212 909 1256; x_wconf 83' lang='lat' dir='ltr'>est</span> <span class='ocrx_word' id='word_1_182' title='bbox 924 1243 937 1262; x_wconf 92' lang='lat'>,</span> <span class='ocrx_word' id='word_1_183' title='bbox 957 1210 1075 1255; x_wconf 88' lang='lat' dir='ltr'>hunc</span> <span class='ocrx_word' id='word_1_184' title='bbox 1098 1211 1306 1257; x_wconf 88' lang='lat' dir='ltr'>eumdem</span> <span class='ocrx_word' id='word_1_185' title='bbox 1322 1216 1527 1260; x_wconf 83' lang='lat' dir='ltr'>Herrerae</span> <span class='ocrx_word' id='word_1_186' title='bbox 1548 1217 1698 1263; x_wconf 88' lang='lat' dir='ltr'>locum</span> <span class='ocrx_word' id='word_1_187' title='bbox 1718 1221 1875 1267; x_wconf 68' lang='lat' dir='ltr'>ultimi)</span> <span class='ocrx_word' id='word_1_188' title='bbox 1904 1224 2000 1270; x_wconf 83' lang='lat' dir='ltr'>lau-</span> 
     </span>
     <span class='ocr_line' id='line_1_19' title="bbox 169 1274 1998 1350; baseline 0.008 -29"><span class='ocrx_word' id='word_1_189' title='bbox 169 1274 326 1321; x_wconf 85' lang='lat' dir='ltr'>datum</span> <span class='ocrx_word' id='word_1_190' title='bbox 345 1274 474 1321; x_wconf 82' lang='lat' dir='ltr'>affert</span> <span class='ocrx_word' id='word_1_191' title='bbox 499 1274 590 1339; x_wconf 86' lang='lat' dir='ltr'>ipse</span> <span class='ocrx_word' id='word_1_192' title='bbox 615 1279 799 1320; x_wconf 75' lang='lat' dir='ltr'>Devanx</span> <span class='ocrx_word' id='word_1_193' title='bbox 822 1274 868 1319; x_wconf 91' lang='lat' dir='ltr'>in</span> <span class='ocrx_word' id='word_1_194' title='bbox 890 1274 1158 1320; x_wconf 84' lang='lat' dir='ltr'>contrariam</span> <span class='ocrx_word' id='word_1_195' title='bbox 1178 1292 1354 1339; x_wconf 81' lang='lat' dir='ltr'>partem</span> <span class='ocrx_word' id='word_1_196' title='bbox 1374 1310 1387 1329; x_wconf 87' lang='grc'>,</span> <span class='ocrx_word' id='word_1_197' title='bbox 1416 1279 1531 1340; x_wconf 74' lang='lat' dir='ltr'>quasi</span> <span class='ocrx_word' id='word_1_198' title='bbox 1553 1282 1659 1328; x_wconf 88' lang='lat' dir='ltr'>velit</span> <span class='ocrx_word' id='word_1_199' title='bbox 1679 1283 1785 1331; x_wconf 87' lang='lat' dir='ltr'>inde</span> <span class='ocrx_word' id='word_1_200' title='bbox 1811 1304 1998 1350; x_wconf 75' lang='lat' dir='ltr'>arguere</span> 
     </span>
     <span class='ocr_line' id='line_1_20' title="bbox 175 1338 1998 1409; baseline 0.007 -23"><span class='ocrx_word' id='word_1_201' title='bbox 175 1343 316 1386; x_wconf 84' lang='lat' dir='ltr'><strong>Luem</strong></span> <span class='ocrx_word' id='word_1_202' title='bbox 346 1357 584 1386; x_wconf 76' lang='lat' dir='ltr'><strong>veneream</strong></span> <span class='ocrx_word' id='word_1_203' title='bbox 612 1340 660 1385; x_wconf 90' lang='lat' dir='ltr'>in</span> <span class='ocrx_word' id='word_1_204' title='bbox 687 1338 946 1403; x_wconf 76' lang='lat' dir='ltr'>Hispaniam</span> <span class='ocrx_word' id='word_1_205' title='bbox 974 1357 1138 1386; x_wconf 80' lang='lat' dir='ltr'>novam</span> <span class='ocrx_word' id='word_1_206' title='bbox 1167 1341 1222 1386; x_wconf 84' lang='lat' dir='ltr'>ab</span> <span class='ocrx_word' id='word_1_207' title='bbox 1251 1341 1331 1386; x_wconf 91' lang='lat' dir='ltr'>illo</span> <span class='ocrx_word' id='word_1_208' title='bbox 1356 1343 1566 1409; x_wconf 86' lang='lat' dir='ltr'>AEthiope</span> <span class='ocrx_word' id='word_1_209' title='bbox 1596 1346 1826 1395; x_wconf 65' lang='lat' dir='ltr'>deve&amp;am</span> <span class='ocrx_word' id='word_1_210' title='bbox 1856 1352 1998 1401; x_wconf 78' lang='lat' dir='ltr'>fuiffe.</span> 
     </span>
     <span class='ocr_line' id='line_1_21' title="bbox 169 1403 1998 1475; baseline 0.008 -24"><span class='ocrx_word' id='word_1_211' title='bbox 169 1403 342 1451; x_wconf 70' lang='lat' dir='ltr'>Vei-tun</span> <span class='ocrx_word' id='word_1_212' title='bbox 379 1403 508 1449; x_wconf 76' lang='lat' dir='ltr'>facile</span> <span class='ocrx_word' id='word_1_213' title='bbox 553 1403 837 1467; x_wconf 80' lang='lat' dir='ltr'>cognoscitur</span> <span class='ocrx_word' id='word_1_214' title='bbox 867 1405 976 1468; x_wconf 88' lang='lat' dir='ltr'>quid</span> <span class='ocrx_word' id='word_1_215' title='bbox 1008 1404 1056 1450; x_wconf 80' lang='lat' dir='ltr'>sit</span> <span class='ocrx_word' id='word_1_216' title='bbox 1083 1406 1378 1468; x_wconf 88' lang='lat' dir='ltr'>quamobrem</span> <span class='ocrx_word' id='word_1_217' title='bbox 1409 1409 1498 1453; x_wconf 76' lang='lat' dir='ltr'>tam</span> <span class='ocrx_word' id='word_1_218' title='bbox 1528 1412 1713 1475; x_wconf 80' lang='lat' dir='ltr'>turpiter</span> <span class='ocrx_word' id='word_1_219' title='bbox 1746 1419 1998 1465; x_wconf 78' lang='lat' dir='ltr'>erraverit:</span> 
     </span>
     <span class='ocr_line' id='line_1_22' title="bbox 173 1467 2000 1546; baseline 0.007 -29"><span class='ocrx_word' id='word_1_220' title='bbox 173 1472 353 1533; x_wconf 84' lang='lat' dir='ltr'><strong>Nempe</strong></span> <span class='ocrx_word' id='word_1_221' title='bbox 374 1468 716 1533; x_wconf 70' lang='lat' dir='ltr'>cumi-Iispanici</span> <span class='ocrx_word' id='word_1_222' title='bbox 733 1468 947 1517; x_wconf 79' lang='lat' dir='ltr'>sermonis</span> <span class='ocrx_word' id='word_1_223' title='bbox 961 1471 1139 1533; x_wconf 79' lang='lat' dir='ltr'>ignarus</span> <span class='ocrx_word' id='word_1_224' title='bbox 1155 1467 1258 1517; x_wconf 84' lang='lat' dir='ltr'>esset</span> <span class='ocrx_word' id='word_1_225' title='bbox 1278 1471 1493 1519; x_wconf 83' lang='lat' dir='ltr'>Gallicam</span> <span class='ocrx_word' id='word_1_226' title='bbox 1508 1478 1715 1524; x_wconf 83' lang='lat' dir='ltr'>Herrerae</span> <span class='ocrx_word' id='word_1_227' title='bbox 1731 1479 2000 1546; x_wconf 86' lang='lat' dir='ltr'>interpreta-</span> 
     </span>
     <span class='ocr_line' id='line_1_23' title="bbox 172 1532 1999 1610; baseline 0.008 -30"><span class='ocrx_word' id='word_1_228' title='bbox 172 1534 343 1580; x_wconf 84' lang='lat' dir='ltr'>tionem</span> <span class='ocrx_word' id='word_1_229' title='bbox 360 1532 583 1597; x_wconf 83' lang='lat' dir='ltr'>usurpavit</span> <span class='ocrx_word' id='word_1_230' title='bbox 598 1567 610 1586; x_wconf 88' lang='lat'>‚</span> <span class='ocrx_word' id='word_1_231' title='bbox 628 1550 674 1579; x_wconf 91' lang='lat' dir='ltr'>ut</span> <span class='ocrx_word' id='word_1_232' title='bbox 689 1533 780 1597; x_wconf 78' lang='lat' dir='ltr'>ipse</span> <span class='ocrx_word' id='word_1_233' title='bbox 797 1534 980 1597; x_wconf 86' lang='lat' dir='ltr'>quidem</span> <span class='ocrx_word' id='word_1_234' title='bbox 1000 1534 1236 1581; x_wconf 88' lang='lat' dir='ltr'>confitetur</span> <span class='ocrx_word' id='word_1_235' title='bbox 1251 1569 1263 1587; x_wconf 84' lang='lat'><strong>,</strong></span> <span class='ocrx_word' id='word_1_236' title='bbox 1285 1553 1380 1599; x_wconf 82' lang='lat' dir='ltr'>quae</span> <span class='ocrx_word' id='word_1_237' title='bbox 1397 1537 1504 1583; x_wconf 88' lang='lat' dir='ltr'>olim</span> <span class='ocrx_word' id='word_1_238' title='bbox 1523 1541 1751 1603; x_wconf 74' lang='lat' dir='ltr'>prodierat</span> <span class='ocrx_word' id='word_1_239' title='bbox 1771 1547 1905 1610; x_wconf 67' lang='lat' dir='ltr'>opera</span> <span class='ocrx_word' id='word_1_240' title='bbox 1927 1566 1999 1594; x_wconf 89' lang='lat' dir='ltr'>cu-</span> 
     </span>
     <span class='ocr_line' id='line_1_24' title="bbox 170 1598 1997 1675; baseline 0.008 -31"><span class='ocrx_word' id='word_1_241' title='bbox 170 1599 537 1661; x_wconf 77' lang='lat' dir='ltr'>jusdamJoannis</span> <span class='ocrx_word' id='word_1_242' title='bbox 562 1598 619 1644; x_wconf 92' lang='lat' dir='ltr'>de</span> <span class='ocrx_word' id='word_1_243' title='bbox 639 1600 678 1644; x_wconf 83' lang='lat' dir='ltr'>la</span> <span class='ocrx_word' id='word_1_244' title='bbox 705 1599 837 1645; x_wconf 86' lang='lat' dir='ltr'>Coste</span> <span class='ocrx_word' id='word_1_245' title='bbox 854 1631 868 1652; x_wconf 84' lang='lat'><em>‚</em></span> <span class='ocrx_word' id='word_1_246' title='bbox 891 1598 967 1645; x_wconf 81' lang='lat' dir='ltr'>ubi</span> <span class='ocrx_word' id='word_1_247' title='bbox 1000 1618 1088 1646; x_wconf 81' lang='lat' dir='ltr'>vox</span> <span class='ocrx_word' id='word_1_248' title='bbox 1120 1599 1196 1645; x_wconf 87' lang='lat' dir='ltr'>illa</span> <span class='ocrx_word' id='word_1_249' title='bbox 1212 1600 1454 1665; x_wconf 86' lang='lat' dir='ltr'>Hispanica</span> <span class='ocrx_word' id='word_1_250' title='bbox 1484 1608 1571 1649; x_wconf 71' lang='lat' dir='ltr'>Las</span> <span class='ocrx_word' id='word_1_251' title='bbox 1602 1611 1795 1655; x_wconf 79' lang='lat' dir='ltr'>Viruelas</span> <span class='ocrx_word' id='word_1_252' title='bbox 1815 1649 1828 1664; x_wconf 81' lang='lat'><em>,</em></span> <span class='ocrx_word' id='word_1_253' title='bbox 1863 1630 1997 1675; x_wconf 81' lang='lat' dir='ltr'>quam</span> 
     </span>
     <span class='ocr_line' id='line_1_25' title="bbox 168 1663 1993 1739; baseline 0.007 -28"><span class='ocrx_word' id='word_1_254' title='bbox 168 1667 367 1711; x_wconf 83' lang='lat' dir='ltr'>Hertera</span> <span class='ocrx_word' id='word_1_255' title='bbox 385 1663 432 1709; x_wconf 89' lang='lat' dir='ltr'>in</span> <span class='ocrx_word' id='word_1_256' title='bbox 451 1664 696 1711; x_wconf 66' lang='lat' dir='ltr'>enarranda</span> <span class='ocrx_word' id='word_1_257' title='bbox 725 1664 798 1709; x_wconf 62' lang='lat' dir='ltr'>illa⁴</span> <span class='ocrx_word' id='word_1_258' title='bbox 824 1664 1015 1710; x_wconf 66' lang='lat' dir='ltr'>Historia</span> <span class='ocrx_word' id='word_1_259' title='bbox 1038 1664 1242 1711; x_wconf 78' lang='lat' dir='ltr'>adhibuit</span> <span class='ocrx_word' id='word_1_260' title='bbox 1259 1704 1271 1722; x_wconf 87' lang='lat'><em>‚</em></span> <span class='ocrx_word' id='word_1_261' title='bbox 1301 1683 1396 1729; x_wconf 83' lang='lat' dir='ltr'>quae</span> <span class='ocrx_word' id='word_1_262' title='bbox 1419 1671 1615 1716; x_wconf 72' lang='lat' dir='ltr'>Variolas</span> <span class='ocrx_word' id='word_1_263' title='bbox 1636 1672 1806 1722; x_wconf 62' lang='lat' dir='ltr'>tannim</span> <span class='ocrx_word' id='word_1_264' title='bbox 1830 1674 1993 1739; x_wconf 80' lang='lat' dir='ltr'>signifi-</span> 
     </span>
     <span class='ocr_line' id='line_1_26' title="bbox 172 1729 1997 1801; baseline 0.007 -26"><span class='ocrx_word' id='word_1_265' title='bbox 172 1744 242 1775; x_wconf 81' lang='lat' dir='ltr'>cat</span> <span class='ocrx_word' id='word_1_266' title='bbox 259 1762 272 1781; x_wconf 77' lang='lat'><em>‚</em></span> <span class='ocrx_word' id='word_1_267' title='bbox 289 1729 375 1791; x_wconf 66' lang='lat' dir='ltr'>qua</span> <span class='ocrx_word' id='word_1_268' title='bbox 398 1731 564 1775; x_wconf 83' lang='lat' dir='ltr'>constat</span> <span class='ocrx_word' id='word_1_269' title='bbox 587 1730 641 1774; x_wconf 81' lang='lat' dir='ltr'>ab</span> <span class='ocrx_word' id='word_1_270' title='bbox 666 1729 862 1775; x_wconf 67' lang='lat' dir='ltr'>Herrera</span> <span class='ocrx_word' id='word_1_271' title='bbox 882 1733 1078 1776; x_wconf 71' lang='lat' dir='ltr'>Variolas</span> <span class='ocrx_word' id='word_1_272' title='bbox 1093 1730 1266 1776; x_wconf 71' lang='lat' dir='ltr'>tantum</span> <span class='ocrx_word' id='word_1_273' title='bbox 1282 1731 1524 1778; x_wconf 65' lang='lat' dir='ltr'>intelleffitas</span> <span class='ocrx_word' id='word_1_274' title='bbox 1540 1735 1625 1781; x_wconf 80' lang='lat' dir='ltr'>este</span> <span class='ocrx_word' id='word_1_275' title='bbox 1642 1769 1654 1788; x_wconf 83' lang='lat'>‚</span> <span class='ocrx_word' id='word_1_276' title='bbox 1671 1739 1826 1801; x_wconf 73' lang='lat' dir='ltr'>gallice</span> <span class='ocrx_word' id='word_1_277' title='bbox 1843 1742 1997 1788; x_wconf 73' lang='lat' dir='ltr'>reddi·</span> 
     </span>
     <span class='ocr_line' id='line_1_27' title="bbox 171 1793 1997 1868; baseline 0.007 -29"><span class='ocrx_word' id='word_1_278' title='bbox 171 1809 242 1839; x_wconf 86' lang='lat' dir='ltr'>tur</span> <span class='ocrx_word' id='word_1_279' title='bbox 258 1798 300 1838; x_wconf 82' lang='lat' dir='ltr'>la</span> <span class='ocrx_word' id='word_1_280' title='bbox 317 1797 465 1840; x_wconf 82' lang='lat' dir='ltr'>Ve&#39;role</span> <span class='ocrx_word' id='word_1_281' title='bbox 487 1835 500 1848; x_wconf 81' lang='lat'><em>,</em></span> <span class='ocrx_word' id='word_1_282' title='bbox 515 1811 607 1858; x_wconf 60' lang='lat' dir='ltr'>quo</span> <span class='ocrx_word' id='word_1_283' title='bbox 629 1793 849 1840; x_wconf 86' lang='lat' dir='ltr'>vocabulo</span> <span class='ocrx_word' id='word_1_284' title='bbox 879 1812 971 1840; x_wconf 89' lang='lat' dir='ltr'>non</span> <span class='ocrx_word' id='word_1_285' title='bbox 991 1796 1109 1841; x_wconf 82' lang='lat' dir='ltr'>luem</span> <span class='ocrx_word' id='word_1_286' title='bbox 1128 1813 1364 1843; x_wconf 79' lang='lat' dir='ltr'><strong>veneream</strong></span> <span class='ocrx_word' id='word_1_287' title='bbox 1386 1795 1461 1843; x_wconf 89' lang='lat' dir='ltr'>sed</span> <span class='ocrx_word' id='word_1_288' title='bbox 1479 1799 1668 1846; x_wconf 86' lang='lat' dir='ltr'>variolas</span> <span class='ocrx_word' id='word_1_289' title='bbox 1695 1803 1802 1849; x_wconf 90' lang='lat' dir='ltr'>olim</span> <span class='ocrx_word' id='word_1_290' title='bbox 1830 1805 1997 1868; x_wconf 73' lang='lat' dir='ltr'>fignifi-</span> 
     </span>
     <span class='ocr_line' id='line_1_28' title="bbox 170 1857 1995 1934; baseline 0.007 -29"><span class='ocrx_word' id='word_1_291' title='bbox 170 1858 262 1905; x_wconf 87' lang='lat' dir='ltr'>cari</span> <span class='ocrx_word' id='word_1_292' title='bbox 280 1862 295 1913; x_wconf 67' lang='grc' dir='ltr'>ζ</span> <span class='ocrx_word' id='word_1_293' title='bbox 310 1868 361 1918; x_wconf 85' lang='lat' dir='ltr'>c)</span> <span class='ocrx_word' id='word_1_294' title='bbox 390 1857 517 1922; x_wconf 67' lang='lat' dir='ltr'>supra</span> <span class='ocrx_word' id='word_1_295' title='bbox 536 1860 702 1905; x_wconf 53' lang='lat' dir='ltr'>dietum</span> <span class='ocrx_word' id='word_1_296' title='bbox 723 1861 796 1905; x_wconf 82' lang='lat' dir='ltr'>est.</span> <span class='ocrx_word' id='word_1_297' title='bbox 814 1859 899 1905; x_wconf 81' lang='lat' dir='ltr'>Sed</span> <span class='ocrx_word' id='word_1_298' title='bbox 918 1858 1019 1904; x_wconf 73' lang='lat' dir='ltr'>cum</span> <span class='ocrx_word' id='word_1_299' title='bbox 1039 1860 1218 1922; x_wconf 78' lang='lat' dir='ltr'>antiqua</span> <span class='ocrx_word' id='word_1_300' title='bbox 1238 1864 1360 1907; x_wconf 85' lang='lat' dir='ltr'>vocis</span> <span class='ocrx_word' id='word_1_301' title='bbox 1379 1862 1496 1908; x_wconf 86' lang='lat' dir='ltr'>illius</span> <span class='ocrx_word' id='word_1_302' title='bbox 1514 1866 1556 1909; x_wconf 69' lang='lat' dir='ltr'>la</span> <span class='ocrx_word' id='word_1_303' title='bbox 1575 1866 1722 1912; x_wconf 82' lang='lat' dir='ltr'>Ve&#39;role</span> <span class='ocrx_word' id='word_1_304' title='bbox 1742 1872 1941 1934; x_wconf 85' lang='lat' dir='ltr'>acceptio</span> <span class='ocrx_word' id='word_1_305' title='bbox 1970 1872 1995 1918; x_wconf 70' lang='lat' dir='ltr'>a</span> 
     </span>
     <span class='ocr_line' id='line_1_29' title="bbox 167 1923 1995 1992; baseline 0.008 -24"><span class='ocrx_word' id='word_1_306' title='bbox 167 1925 342 1976; x_wconf 71' lang='lat' dir='ltr'>Ioanne</span> <span class='ocrx_word' id='word_1_307' title='bbox 375 1927 563 1969; x_wconf 78' lang='lat' dir='ltr'>Devaux</span> <span class='ocrx_word' id='word_1_308' title='bbox 595 1925 878 1986; x_wconf 74' lang='lat' dir='ltr'>ignoraretur</span> <span class='ocrx_word' id='word_1_309' title='bbox 899 1958 910 1976; x_wconf 83' lang='lat'>‚</span> <span class='ocrx_word' id='word_1_310' title='bbox 938 1924 1045 1970; x_wconf 85' lang='lat' dir='ltr'>inde</span> <span class='ocrx_word' id='word_1_311' title='bbox 1074 1923 1238 1970; x_wconf 68' lang='lat' dir='ltr'>factum</span> <span class='ocrx_word' id='word_1_312' title='bbox 1270 1928 1329 1971; x_wconf 91' lang='lat' dir='ltr'>est</span> <span class='ocrx_word' id='word_1_313' title='bbox 1361 1943 1406 1972; x_wconf 84' lang='lat' dir='ltr'>ut</span> <span class='ocrx_word' id='word_1_314' title='bbox 1440 1926 1598 1973; x_wconf 86' lang='lat' dir='ltr'>fidenti</span> <span class='ocrx_word' id='word_1_315' title='bbox 1628 1931 1813 1992; x_wconf 85' lang='lat' dir='ltr'>quidem</span> <span class='ocrx_word' id='word_1_316' title='bbox 1842 1936 1995 1983; x_wconf 83' lang='lat' dir='ltr'>animo</span> 
     </span>
     <span class='ocr_line' id='line_1_30' title="bbox 167 1987 1995 2065; baseline 0.007 -31"><span class='ocrx_word' id='word_1_317' title='bbox 167 1987 243 2035; x_wconf 84' lang='lat' dir='ltr'>sed</span> <span class='ocrx_word' id='word_1_318' title='bbox 273 1989 437 2033; x_wconf 76' lang='lat' dir='ltr'>temere</span> <span class='ocrx_word' id='word_1_319' title='bbox 469 1989 713 2034; x_wconf 72' lang='lat' dir='ltr'>crediderit</span> <span class='ocrx_word' id='word_1_320' title='bbox 741 1989 853 2034; x_wconf 85' lang='lat' dir='ltr'>hanc</span> <span class='ocrx_word' id='word_1_321' title='bbox 883 1993 1089 2035; x_wconf 80' lang='lat' dir='ltr'>Herrerae</span> <span class='ocrx_word' id='word_1_322' title='bbox 1117 1989 1339 2035; x_wconf 81' lang='lat' dir='ltr'>historiam</span> <span class='ocrx_word' id='word_1_323' title='bbox 1368 1991 1423 2037; x_wconf 85' lang='lat' dir='ltr'>de</span> <span class='ocrx_word' id='word_1_324' title='bbox 1453 1990 1524 2037; x_wconf 87' lang='lat' dir='ltr'>lue</span> <span class='ocrx_word' id='word_1_325' title='bbox 1556 1997 1746 2043; x_wconf 64' lang='lat' dir='ltr'>venerea</span> <span class='ocrx_word' id='word_1_326' title='bbox 1777 2000 1995 2065; x_wconf 72' lang='lat' dir='ltr'>accipien-</span> 
     </span>
     <span class='ocr_line' id='line_1_31' title="bbox 168 2050 1669 2116; baseline 0.005 -18"><span class='ocrx_word' id='word_1_327' title='bbox 168 2052 273 2101; x_wconf 87' lang='lat' dir='ltr'>dam</span> <span class='ocrx_word' id='word_1_328' title='bbox 293 2050 403 2104; x_wconf 81' lang='lat' dir='ltr'>esse3</span> <span class='ocrx_word' id='word_1_329' title='bbox 429 2051 514 2115; x_wconf 68' lang='lat' dir='ltr'>qua</span> <span class='ocrx_word' id='word_1_330' title='bbox 535 2053 591 2098; x_wconf 92' lang='lat' dir='ltr'>de</span> <span class='ocrx_word' id='word_1_331' title='bbox 613 2071 659 2099; x_wconf 88' lang='lat' dir='ltr'>re</span> <span class='ocrx_word' id='word_1_332' title='bbox 679 2054 783 2099; x_wconf 87' lang='lat' dir='ltr'>vide</span> <span class='ocrx_word' id='word_1_333' title='bbox 801 2070 894 2116; x_wconf 77' lang='lat' dir='ltr'>qnae</span> <span class='ocrx_word' id='word_1_334' title='bbox 913 2053 969 2099; x_wconf 89' lang='lat' dir='ltr'>de</span> <span class='ocrx_word' id='word_1_335' title='bbox 987 2054 1257 2099; x_wconf 88' lang='lat' dir='ltr'>Helmontio</span> <span class='ocrx_word' id='word_1_336' title='bbox 1276 2054 1380 2100; x_wconf 86' lang='lat' dir='ltr'>alibi</span> <span class='ocrx_word' id='word_1_337' title='bbox 1401 2057 1669 2105; x_wconf 83' lang='lat' dir='ltr'>monuimus.</span> 
     </span>
    </p>

    <p class='ocr_par' dir='ltr' id='par_1_6' title="bbox 151 2116 1994 2505">
     <span class='ocr_line' id='line_1_32' title="bbox 219 2116 1994 2186; baseline 0.008 -25"><span class='ocrx_word' id='word_1_338' title='bbox 219 2121 276 2162; x_wconf 89' lang='grc' dir='ltr'>Π.</span> <span class='ocrx_word' id='word_1_339' title='bbox 296 2117 470 2178; x_wconf 84' lang='lat' dir='ltr'>Objicit</span> <span class='ocrx_word' id='word_1_340' title='bbox 484 2116 607 2163; x_wconf 86' lang='lat' dir='ltr'>idem</span> <span class='ocrx_word' id='word_1_341' title='bbox 622 2151 633 2169; x_wconf 81' lang='grc'>,</span> <span class='ocrx_word' id='word_1_342' title='bbox 657 2119 719 2175; x_wconf 63' lang='grc' dir='ltr'>(α’)</span> <span class='ocrx_word' id='word_1_343' title='bbox 742 2134 788 2162; x_wconf 86' lang='lat' dir='ltr'>ut</span> <span class='ocrx_word' id='word_1_344' title='bbox 804 2135 959 2164; x_wconf 84' lang='lat' dir='ltr'>contra</span> <span class='ocrx_word' id='word_1_345' title='bbox 976 2136 1262 2165; x_wconf 86' lang='lat' dir='ltr'>communem</span> <span class='ocrx_word' id='word_1_346' title='bbox 1279 2120 1540 2182; x_wconf 83' lang='lat' dir='ltr'>opinionem</span> <span class='ocrx_word' id='word_1_347' title='bbox 1557 2140 1738 2186; x_wconf 78' lang='lat' dir='ltr'>pugnet,</span> <span class='ocrx_word' id='word_1_348' title='bbox 1753 2145 1994 2176; x_wconf 77' lang='lat' dir='ltr'>veneream</span> 
     </span>
     <span class='ocr_line' id='line_1_33' title="bbox 166 2182 1990 2253; baseline 0.006 -25"><span class='ocrx_word' id='word_1_349' title='bbox 166 2182 288 2229; x_wconf 84' lang='lat' dir='ltr'>luem</span> <span class='ocrx_word' id='word_1_350' title='bbox 305 2199 387 2226; x_wconf 86' lang='lat' dir='ltr'>nec</span> <span class='ocrx_word' id='word_1_351' title='bbox 417 2182 642 2244; x_wconf 79' lang='lat' dir='ltr'>Indigenis</span> <span class='ocrx_word' id='word_1_352' title='bbox 672 2182 822 2227; x_wconf 69' lang='lat' dir='ltr'>Insulae</span> <span class='ocrx_word' id='word_1_353' title='bbox 851 2183 1120 2246; x_wconf 80' lang='lat' dir='ltr'>Hispaniolae</span> <span class='ocrx_word' id='word_1_354' title='bbox 1141 2217 1152 2235; x_wconf 77' lang='grc'>,</span> <span class='ocrx_word' id='word_1_355' title='bbox 1172 2201 1253 2230; x_wconf 89' lang='lat' dir='ltr'>nec</span> <span class='ocrx_word' id='word_1_356' title='bbox 1272 2184 1478 2248; x_wconf 82' lang='lat' dir='ltr'>Hispanis</span> <span class='ocrx_word' id='word_1_357' title='bbox 1500 2187 1684 2234; x_wconf 84' lang='lat' dir='ltr'>advenis</span> <span class='ocrx_word' id='word_1_358' title='bbox 1710 2190 1828 2253; x_wconf 77' lang='lat' dir='ltr'>prius</span> <span class='ocrx_word' id='word_1_359' title='bbox 1857 2194 1990 2240; x_wconf 90' lang='lat' dir='ltr'>inno-</span> 
     </span>
     <span class='ocr_line' id='line_1_34' title="bbox 168 2244 1991 2311; baseline 0.007 -19"><span class='ocrx_word' id='word_1_360' title='bbox 168 2244 293 2292; x_wconf 76' lang='lat' dir='ltr'>tuisse</span> <span class='ocrx_word' id='word_1_361' title='bbox 310 2246 443 2309; x_wconf 62' lang='lat' dir='ltr'>quam</span> <span class='ocrx_word' id='word_1_362' title='bbox 455 2264 572 2291; x_wconf 86' lang='lat' dir='ltr'>anno</span> <span class='ocrx_word' id='word_1_363' title='bbox 598 2265 609 2290; x_wconf 84' lang='lat'>1</span> <span class='ocrx_word' id='word_1_364' title='bbox 629 2264 730 2308; x_wconf 81' lang='lat'><em>503.</em></span> <span class='ocrx_word' id='word_1_365' title='bbox 753 2249 931 2293; x_wconf 56' lang='lat' dir='ltr'>amittite</span> <span class='ocrx_word' id='word_1_366' title='bbox 948 2245 1043 2310; x_wconf 85' lang='lat' dir='ltr'>ipso</span> <span class='ocrx_word' id='word_1_367' title='bbox 1058 2281 1070 2299; x_wconf 85' lang='grc'>,</span> <span class='ocrx_word' id='word_1_368' title='bbox 1093 2264 1139 2292; x_wconf 90' lang='lat' dir='ltr'>ut</span> <span class='ocrx_word' id='word_1_369' title='bbox 1153 2248 1226 2293; x_wconf 91' lang='lat' dir='ltr'>ille</span> <span class='ocrx_word' id='word_1_370' title='bbox 1243 2265 1393 2311; x_wconf 80' lang='lat' dir='ltr'>putat,</span> <span class='ocrx_word' id='word_1_371' title='bbox 1415 2252 1616 2297; x_wconf 84' lang='lat' dir='ltr'>Antonio</span> <span class='ocrx_word' id='word_1_372' title='bbox 1636 2257 1832 2302; x_wconf 84' lang='lat' dir='ltr'>Herrera</span> <span class='ocrx_word' id='word_1_373' title='bbox 1849 2291 1861 2309; x_wconf 84' lang='grc'>,</span> <span class='ocrx_word' id='word_1_374' title='bbox 1886 2259 1991 2305; x_wconf 87' lang='lat' dir='ltr'>dili-</span> 
     </span>
     <span class='ocr_line' id='line_1_35' title="bbox 170 2311 1994 2375; baseline 0.008 -21"><span class='ocrx_word' id='word_1_375' title='bbox 170 2326 308 2375; x_wconf 85' lang='lat' dir='ltr'>gente</span> <span class='ocrx_word' id='word_1_376' title='bbox 332 2328 480 2355; x_wconf 89' lang='lat' dir='ltr'>rerum</span> <span class='ocrx_word' id='word_1_377' title='bbox 502 2311 754 2356; x_wconf 87' lang='lat' dir='ltr'>Indicarum</span> <span class='ocrx_word' id='word_1_378' title='bbox 775 2312 1002 2375; x_wconf 83' lang='lat' dir='ltr'>Scriptore</span> <span class='ocrx_word' id='word_1_379' title='bbox 1017 2345 1028 2363; x_wconf 86' lang='lat'>‚</span> <span class='ocrx_word' id='word_1_380' title='bbox 1050 2313 1169 2358; x_wconf 86' lang='lat' dir='ltr'>unde</span> <span class='ocrx_word' id='word_1_381' title='bbox 1189 2313 1361 2375; x_wconf 81' lang='lat' dir='ltr'>colligit</span> <span class='ocrx_word' id='word_1_382' title='bbox 1380 2314 1497 2360; x_wconf 89' lang='lat' dir='ltr'>luem</span> <span class='ocrx_word' id='word_1_383' title='bbox 1519 2314 1629 2362; x_wconf 80' lang='lat' dir='ltr'>hanc</span> <span class='ocrx_word' id='word_1_384' title='bbox 1657 2317 1711 2363; x_wconf 87' lang='lat' dir='ltr'>ab</span> <span class='ocrx_word' id='word_1_385' title='bbox 1731 2319 1871 2367; x_wconf 58' lang='lat' dir='ltr'>Insula</span> <span class='ocrx_word' id='word_1_386' title='bbox 1890 2325 1994 2370; x_wconf 81' lang='lat' dir='ltr'>His-</span> 
     </span>
     <span class='ocr_line' id='line_1_36' title="bbox 166 2375 1991 2441; baseline 0.009 -21"><span class='ocrx_word' id='word_1_387' title='bbox 166 2375 347 2441; x_wconf 68' lang='lat' dir='ltr'>paniola</span> <span class='ocrx_word' id='word_1_388' title='bbox 364 2409 376 2426; x_wconf 85' lang='lat'>,</span> <span class='ocrx_word' id='word_1_389' title='bbox 397 2375 474 2420; x_wconf 84' lang='lat' dir='ltr'>ubi</span> <span class='ocrx_word' id='word_1_390' title='bbox 492 2375 693 2420; x_wconf 67' lang='lat' dir='ltr'>nondum</span> <span class='ocrx_word' id='word_1_391' title='bbox 711 2393 817 2420; x_wconf 85' lang='lat' dir='ltr'>nota</span> <span class='ocrx_word' id='word_1_392' title='bbox 836 2392 929 2422; x_wconf 84' lang='lat' dir='ltr'>erat</span> <span class='ocrx_word' id='word_1_393' title='bbox 946 2410 958 2428; x_wconf 91' lang='lat'>,</span> <span class='ocrx_word' id='word_1_394' title='bbox 979 2377 1221 2440; x_wconf 83' lang='lat' dir='ltr'>Neapolim</span> <span class='ocrx_word' id='word_1_395' title='bbox 1239 2377 1287 2422; x_wconf 89' lang='lat' dir='ltr'>in</span> <span class='ocrx_word' id='word_1_396' title='bbox 1305 2378 1532 2426; x_wconf 82' lang='lat' dir='ltr'>Gallorum</span> <span class='ocrx_word' id='word_1_397' title='bbox 1552 2383 1797 2432; x_wconf 85' lang='lat' dir='ltr'>exercitum</span> <span class='ocrx_word' id='word_1_398' title='bbox 1817 2389 1991 2437; x_wconf 76' lang='lat' dir='ltr'>traduci</span> 
     </span>
     <span class='ocr_line' id='line_1_37' title="bbox 151 2440 1337 2505; baseline 0.002 -19"><span class='ocrx_word' id='word_1_399' title='bbox 151 2458 262 2495; x_wconf 66' lang='lat' dir='ltr'>„non</span> <span class='ocrx_word' id='word_1_400' title='bbox 279 2440 467 2504; x_wconf 82' lang='lat' dir='ltr'>potuiffe</span> <span class='ocrx_word' id='word_1_401' title='bbox 486 2457 602 2484; x_wconf 87' lang='lat' dir='ltr'>anno</span> <span class='ocrx_word' id='word_1_402' title='bbox 627 2456 642 2483; x_wconf 93' lang='lat'>1</span> <span class='ocrx_word' id='word_1_403' title='bbox 656 2459 762 2498; x_wconf 81' lang='lat'><strong>494.</strong></span> <span class='ocrx_word' id='word_1_404' title='bbox 783 2456 829 2485; x_wconf 82' lang='lat' dir='ltr'>ut</span> <span class='ocrx_word' id='word_1_405' title='bbox 849 2441 1041 2502; x_wconf 82' lang='lat' dir='ltr'>vulgaris</span> <span class='ocrx_word' id='word_1_406' title='bbox 1061 2441 1149 2487; x_wconf 83' lang='lat' dir='ltr'>fert</span> <span class='ocrx_word' id='word_1_407' title='bbox 1166 2442 1337 2505; x_wconf 87' lang='lat' dir='ltr'>opinio.</span> 
     </span>
    </p>

    <p class='ocr_par' dir='ltr' id='par_1_7' title="bbox 168 2505 1996 2966">
     <span class='ocr_line' id='line_1_38' title="bbox 229 2505 1996 2581; baseline 0.008 -30"><span class='ocrx_word' id='word_1_408' title='bbox 229 2510 374 2551; x_wconf 91' lang='lat' dir='ltr'>Locus</span> <span class='ocrx_word' id='word_1_409' title='bbox 393 2520 540 2550; x_wconf 84' lang='lat' dir='ltr'>autem</span> <span class='ocrx_word' id='word_1_410' title='bbox 556 2505 742 2550; x_wconf 80' lang='lat' dir='ltr'>Antonii</span> <span class='ocrx_word' id='word_1_411' title='bbox 757 2509 961 2551; x_wconf 72' lang='lat' dir='ltr'>Hei-rerae</span> <span class='ocrx_word' id='word_1_412' title='bbox 975 2538 986 2557; x_wconf 84' lang='lat'>‚</span> <span class='ocrx_word' id='word_1_413' title='bbox 1005 2523 1137 2568; x_wconf 86' lang='lat' dir='ltr'>quem</span> <span class='ocrx_word' id='word_1_414' title='bbox 1155 2507 1339 2553; x_wconf 79' lang='lat' dir='ltr'>adducit</span> <span class='ocrx_word' id='word_1_415' title='bbox 1355 2540 1368 2560; x_wconf 86' lang='lat'>,</span> <span class='ocrx_word' id='word_1_416' title='bbox 1393 2507 1681 2576; x_wconf 86' lang='lat' dir='ltr'>depromptus</span> <span class='ocrx_word' id='word_1_417' title='bbox 1697 2515 1755 2560; x_wconf 88' lang='lat' dir='ltr'>est</span> <span class='ocrx_word' id='word_1_418' title='bbox 1769 2532 1822 2562; x_wconf 89' lang='lat' dir='ltr'>ex</span> <span class='ocrx_word' id='word_1_419' title='bbox 1843 2522 1996 2581; x_wconf 72' lang='lat' dir='ltr'>Capite</span> 
     </span>
     <span class='ocr_line' id='line_1_39' title="bbox 168 2568 1995 2635; baseline 0.006 -19"><span class='ocrx_word' id='word_1_420' title='bbox 168 2573 247 2620; x_wconf 79' lang='lat' dir='ltr'>ll.</span> <span class='ocrx_word' id='word_1_421' title='bbox 280 2570 378 2615; x_wconf 72' lang='lat' dir='ltr'>Lib,</span> <span class='ocrx_word' id='word_1_422' title='bbox 404 2574 464 2615; x_wconf 88' lang='lat' dir='ltr'>V.</span> <span class='ocrx_word' id='word_1_423' title='bbox 491 2568 681 2625; x_wconf 69' lang='lat' dir='ltr'>Hzstoriae</span> <span class='ocrx_word' id='word_1_424' title='bbox 706 2573 907 2633; x_wconf 75' lang='lat' dir='ltr'>generalis</span> <span class='ocrx_word' id='word_1_425' title='bbox 938 2575 1151 2617; x_wconf 75' lang='lat' dir='ltr'>Indiarum</span> <span class='ocrx_word' id='word_1_426' title='bbox 1171 2610 1186 2626; x_wconf 92' lang='lat'>,</span> <span class='ocrx_word' id='word_1_427' title='bbox 1214 2589 1262 2617; x_wconf 90' lang='lat' dir='ltr'>ut</span> <span class='ocrx_word' id='word_1_428' title='bbox 1282 2573 1356 2618; x_wconf 90' lang='lat' dir='ltr'>ille</span> <span class='ocrx_word' id='word_1_429' title='bbox 1384 2574 1568 2635; x_wconf 85' lang='lat' dir='ltr'>quidem</span> <span class='ocrx_word' id='word_1_430' title='bbox 1590 2577 1650 2622; x_wconf 89' lang='lat' dir='ltr'>ait</span> <span class='ocrx_word' id='word_1_431' title='bbox 1667 2610 1680 2629; x_wconf 93' lang='lat'>,</span> <span class='ocrx_word' id='word_1_432' title='bbox 1715 2578 1790 2624; x_wconf 84' lang='lat' dir='ltr'>sed</span> <span class='ocrx_word' id='word_1_433' title='bbox 1810 2580 1995 2627; x_wconf 82' lang='lat' dir='ltr'>debuis-</span> 
     </span>
     <span class='ocr_line' id='line_1_40' title="bbox 171 2632 1993 2693; baseline 0.007 -13"><span class='ocrx_word' id='word_1_434' title='bbox 171 2635 239 2680; x_wconf 87' lang='lat' dir='ltr'>set</span> <span class='ocrx_word' id='word_1_435' title='bbox 255 2633 420 2680; x_wconf 81' lang='lat' dir='ltr'>addere</span> <span class='ocrx_word' id='word_1_436' title='bbox 438 2650 491 2679; x_wconf 84' lang='lat' dir='ltr'>ex</span> <span class='ocrx_word' id='word_1_437' title='bbox 508 2635 681 2679; x_wconf 69' lang='lat' dir='ltr'>Devade</span> <span class='ocrx_word' id='word_1_438' title='bbox 697 2640 724 2679; x_wconf 90' lang='lat' dir='ltr'><em>I</em></span> <span class='ocrx_word' id='word_1_439' title='bbox 725 2667 735 2677; x_wconf 90' lang='lat'><strong>.</strong></span> <span class='ocrx_word' id='word_1_440' title='bbox 759 2632 858 2679; x_wconf 73' lang='lat' dir='ltr'>cum</span> <span class='ocrx_word' id='word_1_441' title='bbox 875 2652 925 2681; x_wconf 86' lang='lat' dir='ltr'>ea</span> <span class='ocrx_word' id='word_1_442' title='bbox 942 2639 1148 2683; x_wconf 77' lang='lat' dir='ltr'>Herrerae</span> <span class='ocrx_word' id='word_1_443' title='bbox 1163 2637 1354 2683; x_wconf 85' lang='lat' dir='ltr'>Historia</span> <span class='ocrx_word' id='word_1_444' title='bbox 1371 2638 1415 2682; x_wconf 88' lang='lat' dir='ltr'>in</span> <span class='ocrx_word' id='word_1_445' title='bbox 1434 2640 1637 2687; x_wconf 86' lang='lat' dir='ltr'>Decades</span> <span class='ocrx_word' id='word_1_446' title='bbox 1651 2646 1669 2687; x_wconf 85' lang='lat'>1</span> <span class='ocrx_word' id='word_1_447' title='bbox 1685 2647 1739 2690; x_wconf 79' lang='lat' dir='ltr'>V.</span> <span class='ocrx_word' id='word_1_448' title='bbox 1763 2643 1993 2693; x_wconf 82' lang='lat' dir='ltr'>distributa</span> 
     </span>
     <span class='ocr_line' id='line_1_41' title="bbox 168 2697 1991 2775; baseline 0.007 -30"><span class='ocrx_word' id='word_1_449' title='bbox 168 2699 234 2745; x_wconf 81' lang='lat' dir='ltr'>sit.</span> <span class='ocrx_word' id='word_1_450' title='bbox 255 2698 477 2747; x_wconf 60' lang='lat' dir='ltr'>Caeterssim</span> <span class='ocrx_word' id='word_1_451' title='bbox 495 2697 676 2743; x_wconf 85' lang='lat' dir='ltr'>laudato</span> <span class='ocrx_word' id='word_1_452' title='bbox 690 2698 767 2744; x_wconf 91' lang='lat' dir='ltr'>illo</span> <span class='ocrx_word' id='word_1_453' title='bbox 788 2700 890 2745; x_wconf 89' lang='lat' dir='ltr'>loco</span> <span class='ocrx_word' id='word_1_454' title='bbox 911 2704 1107 2746; x_wconf 82' lang='lat' dir='ltr'>Hertera</span> <span class='ocrx_word' id='word_1_455' title='bbox 1130 2701 1313 2748; x_wconf 78' lang='lat' dir='ltr'>brevem</span> <span class='ocrx_word' id='word_1_456' title='bbox 1333 2719 1523 2765; x_wconf 86' lang='lat' dir='ltr'>quatuor</span> <span class='ocrx_word' id='word_1_457' title='bbox 1557 2705 1803 2769; x_wconf 85' lang='lat' dir='ltr'>primorum</span> <span class='ocrx_word' id='word_1_458' title='bbox 1827 2713 1991 2775; x_wconf 81' lang='lat' dir='ltr'>Operis</span> 
     </span>
     <span class='ocr_line' id='line_1_42' title="bbox 172 2763 1992 2831; baseline 0.008 -24"><span class='ocrx_word' id='word_1_459' title='bbox 172 2763 417 2811; x_wconf 87' lang='lat' dir='ltr'>Librorum</span> <span class='ocrx_word' id='word_1_460' title='bbox 432 2763 554 2809; x_wconf 89' lang='lat' dir='ltr'>velut</span> <span class='ocrx_word' id='word_1_461' title='bbox 570 2763 934 2827; x_wconf 78' lang='lat' dir='ltr'>anacephalaeosin</span> <span class='ocrx_word' id='word_1_462' title='bbox 950 2765 1132 2812; x_wconf 87' lang='lat' dir='ltr'>instituit</span> <span class='ocrx_word' id='word_1_463' title='bbox 1148 2800 1159 2817; x_wconf 88' lang='lat'>,</span> <span class='ocrx_word' id='word_1_464' title='bbox 1175 2768 1398 2831; x_wconf 69' lang='lat' dir='ltr'>multaque</span> <span class='ocrx_word' id='word_1_465' title='bbox 1413 2766 1662 2816; x_wconf 81' lang='lat' dir='ltr'>summatim</span> <span class='ocrx_word' id='word_1_466' title='bbox 1678 2772 1814 2819; x_wconf 87' lang='lat' dir='ltr'>refert</span> <span class='ocrx_word' id='word_1_467' title='bbox 1830 2773 1885 2822; x_wconf 82' lang='lat' dir='ltr'>de</span> <span class='ocrx_word' id='word_1_468' title='bbox 1900 2795 1992 2823; x_wconf 89' lang='lat' dir='ltr'>mo-</span> 
     </span>
     <span class='ocr_line' id='line_1_43' title="bbox 171 2827 1989 2897; baseline 0.008 -23"><span class='ocrx_word' id='word_1_469' title='bbox 171 2827 296 2875; x_wconf 82' lang='lat' dir='ltr'>ribus</span> <span class='ocrx_word' id='word_1_470' title='bbox 314 2827 631 2890; x_wconf 76' lang='lat' dir='ltr'>indigenarum</span> <span class='ocrx_word' id='word_1_471' title='bbox 650 2827 800 2874; x_wconf 67' lang='lat' dir='ltr'>Insulae</span> <span class='ocrx_word' id='word_1_472' title='bbox 822 2829 946 2875; x_wconf 79' lang='lat' dir='ltr'>Haiti</span> <span class='ocrx_word' id='word_1_473' title='bbox 962 2863 974 2881; x_wconf 89' lang='lat'>,</span> <span class='ocrx_word' id='word_1_474' title='bbox 993 2848 1086 2893; x_wconf 84' lang='lat' dir='ltr'>quae</span> <span class='ocrx_word' id='word_1_475' title='bbox 1106 2832 1210 2877; x_wconf 87' lang='lat' dir='ltr'>licet</span> <span class='ocrx_word' id='word_1_476' title='bbox 1239 2832 1431 2895; x_wconf 81' lang='lat' dir='ltr'>negotiis</span> <span class='ocrx_word' id='word_1_477' title='bbox 1447 2834 1711 2897; x_wconf 82' lang='lat' dir='ltr'>quibusdam</span> <span class='ocrx_word' id='word_1_478' title='bbox 1739 2838 1797 2885; x_wconf 83' lang='lat' dir='ltr'>ad</span> <span class='ocrx_word' id='word_1_479' title='bbox 1824 2857 1989 2888; x_wconf 85' lang='lat' dir='ltr'>annum</span> 
     </span>
     <span class='ocr_line' id='line_1_44' title="bbox 171 2890 1989 2966; baseline 0.008 -28"><span class='ocrx_word' id='word_1_480' title='bbox 171 2910 284 2956; x_wconf 78' lang='lat'>¹50³·</span> <span class='ocrx_word' id='word_1_481' title='bbox 302 2890 548 2938; x_wconf 86' lang='lat' dir='ltr'>referendis</span> <span class='ocrx_word' id='word_1_482' title='bbox 559 2892 721 2939; x_wconf 85' lang='lat' dir='ltr'>ordine</span> <span class='ocrx_word' id='word_1_483' title='bbox 736 2895 1051 2957; x_wconf 80' lang='lat' dir='ltr'>postponantur</span> <span class='ocrx_word' id='word_1_484' title='bbox 1070 2930 1082 2948; x_wconf 84' lang='lat'>‚</span> <span class='ocrx_word' id='word_1_485' title='bbox 1099 2912 1301 2960; x_wconf 76' lang='lat' dir='ltr'>tempore</span> <span class='ocrx_word' id='word_1_486' title='bbox 1314 2914 1462 2945; x_wconf 81' lang='lat' dir='ltr'>tamen</span> <span class='ocrx_word' id='word_1_487' title='bbox 1479 2900 1619 2946; x_wconf 86' lang='lat' dir='ltr'>multo</span> <span class='ocrx_word' id='word_1_488' title='bbox 1636 2902 1786 2966; x_wconf 86' lang='lat' dir='ltr'>priora</span> <span class='ocrx_word' id='word_1_489' title='bbox 1798 2902 1989 2952; x_wconf 85' lang='lat' dir='ltr'>fuerant.</span> 
     </span>
    </p>

    <p class='ocr_par' dir='ltr' id='par_1_8' title="bbox 172 2956 1992 3210">
     <span class='ocr_line' id='line_1_45' title="bbox 243 2956 1988 3019; baseline 0.009 -18"><span class='ocrx_word' id='word_1_490' title='bbox 243 2960 425 3019; x_wconf 87' lang='lat' dir='ltr'>Nempe</span> <span class='ocrx_word' id='word_1_491' title='bbox 449 2965 509 3001; x_wconf 88' lang='lat'>10.</span> <span class='ocrx_word' id='word_1_492' title='bbox 530 2960 547 3014; x_wconf 91' lang='lat'>(</span> <span class='ocrx_word' id='word_1_493' title='bbox 559 2962 608 3013; x_wconf 87' lang='lat' dir='ltr'>e)</span> <span class='ocrx_word' id='word_1_494' title='bbox 630 2956 747 3003; x_wconf 71' lang='lat' dir='ltr'>Cum</span> <span class='ocrx_word' id='word_1_495' title='bbox 764 2959 863 3003; x_wconf 85' lang='lat' dir='ltr'>Indi</span> <span class='ocrx_word' id='word_1_496' title='bbox 878 2959 925 3002; x_wconf 92' lang='lat' dir='ltr'>in</span> <span class='ocrx_word' id='word_1_497' title='bbox 943 2960 1217 3007; x_wconf 86' lang='lat' dir='ltr'>advenarum</span> <span class='ocrx_word' id='word_1_498' title='bbox 1235 2962 1391 3008; x_wconf 73' lang='lat' dir='ltr'>odium</span> <span class='ocrx_word' id='word_1_499' title='bbox 1408 2961 1653 3013; x_wconf 87' lang='lat' dir='ltr'>sementem</span> <span class='ocrx_word' id='word_1_500' title='bbox 1673 2967 1838 3014; x_wconf 88' lang='lat' dir='ltr'>nullam</span> <span class='ocrx_word' id='word_1_501' title='bbox 1857 2969 1988 3017; x_wconf 79' lang='lat' dir='ltr'>fecis-</span> 
     </span>
     <span class='ocr_line' id='line_1_46' title="bbox 172 3020 1991 3085; baseline 0.008 -16"><span class='ocrx_word' id='word_1_502' title='bbox 172 3020 299 3072; x_wconf 84' lang='lat' dir='ltr'>sent,</span> <span class='ocrx_word' id='word_1_503' title='bbox 332 3020 554 3085; x_wconf 81' lang='lat' dir='ltr'>Hispanos</span> <span class='ocrx_word' id='word_1_504' title='bbox 581 3021 730 3067; x_wconf 64' lang='lat' dir='ltr'>inedia</span> <span class='ocrx_word' id='word_1_505' title='bbox 758 3023 812 3068; x_wconf 80' lang='lat' dir='ltr'>eo</span> <span class='ocrx_word' id='word_1_506' title='bbox 843 3022 1044 3071; x_wconf 59' lang='lat' dir='ltr'>redactos</span> <span class='ocrx_word' id='word_1_507' title='bbox 1065 3025 1149 3072; x_wconf 79' lang='lat' dir='ltr'>effe</span> <span class='ocrx_word' id='word_1_508' title='bbox 1166 3059 1180 3079; x_wconf 92' lang='lat'>,</span> <span class='ocrx_word' id='word_1_509' title='bbox 1202 3044 1250 3073; x_wconf 89' lang='lat' dir='ltr'>ut</span> <span class='ocrx_word' id='word_1_510' title='bbox 1273 3027 1388 3074; x_wconf 86' lang='lat' dir='ltr'>escas</span> <span class='ocrx_word' id='word_1_511' title='bbox 1416 3027 1661 3079; x_wconf 82' lang='lat' dir='ltr'>insalubres</span> <span class='ocrx_word' id='word_1_512' title='bbox 1689 3037 1735 3078; x_wconf 76' lang='grc' dir='ltr'>δε</span> <span class='ocrx_word' id='word_1_513' title='bbox 1765 3035 1991 3084; x_wconf 80' lang='lat' dir='ltr'>stomacho</span> 
     </span>
     <span class='ocr_line' id='line_1_47' title="bbox 172 3086 1992 3157; baseline 0.007 -20"><span class='ocrx_word' id='word_1_514' title='bbox 172 3086 303 3152; x_wconf 56' lang='lat' dir='ltr'>plant?</span> <span class='ocrx_word' id='word_1_515' title='bbox 319 3086 486 3132; x_wconf 74' lang='lat' dir='ltr'>alienas</span> <span class='ocrx_word' id='word_1_516' title='bbox 505 3086 561 3131; x_wconf 80' lang='lat' dir='ltr'>ad</span> <span class='ocrx_word' id='word_1_517' title='bbox 581 3086 705 3133; x_wconf 81' lang='lat' dir='ltr'>cibos</span> <span class='ocrx_word' id='word_1_518' title='bbox 723 3086 981 3133; x_wconf 70' lang='lat' dir='ltr'>admiserint</span> <span class='ocrx_word' id='word_1_519' title='bbox 1001 3123 1014 3143; x_wconf 71' lang='lat'>2</span> <span class='ocrx_word' id='word_1_520' title='bbox 1032 3091 1158 3157; x_wconf 86' lang='lat' dir='ltr'>quod</span> <span class='ocrx_word' id='word_1_521' title='bbox 1176 3109 1411 3157; x_wconf 81' lang='lat' dir='ltr'>arquatum</span> <span class='ocrx_word' id='word_1_522' title='bbox 1429 3094 1639 3147; x_wconf 77' lang='lat' dir='ltr'>morbum</span> <span class='ocrx_word' id='word_1_523' title='bbox 1662 3113 1751 3144; x_wconf 86' lang='lat' dir='ltr'>tam</span> <span class='ocrx_word' id='word_1_524' title='bbox 1769 3099 1992 3154; x_wconf 84' lang='lat' dir='ltr'>intensum</span> 
     </span>
     <span class='ocr_line' id='line_1_48' title="bbox 172 3150 993 3210; baseline 0.001 -9"><span class='ocrx_word' id='word_1_525' title='bbox 172 3150 262 3210; x_wconf 76' lang='lat' dir='ltr'>illis</span> <span class='ocrx_word' id='word_1_526' title='bbox 289 3150 436 3204; x_wconf 77' lang='lat' dir='ltr'>attulit</span> <span class='ocrx_word' id='word_1_527' title='bbox 462 3167 510 3201; x_wconf 81' lang='lat' dir='ltr'>ut</span> <span class='ocrx_word' id='word_1_528' title='bbox 539 3151 688 3202; x_wconf 83' lang='lat' dir='ltr'>crocei</span> <span class='ocrx_word' id='word_1_529' title='bbox 715 3152 993 3202; x_wconf 62' lang='lat' dir='ltr'>viderentur,</span> 
     </span>
    </p>
   </div>
   <div class='ocr_carea' id='block_1_3' title="bbox 1643 3230 1790 3277">
    <p class='ocr_par' dir='ltr' id='par_1_9' title="bbox 1643 3230 1790 3277">
     <span class='ocr_line' id='line_1_49' title="bbox 1643 3230 1790 3277; baseline 0.014 -3"><span class='ocrx_word' id='word_1_530' title='bbox 1643 3230 1790 3277; x_wconf 78' lang='lat' dir='ltr'>Zzz</span> 
     </span>
    </p>
   </div>
   <div class='ocr_carea' id='block_1_4' title="bbox 2039 728 2274 981">
    <p class='ocr_par' dir='ltr' id='par_1_10' title="bbox 2039 728 2274 981">
     <span class='ocr_line' id='line_1_50' title="bbox 2059 728 2274 777; baseline 0.009 -14"><span class='ocrx_word' id='word_1_531' title='bbox 2059 728 2114 777; x_wconf 71' lang='lat' dir='ltr'>(a)</span> <span class='ocrx_word' id='word_1_532' title='bbox 2141 731 2184 766; x_wconf 81' lang='lat' dir='ltr'>In</span> <span class='ocrx_word' id='word_1_533' title='bbox 2200 732 2274 770; x_wconf 74' lang='lat' dir='ltr'>Ad·</span> 
     </span>
     <span class='ocr_line' id='line_1_51' title="bbox 2040 784 2271 833; baseline 0.03 -18"><span class='ocrx_word' id='word_1_534' title='bbox 2040 784 2215 821; x_wconf 84' lang='lat' dir='ltr'>notation.</span> <span class='ocrx_word' id='word_1_535' title='bbox 2233 800 2271 833; x_wconf 83' lang='lat'>5.</span> 
     </span>
     <span class='ocr_line' id='line_1_52' title="bbox 2039 834 2246 884; baseline 0.034 -17"><span class='ocrx_word' id='word_1_536' title='bbox 2039 834 2089 868; x_wconf 84' lang='lat' dir='ltr'>ad</span> <span class='ocrx_word' id='word_1_537' title='bbox 2106 838 2196 884; x_wconf 80' lang='lat' dir='ltr'>Cap.</span> <span class='ocrx_word' id='word_1_538' title='bbox 2213 850 2246 883; x_wconf 82' lang='lat'>3.</span> 
     </span>
     <span class='ocr_line' id='line_1_53' title="bbox 2039 885 2273 938; baseline 0.021 -18"><span class='ocrx_word' id='word_1_539' title='bbox 2039 885 2114 922; x_wconf 74' lang='lat' dir='ltr'>Lib.</span> <span class='ocrx_word' id='word_1_540' title='bbox 2139 900 2170 924; x_wconf 83' lang='lat'>1.</span> <span class='ocrx_word' id='word_1_541' title='bbox 2191 896 2273 938; x_wconf 42' lang='lat' dir='ltr'>pagi</span> 
     </span>
     <span class='ocr_line' id='line_1_54' title="bbox 2039 943 2272 981; baseline 0.021 -7"><span class='ocrx_word' id='word_1_542' title='bbox 2039 952 2102 981; x_wconf 78' lang='lat'>49-</span> <span class='ocrx_word' id='word_1_543' title='bbox 2123 943 2218 977; x_wconf 83' lang='lat' dir='ltr'>Tom.</span> <span class='ocrx_word' id='word_1_544' title='bbox 2237 948 2272 979; x_wconf 84' lang='lat' dir='ltr'>l.</span> 
     </span>
    </p>
   </div>
   <div class='ocr_carea' id='block_1_5' title="bbox 2039 1021 2272 1121">
    <p class='ocr_par' dir='ltr' id='par_1_11' title="bbox 2039 1021 2272 1121">
     <span class='ocr_line' id='line_1_55' title="bbox 2093 1021 2272 1069; baseline 0.011 -12"><span class='ocrx_word' id='word_1_545' title='bbox 2093 1021 2173 1069; x_wconf 72' lang='lat' dir='ltr'>(b)</span> <span class='ocrx_word' id='word_1_546' title='bbox 2213 1022 2272 1060; x_wconf 80' lang='lat' dir='ltr'>Ad</span> 
     </span>
     <span class='ocr_line' id='line_1_56' title="bbox 2039 1080 2272 1121; baseline 0.009 -12"><span class='ocrx_word' id='word_1_547' title='bbox 2039 1085 2113 1109; x_wconf 81' lang='lat' dir='ltr'>ann.</span> <span class='ocrx_word' id='word_1_548' title='bbox 2143 1080 2272 1121; x_wconf 57' lang='lat'>{0442</span> 
     </span>
    </p>
   </div>
   <div class='ocr_carea' id='block_1_6' title="bbox 2040 1137 2249 1227">
    <p class='ocr_par' dir='ltr' id='par_1_12' title="bbox 2040 1137 2249 1227">
     <span class='ocr_line' id='line_1_57' title="bbox 2040 1137 2249 1175; baseline 0.01 -2"><span class='ocrx_word' id='word_1_549' title='bbox 2040 1137 2121 1175; x_wconf 72' lang='lat' dir='ltr'><em>Pag-</em></span> <span class='ocrx_word' id='word_1_550' title='bbox 2161 1141 2249 1175; x_wconf 64' lang='lat'>525«</span> 
     </span>
     <span class='ocr_line' id='line_1_58' title="bbox 2045 1186 2139 1227; baseline -0.011 -10"><span class='ocrx_word' id='word_1_551' title='bbox 2045 1186 2139 1227; x_wconf 72' lang='lat'>5²⁶·</span> 
     </span>
    </p>
   </div>
   <div class='ocr_carea' id='block_1_7' title="bbox 2034 1886 2270 2041">
    <p class='ocr_par' dir='ltr' id='par_1_13' title="bbox 2034 1886 2270 2041">
     <span class='ocr_line' id='line_1_59' title="bbox 2092 1886 2270 1935; baseline 0.028 -10"><span class='ocrx_word' id='word_1_552' title='bbox 2092 1886 2163 1935; x_wconf 76' lang='lat' dir='ltr'>(c)</span> <span class='ocrx_word' id='word_1_553' title='bbox 2191 1891 2270 1931; x_wconf 63' lang='lat' dir='ltr'>Lib,</span> 
     </span>
     <span class='ocr_line' id='line_1_60' title="bbox 2037 1944 2244 1990; baseline 0.029 -15"><span class='ocrx_word' id='word_1_554' title='bbox 2037 1944 2067 1976; x_wconf 87' lang='grc' dir='ltr'>Ι.</span> <span class='ocrx_word' id='word_1_555' title='bbox 2086 1945 2174 1989; x_wconf 84' lang='lat' dir='ltr'>Cap.</span> <span class='ocrx_word' id='word_1_556' title='bbox 2204 1958 2244 1990; x_wconf 87' lang='lat'>7.</span> 
     </span>
     <span class='ocr_line' id='line_1_61' title="bbox 2034 1998 2193 2041; baseline 0.013 -2"><span class='ocrx_word' id='word_1_557' title='bbox 2034 1998 2113 2039; x_wconf 64' lang='lat' dir='ltr'><em>Pag-</em></span> <span class='ocrx_word' id='word_1_558' title='bbox 2134 2006 2193 2041; x_wconf 77' lang='lat'>39·</span> 
     </span>
    </p>
   </div>
   <div class='ocr_carea' id='block_1_8' title="bbox 2032 2160 2268 2408">
    <p class='ocr_par' dir='ltr' id='par_1_14' title="bbox 2032 2160 2268 2408">
     <span class='ocr_line' id='line_1_62' title="bbox 2075 2160 2266 2208; baseline 0.026 -13"><span class='ocrx_word' id='word_1_559' title='bbox 2075 2160 2151 2208; x_wconf 76' lang='lat' dir='ltr'>(d)</span> <span class='ocrx_word' id='word_1_560' title='bbox 2172 2161 2266 2199; x_wconf 74' lang='lat' dir='ltr'>Ibid,</span> 
     </span>
     <span class='ocr_line' id='line_1_63' title="bbox 2032 2211 2266 2251; baseline 0.013 -4"><span class='ocrx_word' id='word_1_561' title='bbox 2032 2211 2069 2245; x_wconf 82' lang='lat' dir='ltr'>in</span> <span class='ocrx_word' id='word_1_562' title='bbox 2095 2213 2266 2251; x_wconf 63' lang='lat' dir='ltr'>Adnotat,</span> 
     </span>
     <span class='ocr_line' id='line_1_64' title="bbox 2039 2265 2266 2314; baseline 0.018 -15"><span class='ocrx_word' id='word_1_563' title='bbox 2039 2277 2078 2308; x_wconf 82' lang='lat'>4.</span> <span class='ocrx_word' id='word_1_564' title='bbox 2096 2265 2140 2308; x_wconf 56' lang='grc' dir='ltr'>όν</span> <span class='ocrx_word' id='word_1_565' title='bbox 2170 2281 2206 2313; x_wconf 84' lang='lat'>5.</span> <span class='ocrx_word' id='word_1_566' title='bbox 2233 2276 2266 2314; x_wconf 65' lang='lat' dir='ltr'>p„</span> 
     </span>
     <span class='ocr_line' id='line_1_65' title="bbox 2039 2317 2268 2363; baseline 0.004 -1"><span class='ocrx_word' id='word_1_567' title='bbox 2039 2329 2105 2358; x_wconf 81' lang='lat'>42·</span> <span class='ocrx_word' id='word_1_568' title='bbox 2127 2317 2171 2359; x_wconf 75' lang='grc' dir='ltr'>ό·</span> <span class='ocrx_word' id='word_1_569' title='bbox 2195 2325 2268 2363; x_wconf 70' lang='lat'>46·</span> 
     </span>
     <span class='ocr_line' id='line_1_66' title="bbox 2039 2372 2183 2408; baseline 0.028 -4"><span class='ocrx_word' id='word_1_570' title='bbox 2039 2372 2183 2408; x_wconf 66' lang='lat' dir='ltr'>Tom.lo</span> 
     </span>
    </p>
   </div>
   <div class='ocr_carea' id='block_1_9' title="bbox 2027 2984 2260 3132">
    <p class='ocr_par' dir='ltr' id='par_1_15' title="bbox 2027 2984 2260 3132">
     <span class='ocr_line' id='line_1_67' title="bbox 2027 2984 2260 3044; baseline 0 -19"><span class='ocrx_word' id='word_1_571' title='bbox 2027 2984 2172 3028; x_wconf 83' lang='lat' dir='ltr'>ducitur</span> <span class='ocrx_word' id='word_1_572' title='bbox 2191 3007 2260 3044; x_wconf 77' lang='lat' dir='ltr'>pa..</span> 
     </span>
     <span class='ocr_line' id='line_1_68' title="bbox 2030 3038 2260 3098; baseline 0.035 -21"><span class='ocrx_word' id='word_1_573' title='bbox 2030 3038 2116 3090; x_wconf 56' lang='lat' dir='ltr'>gini</span> <span class='ocrx_word' id='word_1_574' title='bbox 2131 3043 2260 3098; x_wconf 53' lang='lat' dir='ltr'>seqfflffis,</span> 
     </span>
     <span class='ocr_line' id='line_1_69' title="bbox 2031 3102 2079 3132; baseline 0.063 -3"><span class='ocrx_word' id='word_1_575' title='bbox 2031 3102 2079 3132; x_wconf 58' lang='lat' dir='ltr'>te,</span> 
     </span>
    </p>
   </div>
  </div>
 </body>
</html>
