2477 3643
392 136 537 210 *434
762 142 1314 193 DEMORBIS
1382 138 1911 190 ventrinis.

440 226 615 288 Consilio
640 242 711 283 70·
739 226 788 274 de
815 225 1020 285 infestione
1046 226 1147 270 cutis
1170 222 1220 268 Θ*
1241 219 1431 283 afitphati
1459 236 1547 267 cum
1568 218 1740 286 pustulis
1762 221 1924 281 faciei,
1951 217 2044 268 imo
2071 217 2126 269 ab
2159 216 2281 287 Hip:

442 308 626 359 poci-ate
650 291 911 356 Aphorismis
947 306 1015 335 20.
1043 286 1093 335 ὦ*
1116 301 1175 332 21.
1199 286 1372 345 stelione
1403 304 1436 349 3.
1471 289 1518 332 δε
1545 284 1570 330 εἴ
1596 285 1768 333 Galeno
1797 288 2093 333 Commentario
2121 288 2166 332 in
2195 287 2277 348 coss.

444 360 532 407 dem
551 356 829 420 Aphorismos.

506 427 683 470 fatetur
710 420 896 484 quidem
922 414 1132 462 morbum
1163 436 1185 454 u
1205 411 1536 478 Contagiosum
1562 413 1650 460 esse
1676 412 1783 461 sicut
1813 413 1982 462 scabies
2000 447 2012 467 ‚
2038 417 2160 477 cujus
2184 413 2282 480 spe-

448 515 475 534 22
496 488 585 534 cies
619 487 708 539 est·,
731 485 806 545 sed
841 484 946 529 licet
977 476 1302 590 utffplurimum
1336 477 1516 526 eveniat
1547 496 1624 541 per
1656 479 1775 525 viam
1812 480 2092 543 contagionis
2114 512 2125 530 ‚
2162 481 2286 539 censet

452 579 478 598 ω
501 549 794 598 nihilominus
819 547 945 594 aliter
968 564 1026 610 po
1064 562 1087 590 e
1112 542 1296 590 evenire
1316 577 1327 594 ‚
1359 559 1406 589 ut
1425 543 1597 589 utendo
1619 543 1737 589 malo
1758 545 1991 608 regimine.
2010 579 2043 593 .,
2062 579 2072 591 ,
2103 543 2131 589 fi
2158 558 2288 590 man-

451 643 476 662 „
500 635 570 664 tur
595 616 699 662 cibo
728 619 773 659 δέ
801 629 910 677 potu
938 610 1046 657 salso
1064 643 1076 662 ,
1103 624 1236 658 acuto
1268 624 1341 654 aut
1371 626 1521 654 amaro
1542 641 1554 659 ‚
1584 623 1632 652 ut
1658 610 1813 655 evenit
1838 609 2050 673 Magistro
2081 608 2286 654 Antonio

452 714 478 732 2,
504 681 676 732 Marci,
698 678 917 725 Catalano
937 710 950 730 ,
970 676 1148 722 Artium
1165 679 1210 719 δέ
1228 674 1470 720 Medicina:
1498 673 1700 718 Dastori.
1718 707 1728 718 .
1745 709 1755 719 ,
1775 706 1785 717 .
1804 675 1848 720 Si
1877 691 1970 720 non
1991 690 2169 720 utantur
2191 673 2290 719 bal-

449 775 477 797 „
498 746 709 795 neatione
739 760 786 790 ut
816 758 942 789 erant
967 740 1112 792 soliti3
1145 738 1173 784 si
1205 756 1297 783 non
1327 755 1501 784 mutent
1538 755 1707 802 pannos
1728 757 1739 790 ·,
1764 737 1792 783 si
1814 739 2044 802 priventur
2073 739 2289 785 exercitio

453 840 479 860 υ
500 827 574 860 aut
593 807 876 856 frietionibus
898 826 910 861 ·,
935 822 1010 853 aut
1032 805 1062 851 si
1089 819 1269 851 utantur
1300 803 1535 851 medicinis
1564 819 1636 849 aut
1667 801 1778 849 cibis
1804 803 2128 852 adducentibus
2149 819 2290 851 mate-

460 904 485 924 n
504 877 618 924 riam
649 875 704 921 ad
732 875 886 920 cutim.

518 941 682 988 Credit
705 957 843 986 curam
864 936 1135 1003 pudendagrae
1156 935 1346 998 compleri
1371 932 1487 978 dian}
1510 932 1560 979 &
1579 935 1750 996 potione,
1791 932 1930 978 Circa
1952 931 2127 978 diaetam
2158 933 2296 980 multa

462 1006 675 1074 proponit
693 1039 705 1057 ‚
737 1003 813 1050 sed
842 1001 1053 1065 vulgaria.
1070 1005 1187 1045 Cura
1215 997 1313 1044 vero
1337 1013 1410 1062 per
1437 1004 1629 1063 potionem
1654 1012 1730 1041 tres
1758 999 2019 1044 indicationes
2036 998 2296 1062 complecti-

463 1089 534 1119 tur
553 1091 562 1117 :
582 1075 762 1118 Primam
777 1068 835 1113 ad
858 1065 1143 1114 evacuandum
1162 1060 1430 1129 phlebotomia
1446 1063 1495 1109 &⁹
1512 1066 1748 1127 purgatione
1764 1100 1777 1114 ‚
1796 1059 1997 1126 praemifid
2016 1063 2188 1108 hamon}
2206 1078 2302 1127 pec-

463 1141 595 1185 cantis
622 1135 858 1199 digestione:
877 1131 1108 1179 Secundam
1133 1130 1191 1174 ad
1214 1128 1491 1188 resolvendum
1521 1134 1566 1173 ὃς
1588 1125 1897 1173 exsiccandum
1925 1144 2011 1190 ope
2037 1125 2300 1173 balneorum

465 1207 512 1250 &
543 1201 847 1247 remediorum
875 1196 1085 1244 localium
1105 1226 1118 1245 ‚
1149 1194 1266 1240 inter
1285 1209 1379 1255 quae
1402 1192 1552 1238 laudat
1580 1190 1821 1256 praesertim
1846 1189 2125 1238 sudationem
2146 1197 2187 1237 in
2203 1193 2301 1252 fiir-

466 1286 516 1315 no
541 1267 678 1313 calido
696 1305 710 1319 ,
726 1280 794 1309 aut
808 1263 950 1322 saltem
973 1266 1014 1307 in
1033 1258 1146 1317 stufa
1161 1279 1173 1302 .·
1191 1261 1377 1303 Tertiam
1398 1258 1568 1320 deniqne
1593 1259 1650 1301 ad
1668 1258 1968 1316 confiimendum
1993 1259 2186 1319 reliquias
2212 1275 2302 1302 ma·

468 1336 572 1379 teria
594 1370 606 1384 ‚
628 1332 672 1392 si
700 1346 779 1392 qua
806 1328 1076 1387 remanfi‘runt
1103 1329 1145 1368 in
1178 1337 1262 1369 cute
1282 1361 1296 1375 ‚
1329 1339 1415 1386 ope
1440 1337 1776 1385 unguentorum
1796 1355 1808 1373 ,
1840 1339 2030 1384 quorum
2056 1322 2176 1367 varia
2196 1340 2304 1386 pro-

469 1401 598 1463 ponit
626 1412 792 1459 genera
821 1410 873 1438 ex
906 1388 1275 1450 detergentibus,
1307 1385 1701 1432 mundificantibus
1721 1419 1732 1438 ‚
1762 1385 2081 1432 exsiccantibus
2100 1419 2112 1438 ‚
2144 1386 2300 1432 addito

469 1462 607 1509 etiam
644 1463 693 1506 in
723 1457 952 1507 nonnullis
984 1452 1214 1500 Mercurio
1246 1451 1380 1498 saliva
1403 1452 1596 1498 humana
1619 1451 1814 1498 extinc‘lm
1834 1486 1847 1504 ,
1881 1452 1955 1499 sed
1987 1452 2043 1498 ad
2074 1451 2308 1498 minimam

475 1525 634 1573 dofim.
686 1524 696 1531 ⁶

538 1595 606 1637 11.
647 1592 900 1650 Sequuntur
926 1602 981 1631 ex
1003 1582 1163 1629 ordine
1188 1581 1401 1645 temporis
1423 1582 1603 1642 Consilia
1625 1583 1797 1644 quinque
1816 1579 2001 1627 Medica
2021 1619 2034 1634 ,
2061 1578 2136 1627 seu
2156 1579 2310 1645 potius

476 1654 683 1704 Historiae
705 1651 1018 1716 aegrotantium
1039 1648 1240 1713 quinque
1257 1680 1269 1699 ‚
1284 1664 1397 1711 quos
1419 1647 1640 1692 curandos
1661 1648 1827 1691 Auitor
1843 1643 2000 1691 habuit
2015 1645 2177 1692 eodem
2194 1663 2313 1692 anno

486 1740 621 1780 1497·

544 1790 678 1846 AEger
702 1788 737 1830 1.
758 1780 977 1828 Morbum
996 1791 1279 1824 contraxerat
1295 1775 1399 1840 quia
1423 1802 1443 1817 »ι
1459 1779 1530 1821 De
1550 1774 1701 1822 mense
1723 1774 1903 1839 Augusti
1927 1775 2032 1821 anni
2060 1793 2195 1835 1497.
2217 1792 2314 1824 rem

481 1877 507 1898 n
527 1851 745 1897 habuerat
773 1865 875 1893 cum
911 1845 1100 1890 muliere
1128 1841 1321 1889 habente
1353 1840 1704 1905 pudendagram.
1747 1841 1816 1886 Illi
1845 1840 1999 1887 aderat
2031 1840 2164 1887 initio
2198 1841 2320 1887 ulcus

481 1944 506 1963 υ
527 1917 574 1962 in
605 1914 727 1978 virga
754 1930 853 1958 cum
878 1909 1069 1974 quadam
1091 1907 1263 1954 duritie
1286 1906 1420 1969 longa
1441 1905 1656 1952 tendente
1678 1905 1828 1952 versus
1848 1905 2032 1969 inguina
2053 1905 2108 1952 ad
2131 1906 2320 1953 modum

488 2009 514 2028 κ
537 1981 647 2027 radii
666 2013 678 2032 ,
700 1996 800 2023 cum
822 1975 1005 2022 sorditie
1028 1979 1072 2019 δε
1093 1971 1344 2018 virulentia.
1381 1972 1479 2017 Post
1498 1970 1569 2016 sex
1590 1971 1684 2017 dies
1706 1971 1854 2017 ulcere
1875 1969 2141 2016 semicurato
2165 1988 2320 2035 arrep-

483 2062 596 2092 „tus
619 2044 703 2091 fuit
739 2041 792 2087 ab
826 2037 1117 2086 intenfiffimis
1154 2035 1388 2082 doloribus
1425 2035 1578 2098 capitis
1611 2068 1622 2086 ,
1661 2034 1765 2080 colli
1798 2067 1811 2087 ,
1858 2034 2128 2095 spatularum
2158 2068 2170 2088 ,
2219 2035 2320 2081 bra-

483 2137 511 2156 .»
533 2110 738 2157 chiorum
759 2140 771 2157 ,
801 2105 1013 2152 tibiarum
1032 2107 1078 2147 &
1108 2102 1340 2147 costarum.
1374 2098 1531 2163 Elapfis
1553 2101 1700 2164 postea
1734 2117 1807 2144 10.
1835 2098 1995 2146 diebus
2022 2115 2322 2165 apparuerunt

486 2203 513 2222 n
540 2175 687 2222 multae
709 2170 881 2237 pustula:
899 2170 945 2215 in
965 2166 1108 2231 capite
1129 2200 1141 2217 ,
1162 2164 1276 2228 facie
1298 2169 1343 2210 δέ
1362 2164 1495 2209 collo.

553 2241 678 2287 Alter
705 2253 845 2299 aeger,
869 2231 1109 2296 silTorellae
1137 2230 1246 2277 fides
1274 2229 1322 2275 sit
1340 2263 1353 2282 ,
1370 2228 1445 2274 sed
1476 2227 1628 2274 credat
1656 2228 1828 2281 Judaeus
1849 2227 2027 2292 Apella,
2044 2246 2097 2275 ex
2127 2228 2317 2274 immod&

490 2310 594 2352 ratis
623 2301 826 2350 laboribus
857 2317 932 2365 per
960 2294 1160 2344 mensem
1186 2296 1428 2358 Augustum
1454 2294 1559 2339 anni
1595 2311 1728 2352 1497.
1760 2299 1805 2339 &
1836 2310 1973 2356 pravo
2002 2293 2220 2356 regimine
2248 2293 2324 2339 in..

476 2371 632 2419 'fetstus
659 2367 745 2414 fuit
769 2360 1041 2430 pudendagrd
1060 2360 1288 2424 sanguinea
1306 2377 1393 2405 cum
1411 2360 1623 2419 ulcuscu‘lis
1646 2363 1688 2404 in
1711 2356 1838 2422 virgei
1861 2396 1876 2411 ,
1901 2361 2069 2404 maculis
2092 2361 2189 2403 ‘latis
2208 2397 2223 2412 ,
2253 2377 2330 2403 ra-

489 2436 575 2483 heis
591 2474 604 2489 ‚
611 2435 705 2496 five
723 2429 884 2496 pustulis
905 2433 947 2474 in
968 2426 1154 2485 univerfh
1181 2439 1341 2488 corpore
1360 2463 1375 2477 ‚
1396 2441 1477 2485 qua
1502 2427 1669 2469 cortices
1686 2421 1813 2481 instar
1821 2422 2000 2483 furfuris
2020 2425 2252 2483 emiserunts
2278 2441 2332 2471 ac

496 2499 656 2548 demum
672 2495 870 2543 doloribus
889 2493 1045 2553 intensis
1065 2494 1211 2554 capitis
1226 2529 1240 2543 ,
1258 2492 1350 2535 colli
1371 2489 1702 2553 &spatularum

561 2563 742 2610 Tertius
766 2576 842 2626 per
867 2562 983 2604 viam
1011 2558 1253 2618 contagionis
1273 2555 1353 2612 fuit
1372 2554 1534 2612 infetflus
1549 2547 1819 2616 pudendagra
1835 2551 2111 2615 phlegmatica
2132 2569 2217 2598 cum
2232 2552 2332 2616 pus-

496 2631 594 2678 tulis
617 2627 751 2693 groffis
772 2664 785 2679 ‚
813 2622 987 2684 crustofis
1006 2661 1019 2677 ‚
1051 2638 1102 2666 ex
1128 2617 1269 2683 quibus
1294 2618 1435 2664 exibat
1450 2618 1639 2678 fiira'ities
1658 2619 1791 2681 groffa
1813 2655 1827 2670 ,
1858 2615 1955 2660 alba
1974 2654 1988 2669 ,
2018 2617 2077 2661 ad
2085 2617 2332 2676 fuscedinem

497 2695 662 2742 tendens
681 2731 695 2746 ,
717 2708 804 2737 cum
822 2688 1033 2734 doloribus.
1073 2683 1334 2731 Curandum
1356 2682 1481 2729 illum
1503 2681 1658 2728 habuit
1677 2681 1828 2728 mense
1848 2680 2039 2727 Octobri
2061 2681 2161 2727 anni
2196 2698 2210 2725 i
2224 2700 2332 2739 497.

569 2761 764 2815 Quartus
794 2755 955 2811 infeifflus
983 2766 1070 2796 erat
1093 2747 1364 2813 pudendagrd
1392 2747 1444 2793 ab
1474 2765 1577 2792 anno
1605 2764 1679 2791 uno
1696 2785 1710 2800 ,
1733 2745 1783 2792 ῥ’
1807 2760 1848 2790 ut
1867 2745 1946 2806 ἱρῇ
1968 2748 2103 2790 retulit
2129 2748 2298 2792 Torellae
2316 2783 2335 2802 ,

502 2827 640 2871 evenit
672 2825 708 2866 ei
735 2817 964 2864 dormiendo
987 2819 1028 2861 in
1052 2815 1182 2860 eodem
1207 2815 1302 2858 letto
1330 2829 1416 2857 cum
1435 2813 1569 2870 fratre
1588 2812 1660 2870 fiio
1686 2811 1839 2869 insilio,
1874 2809 2074 2855 Aderant
2093 2810 2226 2856 initio
2247 2811 2334 2857 do-

505 2889 623 2937 lotes
639 2921 650 2938 ‚
683 2891 728 2931 &
759 2882 923 2929 deinde
939 2879 1096 2943 pustulae
1122 2878 1255 2943 groffae
1272 2916 1286 2930 ,
1307 2875 1473 2936 crustosae
1496 2915 1510 2930 ,
1529 2878 1716 2922 cineritia
1736 2914 1750 2928 ,
1783 2873 1945 2938 quibus
1969 2874 2333 2921 evanescentibus

507 2953 682 3003 rediere
702 2948 880 2997 dolores
899 2963 1000 2991 cum
1021 2943 1241 2991 ulceribus
1261 2941 1306 2987 in
1326 2941 1451 2987 tibia.
1489 2943 1681 2987 Curatus
1700 2939 1786 2985 fuit
1806 2957 1923 2984 anno
1943 2939 2106 2986 eodem
2133 2958 2264 2997 1497.

572 3017 768 3075 Quintus
799 3011 1007 3059 morbum
1039 3009 1247 3072 concepit
1276 3006 1431 3069 sponte
1468 3010 1585 3052 iuxta
1610 3005 1838 3051 Torellam
1860 3021 1913 3051 ex
1943 3005 2075 3069 prava
2106 3002 2323 3065 sanguinis

507 3081 708 3129 diathefi.
748 3083 844 3125 Fuit
864 3092 992 3123 autem
1013 3090 1197 3140 arreptus
1221 3070 1495 3138 pudendagra
1517 3089 1604 3118 cum
1630 3071 1795 3134 pustulis
1813 3087 1863 3115 ac
1890 3070 2145 3130 intensissimis
2174 3070 2326 3114 dolori-

507 3148 582 3196 bus
601 3146 857 3192 brachiorum
872 3181 887 3195 ‚
900 3142 1159 3204 spatularum
1175 3178 1189 3193 ,
1215 3139 1337 3190 colli,
1353 3137 1503 3200 pedum
1529 3154 1578 3181 ac
1595 3153 1782 3180 manuum
1804 3173 1818 3188 ,
1849 3133 1899 3180 ό
1919 3132 2115 3198 ρνιεσίρκὲ
2137 3139 2178 3181 in
2191 3135 2330 3196 partia

509 3214 581 3262 bus
599 3208 860 3260 anterioribus
879 3207 1069 3253 tibiarum
1084 3242 1100 3259 ,
1124 3202 1192 3251 ubi
1216 3203 1294 3264 oſja
1312 3202 1430 3264 quast
1442 3198 1468 3245 a
1486 3199 1672 3246 carnibus
1678 3201 1776 3260 sum
1795 3199 2015 3246 denudata.
