2477 3643
481 147 544 190 ῳ.
815 127 1971 178 DeMosssstserrassts.

483 205 612 256 terea*
625 207 667 256 i‘n
689 208 822 258 eodem
843 213 1065 276 Scorpione
1085 213 1127 258 in
1155 208 1246 275 ipsa
1271 210 1380 256 domo
1401 209 1645 271 agritudinis
1664 209 1874 268 combustus
1892 216 2098 260 Saturnus
2116 212 2169 262 (ᾗ
2189 217 2331 263 Mera—

486 277 621 321 curius
643 313 658 328 ‚
697 277 925 331 consanum
959 281 991 322 S
995 290 1166 321 atur-nus
1195 274 1244 321 67*
1267 279 1405 320 Venus
1422 312 1436 327 ,
1452 276 1613 336 fuitque
1639 277 1866 329 consanum
1888 281 2091 325 Saturnus
2109 278 2159 327 ὠ
2181 283 2326 327 Μανς

484 341 530 385 in
544 338 688 386 ultima*
709 339 964 387 Novembris
983 378 997 393 ,
1027 340 1076 386 &J
1090 342 1154 400 sic
1175 340 1510 403 significaverunt
1525 345 1812 405 corruptionem
1828 342 2038 403 sanguinis
2064 342 2114 389 ὠ·
2135 345 2318 399 cholerae,

485 405 538 452 (θ’
559 408 843 463 σοπμιῑίἕῖιόηες
861 408 1031 450 omnium
1049 405 1255 452 humorum
1270 442 1285 459 ,
1305 402 1354 451 (ῥ’
1376 405 1670 454 abundantiam
1679 405 1856 452 ‘humoris
1868 407 2145 455 melancholici
2168 409 2255 457 tam
2274 414 2326 456 in.

484 471 592 515 viris
626 468 750 533 quam
778 475 821 516 in
841 467 1088 516 mulieribus:

260 552 379 592 4532·
551 533 623 580 Sic
641 534 823 581 demum
844 552 962 581 anno
988 554 1004 581 1
1022 553 1040 598 5
1059 553 1126 596 32.
1153 532 1416 581 Laurentius
1447 533 1636 581 Phrifius
1659 570 1671 588 ‚
1693 533 1912 600 Opuscul.
1947 539 2014 582 De
2032 537 2190 584 Morbo
2210 540 2321 585 Gal-

488 599 565 644 lico
583 632 594 652 ,
613 615 705 664 cap.
731 622 759 661 3.
796 600 979 664 putabat
994 601 1218 657 Sciendum
1238 603 1306 662 ‘'ffi'
1326 601 1384 645 ad
1400 603 1526 659 ‘causa
1539 600 1666 647 morbi
1681 605 1898 667 primitiva
1918 602 2163 648 evidentiam
2177 641 2191 656 ‚
2211 604 2322 666 quod

487 667 532 708 in
549 681 655 709 anno
676 665 827 725 Christi
851 670 963 727 1483.
996 666 1163 724 fuerunt
1185 667 1378 710 nonnulla
1414 661 1680 711 Plancianum
1698 665 1969 730 congreffiones
1990 704 2005 720 ,
2036 667 2101 712 die
2125 669 2320 715 videlicet

488 745 542 789 15·
566 731 699 787 menfis
724 729 911 776 Onobris
940 731 1041 776 hora
1062 747 1100 776 z-
1126 730 1208 794 pos}
1226 733 1446 776 meridiem.
1488 735 1546 776 Ut
1569 745 1699 776 autem
1724 734 1877 777 clarius
1904 733 2106 796 intelligas
2123 771 2138 786 ,
2170 732 2323 781 aiebat

487 792 565 839 ille
581 826 593 845 ‚
614 796 716 853 seito
735 810 906 859 tempore
928 795 1098 859 prefato
1112 798 1138 844 J
1143 812 1257 842 ovem
1276 834 1291 848 ‚
1313 801 1507 843 Martem
1526 833 1540 849 ,
1564 798 1697 841 Solem
1717 797 1767 844 (ῥ’
1787 801 2053 842 Mercurium
2065 798 2188 858 fimul
2209 801 2321 860 coiffi.²

490 862 537 904 in
554 858 692 904 Libra
706 899 719 913 ‚
742 863 782 905 in
800 860 951 906 oflavd
976 860 1087 906 domo
1115 878 1197 922 qua
1216 862 1457 923 agritudinis
1474 859 1521 915 est
1531 861 1827 923 significativa.
1855 864 1954 906 Fuit
1972 879 2123 923 quoque
2141 862 2322 910 humana

487 937 640 967 natura
664 928 811 970 amicus
836 929 1000 990 Jupiter
1023 925 1238 984 combustus
1244 957 1441 970 .......
1478 923 1676 969 Praeterea
1713 926 2011 970 advertendum
2048 925 2097 984 est
2123 926 2322 986 furiosum

476 986 597 1047 fuisse
623 988 728 1033 hunc
746 1007 896 1035 annum
912 1028 927 1044 ‚
955 994 1053 1051 quia
1078 988 1217 1054 prima
1246 988 1310 1034 die
1333 987 1589 1036 Novembris
1606 989 1864 1036 corroborata
1880 991 1975 1048 sunt
2001 991 2077 1034 illae
2105 992 2323 1055 impressio·-

485 1069 552 1096 nes
574 1053 908 1111 conjuniflionibus
929 1057 1088 1115 seilicet
1108 1056 1276 1102 Martis
1303 1053 1354 1100 (θ’
1375 1056 1544 1099 Veneris
1562 1091 1576 1106 ‚
1598 1056 1625 1099 J
1629 1057 1718 1099 ovis
1747 1053 1797 1100 &¹
1819 1059 1992 1100 Veneris
2011 1063 2052 1099 in
2071 1054 2182 1100 domo
2206 1060 2324 1119 agri-

483 1118 639 1162 tudinis
663 1118 852 1182 praef'atd.
886 1125 1012 1166 Luna
1031 1137 1182 1183 quoque
1203 1120 1303 1166 duas
1317 1119 1437 1183 paffa
1464 1116 1514 1177 est
1540 1118 1697 1182 eclipsts
1714 1157 1729 1172 ,
1756 1136 1879 1166 unam
1906 1120 2102 1166 videlicet
2124 1124 2168 1166 in
2198 1123 2324 1168 Tau-

487 1202 534 1229 ro
548 1220 564 1236 ,
586 1184 760 1228 alteram
781 1188 823 1229 in
842 1189 1077 1249 Scorpione.

551 1246 726 1292 Similia
751 1248 901 1311 legere
920 1251 980 1296 est
997 1249 1114 1314 apud
1141 1251 1323 1296 Petrum
1342 1247 1644 1310 Maynardum
1661 1281 1673 1300 ‚
1692 1246 2000 1295 Veronensem
2017 1281 2029 1301 ‚
2052 1250 2255 1295 Traoiatu
2272 1250 2322 1296 de

482 1309 649 1358 Worbo
670 1316 825 1359 Gallico
843 1347 852 1365 ,
869 1329 963 1379 cap.
987 1334 1023 1376 3.
1044 1331 1161 1360 anno
1179 1331 1227 1378 15
1247 1318 1308 1360 13.
1324 1313 1570 1362 Nicolaum
1588 1312 1773 1359 Massam
1786 1346 1799 1365 ,
1818 1318 2042 1359 Venetum
2062 1348 2074 1366 ‚
2099 1315 2245 1359 Traol.
2271 1316 2323 1360 de

486 1374 649 1422 Morbo
674 1380 835 1424 Gallico
858 1417 873 1432 ‚
892 1395 984 1443 cap.
1020 1386 1060 1425 6.
1091 1396 1210 1424 anno
1240 1397 1374 1441 1533,
1405 1377 1647 1425 Ulrichum
1666 1378 1725 1425 de
1745 1382 1919 1424 Hutten
1934 1410 1946 1428 ‚
1970 1379 2179 1441 Equitem
2208 1382 2323 1425 Ger-

487 1457 672 1486 manum
688 1474 702 1494 ,
726 1442 818 1491 Lib.
840 1443 890 1488 de
907 1443 1062 1490 Morbi
1088 1446 1246 1490 Gallici
1265 1447 1467 1490 curatione
1500 1457 1575 1506 per
1606 1442 1986 1501 administrationem
2013 1446 2114 1508 ligni
2142 1446 2323 1491 Guaiaci

489 1519 581 1568 cap.
604 1522 642 1550 2.
679 1523 798 1552 anno
824 1525 960 1569 1519.
990 1509 1324 1569 Hieronymum
1341 1507 1682 1562 Fracastorium,
1699 1507 2004 1555 Veronensem
2023 1542 2036 1561 ‚
2068 1509 2165 1555 Lib.
2201 1525 2240 1553 2..
2273 1511 2324 1555 de

487 1570 665 1616 Morbis
686 1574 913 1636 contagiosis
930 1607 942 1625 ‚
963 1588 1054 1636 cap.
1079 1591 1115 1618 2.
1141 1591 1259 1620 anno
1286 1591 1299 1618 1
1320 1591 1424 1637 540.
1444 1576 1668 1627 Ioannem
1686 1572 1973 1620 Benedistum
1989 1611 2005 1627 ,
2018 1577 2323 1628 Germanum,

487 1633 643 1680 Libell.
663 1637 711 1681 de
729 1636 890 1683 Morbo
907 1641 1070 1685 Gallico
1086 1676 1100 1692 ,
1115 1654 1208 1699 cap.
1232 1657 1270 1685 2..
1290 1657 1407 1686 anno
1432 1657 1448 1684 1
1465 1658 1480 1702 ς
1497 1656 1565 1702 50.
1583 1637 1673 1684 &a

555 1699 642 1745 Sed
663 1701 1006 1766 eaproposuiffe
1024 1736 1037 1755 ‚
1064 1703 1272 1768 praesente
1289 1705 1409 1768 quali
1431 1704 1624 1751 vivimus
1652 1717 1776 1750 aetate
1791 1737 1804 1756 ‚
1827 1700 2003 1749 abunde
2024 1701 2229 1750 refellere
2246 1704 2323 1750 est,

489 1766 632 1811 Nunc
656 1766 777 1812 enim
799 1767 1129 1814 cordatioribus
1149 1768 1334 1833 phyficis
1373 1769 1497 1816 certi)
1529 1768 1669 1832 liquet
1691 1787 1701 1814 ε
1743 1777 1803 1814 10.
1834 1768 2035 1814 Planetas
2066 1767 2113 1813 in
2131 1786 2323 1833 corpora

489 1830 634 1875 nostra
655 1830 779 1877 nullo
814 1832 986 1878 influxu
1015 1850 1145 1896 agere
1164 1867 1176 1885 ‚
1210 1852 1300 1896 quo
1322 1833 1480 1899 poffint
1503 1834 1747 1880 naturalem
1774 1833 2075 1879 oeconomiam
2104 1832 2328 1880 ullatenus

489 1891 650 1941 fovere
669 1912 742 1941 aut
761 1913 1019 1960 pervertere
1042 1917 1052 1944 ε
1075 1907 1137 1943 20.
1158 1901 1420 1963 Utcumque
1450 1915 1579 1962 agere
1601 1898 1771 1963 pollent
1786 1932 1799 1951 ‚
1821 1898 1942 1944 nullo
1962 1896 2041 1943 nifi
2068 1915 2183 1944 caeco
2215 1898 2325 1945 fun-

492 1957 708 2005 damento
739 1961 822 2007 niti
843 1961 1081 2009 discrimen
1099 1997 1112 2015 ,
1141 1981 1233 2026 quo
1261 1963 1460 2010 diversos
1480 1963 1679 2010 Planetas
1705 1963 1868 2027 placuit
1890 1963 2134 2025 Astrologis
2168 1963 2326 2009 distin-

491 2039 631 2085 guere
656 2024 701 2069 in
719 2024 940 2090 benignos
962 2032 1009 2073 δε
1029 2028 1248 2091 malignos
1275 2047 1285 2074 ε
1320 2038 1381 2090 30.
1408 2032 1601 2074 Demum
1629 2028 1763 2074 etiam
1795 2027 1981 2073 admissa
2006 2027 2118 2073 vana
2150 2027 2201 2073 eri
2231 2029 2326 2074 dis-s

492 2087 710 2136 tinctione
745 2108 827 2137 nec
858 2092 1058 2139 Planetas
1089 2110 1170 2139 nec
1190 2093 1447 2139 plantarum
1474 2091 1712 2138 concursus
1730 2092 1820 2138 ulla
1840 2092 2014 2138 ratione
2040 2092 2246 2139 conferre
2265 2094 2322 2141 ad

494 2153 646 2199 morbi
665 2156 1006 2217 generationem
1023 2191 1037 2211 ‚
1056 2156 1080 2203 ὲ
1106 2175 1197 2222 quo
1218 2157 1297 2204 fibi
1319 2174 1478 2207 cavere
1492 2191 1506 2211 ‚
1537 2175 1672 2222 quem
1694 2156 1775 2203 fibi
1811 2173 2052 2222 procurare
2078 2157 2322 2223 unicuique

493 2215 598 2264 licet
608 2238 691 2284 pro
710 2220 871 2267 lubitu.

239 2300 294 2337 Π,
310 2297 367 2337 Ab
380 2300 451 2336 aa-
555 2284 719 2330 Puduit
738 2285 1029 2333 Medicorum
1046 2286 1289 2334 nonnullos
1306 2287 1432 2335 vanis
1453 2286 1793 2350 Astrologorum
1807 2283 2115 2332 assertionibus
2134 2285 2327 2337 nimium,

217 2353 266 2409 ris
292 2351 425 2410 vitiosa
497 2348 753 2404 confidere3
777 2351 898 2398 unde
916 2351 1081 2399 faetum
1118 2350 1204 2400 effe
1230 2353 1410 2400 videtur
1429 2387 1442 2405 ‚
1459 2369 1509 2399 ut
1525 2352 1708 2416 quidam
1739 2352 1949 2415 negletstis
1979 2350 2323 2414 Astrologorum

199 2415 435 2459 imernpene.
496 2412 673 2474 judiciis
701 2449 714 2467 ,
748 2416 806 2463 de
839 2417 1075 2478 quaestione
1109 2418 1285 2465 medica
1309 2423 1428 2479 juxta
1447 2434 1570 2464 certa
1602 2417 1705 2463 artis
1729 2417 1951 2462 axiomata.
1979 2417 2325 2466 convenientius

492 2475 710 2525 senserint
727 2514 739 2532 ‚
756 2481 907 2527 morbi
925 2482 1035 2529 novi
1055 2482 1228 2528 causam
1246 2483 1302 2528 ad
1321 2483 1591 2547 peculiarem
1610 2482 1719 2528 a‘e'ris
1734 2480 2048 2546 intemperiem
2066 2479 2323 2529 referendo<

278 2572 294 2598 1
304 2575 392 2612 497·
494 2543 568 2588 Sic
591 2543 720 2591 verbi
742 2545 883 2610 gratia
905 2563 1023 2592 anno
1053 2564 1186 2606 1497.
1211 2548 1428 2596 Nicolaus
1447 2547 1743 2598 Leonicenus‚
1765 2546 2028 2594 Vicentinus
2047 2579 2059 2597 ,
2079 2546 2127 2590 in
2145 2545 2322 2594 Libello

493 2608 544 2653 de
577 2610 737 2656 Morbo
773 2613 935 2657 Gallico
951 2650 966 2665 ,
999 2613 1226 2676 postquam
1255 2612 1458 2677 exposuit
1490 2613 1598 2658 hunc
1617 2611 1793 2657 morbum
1826 2626 1896 2657 aut
1930 2610 2080 2656 divina
2114 2609 2182 2655 ira
2214 2644 2228 2663 ,
2276 2626 2326 2658 ut

493 2672 689 2736 Theologi
701 2676 876 2734 sentiunt
907 2695 918 2721 ε
956 2691 1028 2722 aut
1063 2680 1112 2722 vi
1151 2676 1396 2735 Astrorum,
1429 2692 1472 2723 ut
1502 2676 1706 2739 Astrologi
1737 2679 1954 2739 opinantur
1980 2693 1993 2719 3
2025 2689 2094 2719 aut
2128 2691 2182 2719 ex
2210 2677 2326 2722 certi

491 2738 602 2780 ae'ris
619 2741 847 2800 intemperie
866 2778 881 2792 ,
910 2740 1239 2802 quemadmodum
1258 2743 1431 2788 Adedici
1457 2740 1744 2793 arbitrantur,
1769 2743 1930 2785 evenire
1946 2777 1962 2792 ,
1998 2737 2060 2783 it'a
2089 2738 2197 2786 inde
2220 2758 2323 2804 per-

488 2798 627 2862 ‚gebat
654 2821 666 2852 ·,
682 2808 777 2848 Nos
792 2810 858 2850 M
859 2805 985 2850 edicos
1004 2805 1084 2850 hac
1099 2808 1141 2850 in
1154 2819 1273 2868 parte
1278 2806 1484 2867 sequentes
1500 2805 1638 2863 causas
1651 2818 1799 2849 natura
1810 2806 2076 2867 proximiores
2104 2804 2320 2868 affignabi-

490 2880 589 2910 mus.
621 2868 738 2912 Illud
756 2869 860 2926 satis
897 2867 1043 2926 constat
1075 2886 1114 2913 eo
1139 2887 1272 2922 anno,
1306 2888 1380 2931 quo
1413 2868 1595 2917 Morbus
1612 2870 1798 2914 Gallicus
1824 2871 1939 2932 coepit
1960 2868 2199 2930 pullulare,
2230 2886 2322 2914 ma-

485 2943 613 2991 gnam
654 2949 855 2993 aquarum
882 2946 958 2996 per
985 2935 1217 2993 universam
1236 2936 1417 3043 §taliam
1437 2934 1555 2995 fuiffe
1585 2931 1904 2979 exuberantiam.
1936 2930 2140 2989 Testis..est
2161 2936 2322 2988 Romen

490 3010 574 3053 qua
598 3000 735 3056 prima
760 2997 808 3042 id
822 3000 971 3043 malum
984 2999 1107 3058 sensit
1126 3036 1140 3052 ‚
1159 3001 1200 3043 in
1219 3016 1244 3060 q
1273 2997 1300 3044 a
1316 2998 1468 3061 Tybris
1498 3004 1554 3045 ita
1575 2999 1759 3043 intumuit
1774 3035 1789 3050 ,
1820 3011 1863 3043 ut
1881 3012 1961 3042 tota
1977 2997 2034 3057 fit
2049 2997 2168 3055 fabia
2196 3001 2320 3042 navi-

483 3056 637 3117 gabilis
641 3092 816 3105 ......
847 3065 951 3106 Non
982 3065 1102 3108 aliter
1130 3060 1252 3125 quium
1282 3067 1324 3109 in
1341 3069 1517 3110 Romano
1536 3061 1686 3125 Tybris
1704 3100 1718 3116 ,
1746 3065 1790 3107 in
1824 3077 1919 3122 agro
1943 3064 2060 3105 etiam
2080 3064 2324 3122 Bononiensi

491 3121 656 3168 Rhenus
670 3161 685 3177 ,
705 3126 746 3168 in
780 3129 817 3170 F
820 3127 1037 3187 errariensi'
1059 3125 1109 3173 &¹
1130 3133 1373 3174 Mantuano
1392 3129 1531 3174 Padus
1547 3165 1563 3181 ,
1586 3130 1629 3172 in
1658 3131 1703 3171 V
1704 3121 1832 3171 enetia
1857 3124 2021 3183 Athesis
2045 3137 2166 3170 extra
2181 3127 2319 3185 solitos

490 3183 636 3234 limites
658 3188 934 3237 exundarant.
962 3193 1114 3239 Tantis
1139 3191 1307 3256 denique
1323 3191 1518 3241 imbribus
1531 3207 1659 3239 annus
1674 3192 1743 3238 ille
1763 3188 1906 3253 ubique
1931 3186 2091 3237 maduit
2105 3226 2122 3245 ,
2136 3204 2181 3238 ut
2197 3193 2321 3243 terris
