2477 3643
393 149 427 196 ᾗ
739 129 848 174 DE
928 126 1312 177 MORB1S
1390 133 1921 183 VENEREI&

620 217 709 260 Cur
722 212 875 277 supera
903 211 1043 277 bellum
1071 212 1311 261 Thebanum
1330 213 1549 332 &dimna
1575 220 1710 276 Trojae
1726 256 1742 274 ,

620 283 726 324 Non
757 282 862 325 alias
891 280 965 324 alii
997 295 1152 340 qnoque
1177 294 1238 323 res
1263 295 1329 323 cec
1362 334 1367 339 Ι
1418 296 1438 323 e
1462 282 1628 329 Pob'tae?

399 340 472 390 Sic
503 342 634 389 nobis
671 361 852 408 quoque
877 358 1143 406 argumento
1178 341 1309 388 fimili
1329 375 1341 394 ‚
1364 346 1511 406 nequ'e
1539 344 1682 390 minus
1714 344 1847 392 firmo
1869 345 2116 393 novitatem
2141 345 2227 395 luis

399 425 601 456 venerea*
633 409 898 456 confirmare
925 408 1062 460 licet3
1093 424 1255 471 nempe
1287 406 1317 452 [ι
1338 425 1491 455 recens
1513 425 1605 455 non
1630 409 1715 455 fuit
1740 415 1932 474 genitalis
1961 417 2067 475 origo
2097 411 2226 473 hujus

396 472 480 518 luis
495 506 507 525 ‚
530 473 560 518 fi
579 475 777 538 impurus
804 474 881 521 ille
896 473 1076 519 morbus
1094 472 1336 535 antiquitus
1350 472 1495 535 viguit
1507 507 1520 526 ,
1536 490 1584 519 ut
1601 492 1717 520 nunc
1732 507 1745 526 ‚
1765 493 1841 520 cur
1859 476 2058 526 Medici,
2078 477 2228 523 Histo-

397 538 508 590 rici,
529 542 672 585 Po'e'tae
691 555 862 586 veteres
877 573 890 592 ,
913 538 991 602 qui
1009 538 1067 585 de
1085 536 1332 584 levioribus
1360 543 1406 583 δε
1434 539 1674 585 rarioribus
1694 540 1864 585 morbis
1881 541 2019 586 multa
2040 540 2227 594 habent,

396 603 643 651 immanem
665 603 792 650 illum
827 609 874 651 δε
900 601 1304 651 communiffimum
1333 601 1540 649 &festum
1568 603 1689 668 quali
1717 621 1771 652 ex
1802 608 2036 670 compasto
2066 621 2225 653 omnes

396 667 635 716 filuiffent?

115 762 185 801 IV·
220 759 344 797 Testi„
463 734 670 781 Tandem
698 734 919 798 possumus
938 733 985 779 in
1016 732 1333 795 probationem
1363 733 1588 782 adducere
1608 732 1917 780 auCtoritatem
1936 734 2226 782 Medicorum

117 813 244 851 monio
261 814 345 850 Me·
396 801 602 846 omnium
622 833 635 852 ,
659 800 737 863 qui
757 798 836 846 sub
856 797 1050 861 ingressu
1074 797 1157 844 luis
1180 816 1381 847 venereae
1402 798 1556 846 vixere
1576 833 1589 851 ,
1610 803 1656 843 &
1675 815 1866 861 quorum
1888 800 2086 844 unanimi
2106 801 2226 846 testi-

114 865 286 924 dicofum
398 865 554 911 monio
596 866 761 911 constat
812 863 1024 910 morbum
1067 863 1185 909 hunc
1234 864 1283 910 in
1323 866 1547 927 Europam
1593 862 1786 927 primum
1829 862 2061 909 inductum
2098 863 2225 912 fuisse

114 930 281 1004 otnngun
310 947 320 962 ⁸
395 944 588 976 exeunte
611 929 765 976 saeculo
785 929 963 976 decimo
981 928 1140 992 quinto
1160 947 1172 982 ·,
1194 946 1295 974 cum
1326 928 1448 974 nullo
1467 929 1554 973 alio
1574 927 1765 979 morbo,
1786 928 1864 990 qui
1885 927 1994 973 olim
2022 930 2229 992 cognitus

115 982 182 1058 {Igu
206 980 333 1060 57³3]
395 992 534 1041 fuerit
548 1028 561 1047 ‚
579 1010 653 1040 aut
669 995 913 1058 antiquitus
934 992 1194 1039 observatus
1209 1025 1220 1044 ‚
1241 992 1332 1038 ullo
1359 991 1499 1038 modo
1522 993 1794 1046 convenire3
1818 991 1842 1037 εὶ
1863 996 2023 1055 Regno
2042 997 2229 1058 Neapo-

116 1073 287 1123 suppares
338 1049 346 1059 ‘
392 1058 535 1106 litano
557 1095 570 1113 ‚
590 1059 667 1105 ubi
703 1058 897 1124 primum
930 1058 1081 1104 Gallos
1114 1063 1160 1104 δέ
1189 1057 1515 1123 Neapolitanos
1546 1055 1731 1109 invasit,
1756 1056 1804 1102 in
1839 1072 2010 1102 caeteras
2041 1062 2227 1123 Europae

116 1126 299 1168 vaetunt.
382 1118 494 1171 >oras
514 1125 785 1188 contagione
809 1124 945 1188 longe
965 1123 1138 1185 lateque
1160 1138 1451 1186 propagatum
1481 1121 1594 1175 esl'e3
1615 1122 1797 1169 demum
1830 1121 1854 1166 a
1875 1121 2092 1168 militibus
2122 1123 2228 1169 His-

391 1190 517 1255 panis
534 1224 545 1243 ,
573 1191 651 1255 qui
682 1191 730 1236 in
761 1190 898 1236 Indiis
917 1188 993 1235 sub
1019 1187 1346 1251 Christophoro
1369 1186 1598 1233 Columbo
1619 1201 1873 1233 meruerant
1891 1220 1903 1239 ‚
1923 1186 2080 1232 malam
2109 1188 2223 1235 hanc

391 1272 591 1302 mercem
623 1254 868 1322 Neapolim
893 1253 1137 1302 tradit-stam
1167 1250 1295 1300 fuilse
1319 1271 1328 1299 ε
1350 1251 1425 1299 sed
1443 1252 1499 1299 de
1516 1251 1583 1299 his
1602 1250 1855 1318 singulatim
1885 1255 1931 1298 &
1956 1249 2050 1298 fuse
2082 1252 2129 1300 in
2154 1252 2224 1309 see

391 1320 651 1386 quentibus.
1165 1325 1168 1328 ⁴

941 1469 1421 1562 CAPUT
1552 1504 1686 1560 11.

391 1626 725 1700 Explicantur
746 1627 941 1697 aliquot
966 1636 1192 1681 Veterum
1213 1627 1315 1677 loca
1335 1666 1349 1687 ,
1369 1644 1469 1697 quae
1481 1624 1767 1701 detorqueri
1773 1622 1948 1695 sblem
1962 1664 1979 1687 ,
1997 1638 2048 1678 ut
2062 1622 2122 1677 de
2144 1622 2224 1679 lue

1005 1698 1220 1752 venered
1256 1703 1628 1772 intelligantur.

141 1849 345 1903 Explican-
536 1827 583 1870 U
602 1839 632 1870 A
650 1842 687 1870 M
703 1841 739 1878 Q
753 1841 781 1871 u
801 1840 831 1872 A
852 1839 889 1870 M
931 1824 1127 1872 rationes
1142 1858 1155 1877 ,
1182 1843 1289 1889 quas
1313 1826 1452 1872 modo
1488 1825 1799 1892 proposuimus
1818 1859 1831 1879 ‚
1854 1825 2098 1873 maximum
2126 1835 2230 1873 mo-'

119 1913 182 1940 tur
204 1906 285 1939 loca
313 1902 349 1939 in
537 1904 738 1936 mentum
767 1889 933 1937 habere
963 1891 1229 1943 videantur,
1251 1891 1372 1937 haud
1395 1890 1554 1938 desunt
1579 1909 1728 1939 tamen
1759 1891 1837 1955 qui
1865 1892 1912 1937 in
1950 1891 2226 1939 contrarium

121 1955 329 2012 nqvitatem
399 1970 602 2018 pugnent
633 1954 968 2001 auetoritatibus
998 1961 1043 2002 δέ
1072 1956 1371 2018 argumentis:
1397 1957 1731 2003 auCtoritatibus
1765 1956 1977 2020 quidem,
2010 1972 2058 2002 ut
2083 1959 2228 2003 osten-

120 2005 190 2042 ¹u¹⁵
217 2018 323 2094 Vlelne·
401 2018 509 2064 dant
532 2019 652 2066 luem
671 2036 909 2066 veneream
929 2019 983 2065 ab
1005 2019 1211 2083 Antiquis
1231 2020 1338 2066 olim
1367 2022 1593 2083 cognitam
1622 2020 1746 2067 fuiffe
1767 2040 1777 2074 ·‚
1796 2022 2064 2083 argumentis
2088 2022 2228 2077 vero,

115 2070 326 2149 ἔῗνέωἰῑῑῗ
401 2099 452 2130 ut
470 2084 664 2147 probent
693 2083 747 2129 ab
764 2084 924 2131 iisdem
938 2084 1047 2130 olim
1068 2083 1279 2148 cognosci
1300 2084 1512 2133 debuilse.
1552 2092 1703 2149 Itaque
1720 2085 1859 2148 exigit
1882 2086 2068 2131 in'stituti
2083 2087 2230 2150 operis

117 2160 200 2204 bus.
403 2149 518 2195 ratio
536 2183 548 2201 ,
569 2166 616 2195 ut
636 2148 833 2212 utrisque
855 2148 1163 2196 satisfaciamus
1183 2183 1195 2201 ‚
1230 2150 1563 2197 auetoritatibus
1588 2152 1667 2197 isto
1685 2186 1697 2204 ‚
1728 2150 1996 2213 argumentis
2015 2150 2229 2214 sequente

402 2213 561 2278 capite.
610 2214 720 2261 Inde
748 2215 848 2261 sane
865 2248 878 2268 ,
897 2214 974 2261 ubi
1006 2213 1139 2263 semel
1167 2214 1445 2262 manifestum
1473 2216 1547 2263 fiet
1565 2250 1579 2269 ,
1609 2216 1745 2279 quam
1779 2215 1898 2261 futili
1929 2213 2228 2263 fundamento

400 2278 676 2340 objedtiones
702 2279 900 2326 nitantur
918 2313 931 2334 ‚
962 2298 1081 2327 nova
1113 2297 1260 2343 neque
1291 2280 1497 2346 profedko
1518 2282 1679 2346 exigua
1712 2279 1995 2327 confirmatio
2017 2281 2228 2336 veritati,

400 2361 533 2408 quam
567 2362 897 2409 propugnamus
918 2379 930 2398 ,
958 2343 1175 2391 acceffura
1201 2346 1273 2391 est.

145 2420 175 2456 Ι.
198 2422 252 2460 Ex
265 2425 349 2460 Me-
462 2413 495 2454 Ι.
529 2409 769 2457 Proferunt
788 2410 910 2456 varia
928 2409 1212 2474 Hippocratis
1228 2410 1326 2455 loca
1344 2443 1356 2462 ,
1377 2410 1646 2475 potissimum
1671 2428 1725 2458 ex
1744 2413 1858 2457 tertio
1890 2411 2195 2475 Epidemiorttm
2209 2450 2226 2466 ,

120 2471 208 2509 dicis
223 2501 235 2518 ‚
251 2489 349 2533 nem-
390 2474 486 2534 fill.
508 2495 538 2533 3.
563 2473 723 2537 quibus
741 2490 896 2540 putant
912 2475 1033 2521 luem
1054 2492 1292 2521 veneream
1326 2475 1535 2540 graphice
1554 2474 1748 2522 describi
1768 2510 1782 2528 ,
1802 2475 1902 2522 cum
1931 2474 1996 2521 ibi
2015 2477 2137 2522 varia
2161 2494 2229 2523 re·-

120 2537 220 2611 ἔξω(
245 2529 346 2601 HJP‘
402 2538 660 2585 censeantur
679 2539 996 2604 symptomata,
1021 2557 1114 2603 quae
1133 2540 1181 2586 in
1196 2539 1269 2586 lue
1288 2541 1482 2587 venerea
1498 2539 1641 2587 solent
1660 2539 1919 2592 observari,
1938 2556 1986 2586 ut
2010 2541 2228 2588 fluxiones

119 2588 144 2628 Ρ
173 2589 297 2619 ‘me'
401 2603 459 2649 ad
487 2603 724 2666 pudenda,
754 2605 1134 2656 exulcerationes,
1161 2604 1391 2651 tubercula
1423 2606 1541 2651 circa
1566 2606 1751 2668 inguina
1779 2640 1792 2658 ‚
1823 2605 1995 2670 pustulae
2025 2623 2193 2668 magnae
2214 2639 2228 2658 ‚

401 2667 623 2732 serpentia
643 2669 792 2715 ulcera
816 2670 1009 2732 maligna
1023 2703 1035 2721 ,
1062 2668 1180 2715 sacer
1200 2670 1314 2732 ignis
1333 2687 1433 2716 cum
1456 2670 1583 2717 valde
1608 2670 1754 2734 parvis
1772 2669 2001 2716 ulcusculis
2018 2703 2031 2722 ,
2054 2669 2225 2717 absces-

399 2733 468 2778 sus
496 2739 541 2780 6<
571 2732 902 2796 suppurationes
924 2768 936 2787 ‚
960 2733 1114 2780 ossium
1146 2740 1192 2779 &
1214 2752 1457 2780 nervorum
1486 2752 1540 2781 ex
1566 2734 1821 2781 decidentia
1851 2751 2018 2796 magnae
2050 2736 2228 2781 mutila-

400 2798 570 2849 tiones,
594 2798 733 2843 fluxio
760 2799 944 2844 collecta
973 2799 1071 2863 puri
1099 2815 1192 2843 non
1225 2798 1373 2845 similis
1407 2799 1482 2845 sed
1502 2800 1700 2845 deterior
1732 2817 1841 2863 pure
1858 2833 1870 2851 ,
1901 2798 2129 2862 glabrities
2152 2818 2228 2847 ca.-

399 2863 502 2926 pitis
529 2868 574 2908 δε
593 2863 734 2908 menti
751 2881 852 2908 cum
868 2861 998 2909 febre
1018 2862 1089 2909 vel
1114 2861 1203 2908 fine
1232 2861 1360 2909 febre
1377 2896 1389 2915 ‚
1406 2862 1618 2910 absceffus
1637 2864 1753 2910 circa
1777 2864 1957 2916 dentes,
1980 2869 2067 2910 &c-

465 2927 552 2973 Sed
590 2937 649 2973 10.
680 2927 902 2975 Videntur
921 2927 998 2990 qui
1030 2927 1131 2975 talia
1151 2927 1379 2974 adducunt
1397 2962 1409 2980 ‚
1432 2928 1601 2974 causam
1624 2928 1743 2974 suam
1768 2929 1841 2977 vel
1869 2928 1975 2975 ideo
2004 2928 2197 2993 prodere
2213 2961 2228 2981 ‚

394 2993 523 3057 qubd
554 2993 743 3039 audeant
770 2993 1056 3058 Hippocratis
1086 2992 1340 3039 testimonio
1368 3008 1457 3039 tam
1493 2994 1685 3058 captiose
1708 2993 1847 3040 abuti.
1887 2994 2075 3040 Nullum
2106 2992 2228 3039 enim

396 3058 548 3105 locum
571 3059 795 3121 integrum
823 3058 1077 3123 producunt
1095 3091 1108 3110 ‚
1137 3058 1214 3121 qui
1234 3058 1319 3104 una
1337 3063 1383 3104 ὃ(
1410 3059 1668 3106 continente
1695 3059 1804 3107 serie
1821 3059 2016 3121 legatur,
2033 3062 2079 3102 δε
2104 3057 2226 3104 unde

398 3140 552 3169 veram
589 3123 876 3186 Hippocratis
902 3139 1097 3169 mentem
1119 3122 1250 3169 liceat
1281 3140 1438 3169 eruere
1456 3142 1465 3168 t
1486 3122 1561 3170 sed
1592 3141 1646 3169 ex
1681 3124 1909 3187 discerptis
1930 3155 1942 3173 ‚
1968 3120 2225 3185 inutilisque

396 3188 622 3258 periodis?
650 3187 754 3238 hinc
777 3193 821 3237 δε
853 3187 978 3250 illinc
1010 3186 1301 3238 membratim
1327 3188 1521 3238 conectis
1553 3204 1792 3240 centonem
1821 3186 2129 3239 consarcinant
2144 3219 2158 3241 ,
2177 3200 2226 3232 ut
