2477 3643
489 162 581 208 402
833 139 2005 198 DE‘MORBISVENER'MS.

488 241 706 276 veteraras
729 226 879 277 valere
904 227 1031 295 suprd
1056 227 1248 276 diximus
1263 233 1328 276 Ca
1362 231 1413 275 ite
1426 227 1696 293 praecedente,
1720 240 1758 291 §.
1783 247 1812 280 1.
1836 228 2204 296 quandoquidem
2230 233 2321 285 haec

489 291 658 355 singula
700 292 931 341 latioribus
968 290 1195 341 emissariis
1236 241 1371 340 coniii
1392 292 1532 340 andis
1568 297 1615 340 &
1643 295 1918 344 ‘coercendis
1952 294 2164 362 aptiffima
2205 299 2320 348 sunt.

490 356 639 406 Velim
661 373 810 406 tamen
829 391 841 410 ‚
863 375 919 406 ne
933 374 1021 421 qua
1039 374 1153 404 noxa
1173 356 1299 420 posfit
1316 311 1476 405 instinxi
1492 391 1504 409 ‚
1518 373 1566 404 ut
1584 357 1608 404 εὶ
1627 355 1938 408 blandioribus
1958 360 2166 408 remediis
2184 363 2324 412 istius..

490 422 619 469 modi
637 421 711 469 fiat
732 423 786 469 ad
806 421 999 469 fortiora
1016 421 1264 485 progressus
1279 455 1294 476 ,
1315 427 1361 470 &
1380 421 1596 477 fortiora,
1614 421 1646 469 si
1665 440 1719 471 ex
1738 423 1816 472 usu
1832 425 1916 472 sint
1930 457 1943 478 ‚
1965 426 2090 473 caute
2112 430 2158 473 &
2177 427 2322 477 inter-

490 488 607 551 jetsto
628 486 767 554 spatio
788 502 1057 552 repetantur.

493 628 531 678 §.
565 622 654 665 IV.
688 619 917 669 NODI,
959 616 1338 668 GANGLIA,
1372 617 1783 665 TUBERCUL
1804 618 1871 671 A,
1905 620 2318 674 GUMMATA,

243 750 314 789 IV.
330 747 448 808 Nodi,
550 750 569 792 1
586 750 640 792 V.
673 744 802 793 Nodi
818 778 830 797 ‚
857 744 1034 810 ganglia
1049 779 1061 797 ‚
1091 744 1322 792 tubercula
1338 779 1350 798 ‚
1372 762 1599 809 gummara
1618 751 1707 793 &c.
1729 745 2003 793 medicinam
2020 766 2201 797 omnem
2222 751 2323 815 ple-

215 802 450 888 g²¹³g¹}²›t¹²·
493 828 680 874 rumque
709 812 894 857 vincunt
913 845 925 864 ,
958 808 1196 875 praesertirn
1215 809 1245 855 fi
1275 810 1605 874 hydrargyrosis
1623 816 1711 873 jam
1740 810 1898 857 frustra
1919 811 2121 859 adhibita
2151 814 2319 863 fuerit:

214 854 407 943 bitsssgss
492 879 657 939 Neque
676 876 795 922 enim
816 877 1063 923 valentiora
1084 877 1280 939 reperire
1299 877 1357 922 est
1374 875 1572 922 remedia
1588 910 1600 928 ,
1621 893 1716 940 quae
1737 877 1972 941 impastam
1991 878 2206 943 limpham
2227 879 2321 928 effi-

215 917 241 957 g
411 933 419 941 ⁹
492 940 635 987 caciiis
655 941 829 1005 liquent
845 975 857 994 ‚
883 958 956 987 aut
974 940 1254 1005 liquefacstam
1276 940 1501 1005 potentius
1523 940 1757 988 resolvant.

214 1027 346 1067 Iisdem
382 1043 443 1070 re,
552 1005 729 1053 Profuit
757 1023 904 1053 tamen
931 1007 1173 1070 aliquando
1202 1006 1280 1052 diu
1319 1012 1364 1053 δέ
1396 1007 1683 1071 pertinaciter
1710 1005 1957 1053 adhibuisse
1987 1006 2286 1056 medicamina
2306 1041 2323 1063 ,

213 1081 339 1118 mediis
375 1095 443 1119 cu-
491 1087 585 1134 quae
604 1071 728 1136 supra
744 1073 986 1137 praecedente
1003 1077 1167 1136 Capite,
1186 1081 1221 1128 ξ.
1242 1089 1299 1117 12..
1319 1089 1474 1118 contra
1492 1073 1672 1118 strumas
1686 1071 1833 1118 facere
1844 1071 2013 1118 dieium
2030 1071 2115 1118 fuit
2133 1107 2146 1125 ,
2168 1078 2213 1119 ὃ(
2229 1092 2322 1121 em·

209 1145 347 1175 rav-rtur,
364 1135 446 1187 qui·
489 1136 695 1199 plastrum
708 1137 765 1184 de
782 1138 957 1200 Vigone
971 1136 1309 1201 quadruplicato
1330 1138 1563 1184 Mercurio
1580 1171 1592 1190 ,
1606 1137 1747 1183 modo
1766 1135 1908 1182 solum
1924 1170 1937 1189 ‚
1962 1137 2101 1183 modo
2113 1156 2213 1184 cum
2226 1139 2322 1186 dia-

211 1185 278 1277 ib?
307 1186 442 1240 herpe-
488 1201 658 1249 botano
680 1203 959 1268 permistum3
991 1202 1064 1248 vel
1088 1218 1266 1249 tenuem
1287 1202 1507 1248 lamellam
1533 1202 1786 1267 plumbeam
1813 1201 2094 1265 hydrargyro
2111 1204 2317 1266 quotidie

268 1265 277 1276 ”
486 1266 647 1314 illitam
668 1267 911 1333 apposuisse
927 1302 940 1321 ,
961 1267 1152 1313 maxime
1173 1266 1202 1312 si
1231 1268 1342 1313 nodi
1363 1273 1407 1314 δε
1429 1268 1602 1332 ganglia
1633 1267 1759 1314 molli
1779 1266 1855 1314 sed
1883 1267 2040 1313 iterata
2070 1272 2322 1316 contreeta-

488 1332 614 1379 tione
634 1333 836 1397 quotidie
858 1334 919 1379 ita
950 1332 1066 1398 prius
1088 1348 1334 1381 atterantur
1349 1366 1362 1388 ,
1379 1349 1426 1379 ut
1446 1331 1622 1380 subaCta
1638 1332 1844 1380 materies
1867 1332 2076 1380 remediis
2103 1332 2323 1381 solventi-

487 1396 568 1444 bus
589 1396 761 1444 facilius
781 1397 969 1462 obsequi
991 1397 1132 1462 postir-

550 1463 639 1510 Sed
661 1464 734 1509 vix
755 1466 906 1509 austor
926 1461 1010 1510 esse
1041 1463 1178 1510 velim
1194 1495 1205 1515 ‚
1238 1477 1286 1508 ut
1307 1462 1491 1509 torturis
1512 1460 1758 1508 istiusmodi
1783 1460 2018 1526 quisquam
2040 1478 2188 1509 utatur
2204 1496 2216 1515 ‚
2239 1462 2318 1510 niss

486 1525 587 1573 cum
608 1528 716 1574 nodi
738 1563 750 1583 ,
772 1529 949 1592 ganglia
967 1562 979 1581 ‚
1002 1544 1318 1592 gummataque
1337 1527 1409 1575 vel
1427 1528 1546 1574 mole
1566 1544 1732 1573 nocent
1754 1544 1929 1573 artuum
1959 1528 2102 1574 motui
2122 1562 2135 1579 ,
2154 1529 2226 1574 vel
2249 1527 2320 1575 fa-

484 1592 572 1639 ciei
596 1611 895 1658 manuumque
918 1595 1191 1641 venustatem
1212 1593 1466 1658 deturpant.
1507 1595 1731 1639 Caeterum
1749 1592 1927 1655 quoties
1946 1609 2092 1656 neque
2114 1591 2323 1641 officiunt

483 1657 576 1703 ullo
596 1659 734 1704 modo
755 1693 766 1711 ,
797 1659 890 1705 imo
919 1676 1064 1722 neque
1096 1657 1334 1722 conspicua
1362 1658 1462 1704 sunt
1482 1692 1494 1711 ‚
1527 1657 1551 1703 a
1573 1657 1784 1705 remediis
1814 1657 2152 1722 temperandum
2174 1674 2283 1723 puto
2304 1691 2320 1711 ‚

483 1723 558 1769 vel
577 1723 682 1769 ideo
707 1724 898 1770 maxime
917 1725 1039 1788 quod
1059 1741 1152 1770 non
1172 1723 1304 1770 semel
1323 1722 1611 1769 observatum
1637 1720 1686 1767 lit
1704 1738 1932 1785 gummata
1961 1721 2227 1786 gangliaque
2246 1740 2322 1770 re-

482 1787 642 1834 mediis
663 1794 708 1834 &
731 1788 969 1851 praesertim
991 1789 1257 1836 fortioribus
1289 1787 1573 1835 friciionibus
1595 1786 1708 1834 male
1744 1786 1899 1834 habita
1933 1787 1982 1834 in
2018 1787 2323 1841 carcinomata

487 1851 788 1917 degenerasse.

220 2054 266 2090 V.
281 2051 438 2090 Exosto-
545 2050 601 2093 V.
640 2046 779 2110 Suprci
802 2051 910 2110 Cap.
933 2065 964 2105 3.
986 2052 1020 2100 ξ.
1043 2062 1073 2106 5.
1096 2045 1321 2090 statuimus
1341 2045 1432 2091 duo
1451 2045 1536 2092 effe
1556 2044 1696 2109 prima
1712 2042 1972 2089 exostofium
1991 2060 2158 2106 genera
2173 2077 2186 2097 ‚
2205 2044 2321 2093 alte-

205 2103 438 2163 se⁵85⁶³fflm
484 2126 583 2155 rum
600 2107 844 2175 spuriarum
858 2144 870 2162 ‚
887 2126 981 2173 quae
999 2109 1022 2153 a
1039 2109 1247 2172 periostio
1263 2110 1311 2155 in
1330 2109 1491 2155 durum
1508 2108 1734 2172 ganglium
1755 2107 1843 2153 sive
1863 2107 2145 2154 tuberculum
2165 2110 2320 2165 craffe-

206 2156 352 2208 (μηδ’
480 2173 625 2229 fast03
650 2176 841 2222 alterum
860 2174 1160 2238 legitimarum
1175 2208 1187 2226 ‚
1209 2192 1302 2238 quae
1324 2174 1379 2219 ab
1401 2174 1492 2238 ipsa
1512 2173 1609 2220 offis
1632 2171 1864 2219 substantia
1887 2172 2124 2219 tumefasta
2145 2174 2321 2238 depen-

481 2240 617 2288 deant
636 2260 645 2286 :
668 2245 769 2287 Hoc
809 2240 953 2286 rursus
973 2239 1020 2285 in
1037 2238 1144 2284 duas
1163 2237 1327 2302 species
1346 2238 1609 2285 secundario
1628 2237 1799 2289 dividi,
1834 2254 1967 2301 prout
1985 2237 2102 2285 offea
2120 2238 2318 2286 substan-

483 2307 544 2352 tia
564 2340 576 2359 ,
596 2324 690 2371 qua:
708 2305 756 2351 in
776 2304 1003 2352 exostosim
1022 2302 1312 2369 pptuberat‚
1342 2304 1414 2351 vel
1446 2304 1493 2349 in
1529 2304 1676 2368 plures
1709 2301 1887 2349 cellulas
1922 2305 2317 2353 concameratione

479 2371 766 2436 distinguitur
781 2404 795 2423 ‚
828 2387 924 2434 quae
946 2367 1121 2432 fingulae
1144 2369 1431 2431 cartilaginea
1451 2383 1525 2415 aut
1558 2367 1746 2430 fungosa
1770 2385 1904 2415 carne
1927 2369 2191 2433 oppleantur
2208 2402 2223 2424 ‚
2243 2370 2319 2418 vel

478 2453 535 2484 ex
555 2452 653 2484 toto
674 2436 816 2482 solida
833 2437 891 2483 est
903 2469 915 2487 ‚
934 2434 1027 2481 imo
1045 2433 1219 2498 reliquo
1248 2433 1338 2481 offe
1354 2434 1616 2499 plerumque
1634 2432 1806 2478 durior.

544 2502 693 2549 Prima
713 2500 975 2549 exostofium
994 2498 1157 2563 species
1175 2498 1492 2564 hydrargyrofi
1511 2498 1631 2546 haud
1661 2497 1790 2550 rarb3
1817 2497 2035 2560 postrema
2062 2495 2157 2544 fere
2181 2514 2317 2544 num-

476 2583 613 2631 quam
632 2565 884 2615 discutitur.
922 2563 1126 2612 Secunda
1146 2564 1348 2611 medium
1372 2580 1496 2611 tenet
1512 2599 1525 2617 ,
1554 2580 1602 2610 ut
1630 2580 1725 2627 quae
1745 2561 1906 2608 discuti
1926 2561 2063 2608 soleat
2079 2595 2093 2614 ,
2123 2561 2153 2607 fi
2176 2580 2317 2626 parva.

479 2637 527 2679 δε
549 2650 700 2680 recens
716 2631 854 2679 fuerit
872 2665 884 2684 ‚
915 2630 945 2676 fi
968 2628 1202 2694 spongiosi
1231 2629 1623 2675 concameratione
1653 2629 1847 2679 constet,
1876 2625 1905 2672 si
1926 2627 2184 2672 molliorem
2213 2644 2315 2672 car-

478 2714 583 2743 nem
605 2697 868 2752 concludat3
897 2695 961 2742 fin
979 2695 1103 2742 aliter
1120 2727 1134 2747 ,
1155 2692 1364 2742 adversus
1383 2694 1525 2760 ipsum
1545 2692 1765 2741 Mercurii
1796 2691 1920 2739 usum
1939 2690 1989 2737 fit
2009 2706 2056 2737 ut
2071 2690 2321 2757 plurimum.

245 2839 400 2877 Curatio
481 2778 961 2874 coxizlinaexizuccefferit
978 2839 1027 2871 ut
1055 2820 1317 2871 exostofium
1336 2821 1425 2868 ulla
1452 2820 1581 2868 ullibi
1601 2820 1780 2886 superfit
1802 2821 1896 2885 post
1924 2819 2311 2884 hydrargyrofim,

202 2891 434 2933 *KQstOfium
478 2895 675 2956 praestare
692 2908 801 2958 puto
819 2889 1017 2956 quandiu
1036 2889 1241 2935 indolens
1260 2885 1397 2934 fuerit
1420 2920 1431 2939 ,
1453 2886 1602 2934 omitti
1620 2885 1709 2933 fine
1729 2884 1938 2932 remediis
1956 2920 1968 2939 ‚
1988 2885 2122 2950 quam
2147 2903 2312 2951 opero-

478 2957 639 3004 fior-em
670 2957 940 3005 medicinam
967 2954 1129 3002 morbo
1153 2951 1476 3000 immedicabili
1504 2969 1603 2999 cum
1627 2951 1751 2998 nullo
1776 2951 1848 2997 vel
1871 2968 1973 2996 cum
1999 2950 2188 2997 minimo
2215 2945 2310 2996 suc-

477 3021 593 3071 ceffu
607 3022 829 3069 adhiberi.
863 3023 940 3068 Sin
958 3038 1102 3067 tamen
1121 3018 1351 3084 aegroranti
1368 3017 1496 3064 aliter
1512 3017 1717 3064 videatur
1732 3050 1744 3069 ‚
1766 3015 1992 3063 adversari
2012 3015 2152 3061 nolim
2168 3048 2180 3067 ,
2198 3012 2306 3077 quin

476 3107 530 3137 ea
550 3103 690 3135 tentet
714 3087 908 3133 remedia
924 3121 936 3140 ,
956 3086 1117 3133 fiducia
1136 3101 1285 3132 tamen
1303 3083 1378 3130 sua
1392 3117 1405 3136 ‚
1425 3100 1519 3148 qua:
1538 3082 1723 3147 fiaepr315.
1752 3098 1766 3126 1
1779 3115 1788 3126 .
1805 3086 1851 3128 ὃς
1871 3100 1915 3140 4.
1934 3081 2063 3128 allata
2089 3078 2187 3125 sunt
2206 3093 2306 3124 tan-

476 3171 610 3223 quam
630 3150 825 3200 efficacia
843 3169 997 3197 contra
1018 3152 1190 3198 testium
1208 3148 1411 3196 skirrhos
1427 3164 1741 3211 gummataque
1761 3147 2018 3209 quatumvis
2035 3144 2243 3214 partiumt

542 3220 606 3263 2⁰.
647 3223 709 3266 At
729 3217 837 3272 veti)
859 3215 891 3263 sl
914 3214 1117 3270 exostofis
1132 3248 1147 3274 ³
1181 3231 1276 3282 quae
1305 3211 1514 3268 adversus
1531 3210 1892 3280 hydrargyrosirn
1917 3223 2155 3259 contumax
2180 3205 2268 3254 fuit
2280 3216 2303 3275 ς’
