2477 3643
410 117 502 160 280
760 104 1307 157 DEMoassrs
1372 69 1865 155 vENERtis.

128 207 344 248 excrescen-
409 187 609 252 ejusdem
633 186 778 235 limbo
807 188 852 234 in
882 187 1015 240 viris·,
1045 187 1090 233 in
1123 182 1309 231 faeminis
1339 181 1450 229 verb
1478 182 1524 228 in
1554 198 1654 228 toto
1685 184 1828 230 vulvae
1858 181 2060 237 ambitu,
2087 183 2252 233 vai-HD

131 263 180 299 tia
210 260 364 313 papilla-

130 326 213 351 rum
257 323 363 350 cuta-

131 377 292 406 neaxuin.

168 1371 283 1417 'Quae
311 1375 382 1417 pa-

147 1424 246 1475 pina
277 1417 361 1455 idea»

143 1471 384 1528 excrescunt3

148 1527 252 1578 quod
296 1532 386 1559 earu

146 1579 244 1617 bafis
268 1574 386 1613 occal—

148 1632 264 1670 lescat
278 1638 383 1666 enet-

151 1685 213 1737 gia
252 1691 382 1719 conta-

151 1738 204 1790 gii
233 1732 385 1775 venerei.

181 2074 392 2115 ‘Velrecens

153 2127 356 2169 concubitu

156 2177 394 2224 admiffi,vel

157 2235 177 2273 Ξι
224 2232 392 2283 sanguine

157 2286 297 2322 dudum
334 2283 391 2319 ir.-

159 2337 262 2376 ἱεᾶο
303 2335 391 2372 sub-

159 2388 363 2427 ministrati.

191 2649 300 2692 Unde
326 2659 395 2699 pro

165 2714 320 2742 numero
339 2713 399 2750 pa·

167 2757 335 2807 pillarum
361 2779 372 2795 ,

167 2822 245 2859 qissae
260 2805 396 2843 affic'sl‘

168 2871 312 2904 tut‚aut
331 2869 399 2907 pto

170 2914 291 2963 gradu
324 2921 400 2958 quo

171 2962 401 3001 occallesct'lt,

174 3014 316 3054 diversa
358 3025 400 3048 e-

176 3066 308 3116 mergit
335 3079 400 3102 ex-

176 3117 389 3154 crescentia-

172 3181 260 3213 Jum
285 3167 405 3214 facies.

412 272 499 318 que
523 253 837 320 prominentiis
856 285 869 304 ,
899 269 994 317 quae
1012 252 1056 296 in
1087 248 1220 295 vulva
1248 246 1495 312 conspicuat
1522 246 1622 293 sunt
1639 282 1653 300 ,
1679 265 1728 296 vt
1748 249 1796 295 in
1818 248 2022 313 nymphis
2041 283 2054 302 ,
2082 267 2247 297 carun·-

416 319 525 367 culis
545 317 904 381 myrtiformibus
926 351 938 369 ,
967 314 1177 361 clitoride
1214 312 1523 375 clitoridisque
1546 314 1773 377 praeputio.
1811 314 2010 359 Prostant
2037 332 2161 378 pares
2191 315 2248 361 fi-

416 383 632 448 milesque
659 383 824 449 papillae
841 387 888 426 ὃῑ
915 382 962 426 in
988 380 1060 426 ani
1087 377 1293 424 confiniis
1312 410 1328 430 ,
1347 382 1393 423 &
1423 377 1470 423 in
1494 395 1786 425 mammarum
1811 378 1984 443 papillis
2001 411 2016 432 ,
2040 379 2247 445 areisque

417 450 600 516 papillas
632 446 930 510 cingentibus.

477 516 599 562 Sicut
629 530 738 576 ergo
769 511 932 556 constat
952 524 1160 555 verrucas
1179 540 1192 559 ‚
1221 506 1382 571 quibus
1417 524 1570 553 manus
1601 522 1674 552 aut
1701 524 1865 555 caeterae
1883 508 2049 572 quaevis
2083 521 2258 573 corpo-t·

420 580 481 628 ris
505 595 647 644 partes
669 575 940 641 quandoque
962 573 1255 637 deturpantur
1275 606 1286 624 ‚
1316 571 1413 618 fieri
1439 588 1680 635 augmento
1711 574 1972 638 papillarum
2003 572 2254 625 istiusmodi,

422 661 708 691 cutanearum
728 658 823 704 quae
842 654 1202 704 praeternaturam
1222 637 1490 684 indurantur
1507 670 1522 689 ,
1541 635 1598 682 sic
1618 637 1752 683 etiam
1772 638 2046 702 consequens
2065 641 2124 686 est
2140 656 2250 704 por-

421 728 495 757 ros
514 744 529 762 ,
556 723 764 755 verrucas
781 740 793 759 ,
822 703 1140 764 condylomata
1158 736 1170 754 ,
1203 703 1347 748 cristas
1364 735 1378 754 ‚
1407 718 1501 764 quae
1526 701 1735 764 genitalia
1761 703 1808 747 in
1831 719 2023 766 utroque
2051 702 2155 750 sexu
2181 704 2254 750 in·-

420 774 577 821 festant
595 774 619 818 a
638 769 763 817 causa
790 768 981 816 venerea
1001 802 1012 821 ,
1042 767 1171 814 fimili
1196 767 1371 813 ratione
1398 765 1663 813 deducenda
1684 765 1770 814 esse
1791 767 1846 813 ab
1871 767 2153 816 incremento
2172 786 2259 834 pa-

420 838 630 904 pillarum
657 833 855 898 ejusdem
888 832 1090 897 generis,
1119 850 1212 896 quae
1238 832 1453 894 elongata:
1479 846 1602 878 extra
1630 831 1890 896 contiguam
1919 846 2069 878 cutem
2099 832 2255 899 supet&

425 901 628 949 crescunt
645 935 656 953 ,
679 899 1049 964 quotiescumque
1070 897 1293 959 contingit
1310 896 1486 943 easdem
1501 895 1678 942 uberius
1699 898 1875 943 nutriri.

482 969 607 1012 Patet
629 982 778 1012 autem
801 963 1043 1028 descriptas
1061 962 1323 1025 genitalium
1344 961 1524 1026 papillas
1543 959 1722 1007 uberius
1740 961 1905 1008 nutriri
1924 982 2016 1010 non
2034 959 2153 1028 posse
2175 960 2259 1007 nisi

424 1031 603 1095 gemina
635 1031 692 1076 de
718 1029 844 1076 causa
862 1048 873 1081 ·,
895 1030 964 1075 vel
991 1030 1097 1091 quia
1119 1027 1284 1091 limpha
1306 1026 1489 1072 nutritia
1508 1024 1721 1090 copiosius
1741 1027 2036 1080 convehitur3
2060 1027 2131 1075 vel
2151 1026 2258 1090 quia

423 1098 641 1143 retinetur
661 1093 943 1160 pertinac‘u‘w.
979 1094 1067 1140 Sed
1087 1093 1284 1157 priorem
1306 1091 1479 1137 causam
1499 1091 1821 1138 excludendam
1843 1091 2094 1146 censemus,
2114 1107 2163 1137 ut
2183 1090 2259 1138 cui

423 1162 547 1208 locus
565 1159 647 1207 effe
663 1178 757 1207 nor-1
775 1158 902 1225 possit
915 1193 929 1212 ,
949 1158 1124 1222 quoties
1143 1157 1286 1221 agitur
1302 1156 1360 1202 de
1377 1156 1661 1202 incremento
1676 1157 1809 1222 partis
1822 1158 2072 1222 peculiaris.
2105 1158 2257 1203 Restat

426 1227 565 1290 igitur
584 1242 632 1272 ut
651 1227 1009 1290 praeternaturale
1028 1223 1288 1287 papillarum
1305 1221 1635 1269 incrementum
1656 1222 1704 1267 in
1723 1240 1879 1287 porros
1901 1227 1946 1269 ὃς
1966 1239 2174 1271 verrucas
2201 1220 2256 1267 ab

427 1290 638 1337 haerentia
656 1290 747 1337 sola
760 1289 936 1354 limphae
954 1289 1144 1334 nutritiae
1165 1302 1406 1352 repetatur.

491 1359 588 1409 Iam
625 1356 735 1402 vero
754 1390 765 1408 ,
795 1371 844 1400 ut
874 1369 1046 1400 caeteras
1076 1352 1220 1399 causas
1253 1352 1510 1398 omittamus
1530 1383 1542 1404 ‚
1563 1369 1658 1415 quae
1684 1351 1943 1416 papillarum
1970 1352 2261 1398 incrementw

428 1420 582 1467 favere
609 1419 752 1467 solent
776 1418 867 1466 sine
886 1419 1085 1481 contagii
1106 1418 1234 1463 ullius
1260 1419 1520 1463 interventu
1539 1449 1557 1468 ,
1585 1422 1631 1463 δε
1659 1434 1846 1480 quarum
1864 1416 1912 1461 in
1937 1416 2140 1480 praesenti
2160 1434 2254 1462 non

430 1484 663 1548 satagimus
684 1518 696 1537 ‚
728 1484 834 1531 ideo
867 1482 1039 1528 tantum
1069 1483 1236 1547 limpha
1266 1483 1314 1527 in
1344 1481 1514 1546 papillis
1544 1481 1812 1545 pertinacius
1840 1482 2005 1528 haerere
2033 1483 2175 1547 potest
2205 1498 2269 1528 ex

431 1550 558 1597 causa
586 1548 774 1597 venerea
790 1583 802 1601 ‚
823 1547 944 1612 quod
964 1548 1224 1612 papillarum
1244 1546 1352 1592 basis
1367 1580 1380 1598 ‚
1401 1563 1496 1609 quae
1515 1545 1634 1592 intra
1654 1564 1820 1610 corpus-
1839 1545 2068 1592 mucosum
2089 1545 2261 1611 sepulta*

429 1620 542 1678 jacet
565 1649 577 1667 ,
612 1612 863 1660 Occallescit
891 1613 1073 1675 energia
1091 1612 1286 1673 contagii
1304 1611 1487 1657 venerei
1506 1644 1518 1662 ‚
1542 1628 1639 1673 quo
1664 1610 1866 1656 mucosus
1887 1610 2050 1656 humor
2071 1612 2271 1657 circum--

432 1680 542 1726 fluns
570 1679 783 1726 inficitur.
821 1677 934 1724 Inde
965 1679 1086 1723 enim
1119 1670 1305 1734 recelius
1335 1674 1511 1739 limphae
1531 1708 1543 1727 ,
1575 1691 1624 1720 ut
1654 1675 1731 1738 qui
1761 1693 1839 1740 per
1870 1674 1976 1720 vasa·
2000 1675 2262 1740 limphatica.

430 1745 583 1791 mollia
611 1749 657 1790 δε
683 1761 734 1790 ex
761 1744 803 1789 se
830 1742 990 1789 inertia
1018 1741 1116 1788 fieri
1143 1741 1305 1788 debeat
1325 1774 1338 1794 ,
1365 1738 1593 1786 difficilior
1611 1773 1623 1792 ,
1651 1740 1843 1804 ideoque
1867 1739 2043 1802 parcior
2077 1739 2254 1786 futurus

430 1813 490 1857 est
517 1808 712 1871 ejusdem
732 1805 897 1854 acceffu
914 1841 925 1860 ‚
947 1823 994 1852 ut
1015 1808 1085 1853 cui
1108 1808 1273 1853 arteriae
1289 1805 1388 1870 ipsae
1408 1805 1680 1851 destinentur
1694 1839 1707 1857 ,
1726 1823 1821 1869 quae
1842 1803 1936 1850 tum
1957 1805 2143 1852 elaterio
2164 1805 2262 1852 tum

431 1874 714 1920 oscillatione
736 1871 1045 1937 compreffioni
1066 1870 1225 1917 fortius
1249 1871 1524 1923 renituntur3
1551 1888 1599 1915 ac
1653 1870 1812 1916 roinde
1830 1870 2271 1933 quantuluscumque

431 1938 482 1984 fit
510 1939 685 2002 limphae
716 1939 936 1983 convenae
962 1935 1152 1982 excessus
1179 1953 1262 2000 prae
1291 1934 1497 1986 ῐενεᾶἃ,
1529 1888 1802 1998 consequens
1831 1936 1889 1981 est
1907 1936 2005 1981 fore
2027 1950 2074 1980 ut
2092 1934 2273 1999 papillae*

435 2003 569 2049 tacita
587 2002 762 2066 limphae
782 2002 1067 2064 congestione
1085 2001 1133 2046 in
1155 2018 1312 2065 porros
1333 2016 1406 2045 aut
1424 2016 1630 2045 verrucas
1651 1998 1804 2045 sensim
1823 1998 2097 2045 excrescant..

494 2072 642 2114 Docet
664 2082 812 2112 autem
834 2065 1106 2129 experientia
1127 2064 1247 2129 pofl'e
1264 2062 1492 2111 mucosum
1516 2063 1751 2110 humo-rem
1766 2097 1778 2115 ,
1798 2063 1877 2127 qui
1898 2062 1980 2109 sub
1996 2061 2267 2127 genitalium}

436 2132 628 2179 cuticula
658 2132 764 2178 latet
784 2165 796 2183 ‚
826 2129 1022 2176 feminio
1048 2147 1242 2176 venereo
1271 2128 1566 2176 contaminari
1594 2127 1772 2190 gemina
1798 2128 1970 2174 ratione
1996 2147 2005 2174 :
2045 2137 2107 2175 10.
2138 2129 2269 2186 Quiaz

436 2198 613 2244 tenuior
639 2197 787 2261 portio
816 2195 1027 2241 virulenti
1049 2194 1139 2240 tabi
1159 2229 1174 2247 ,
1190 2212 1280 2258 quo
1300 2193 1511 2257 genitalia
1538 2194 1720 2239 madent
1738 2192 2091 2257 quotiescunque
2115 2210 2180 2239 res
2200 2194 2261 2239 est

436 2280 537 2308 cum
567 2260 740 2308 infeffis
758 2295 769 2313 ,
796 2278 873 2325 per
909 2259 1101 2306 mediam
1130 2260 1366 2306 cuticulam
1399 2258 1447 2304 in
1475 2256 1715 2319 subjecslzum
1742 2275 1902 2322 corpus
1933 2258 2163 2304 mucosum
2192 2257 2261 2304 la-

436 2343 581 2374 tenter
608 2326 870 2376 imbibitur,
901 2330 945 2371 δέ
975 2341 1078 2370 tunc
1102 2324 1225 2388 porri
1253 2324 1437 2370 venerei
1465 2323 1576 2368 citra
1603 2323 1924 2387 praecedentem
1944 2324 2146 2387 corporis
2172 2340 2268 2368 no-

437 2411 537 2438 xam
566 2391 825 2437 concubitui
855 2391 1032 2454 impuro
1057 2389 1316 2436 immediate
1345 2388 1600 2434 succedunt.
1657 2398 1719 2434 2-0.
1754 2387 1874 2445 Quia
1901 2389 2050 2451 portio
2083 2387 2262 2434 semini}

436 2458 654 2509 venerei,
691 2456 814 2520 quod
846 2458 892 2501 in
926 2454 1182 2517 sanguinem
1217 2453 1386 2501 dudum
1415 2452 1697 2518 penetravit,
1729 2451 1911 2499 mucoso
1944 2452 2124 2499 humori
2152 2453 2264 2499 inde

437 2521 663 2569 secedenti
684 2521 963 2571 infundat-113
997 2526 1043 2566 &
1065 2536 1168 2565 tunc
1187 2519 1314 2584 porri
1333 2518 1422 2565 fine
1453 2517 1545 2564 ullo
1565 2534 1745 2565 recente
1766 2516 2009 2564 concubitu
2027 2551 2039 2571 ‚
2067 2517 2147 2582 qui
2173 2516 2274 2568 sus-f

438 2588 586 2652 pectus
606 2586 656 2631 fit
671 2620 682 2638 ‚
703 2585 725 2630 a
746 2586 818 2632 lue
838 2585 1029 2632 venerea
1049 2584 1224 2648 pridem
1241 2584 1404 2631 latente
1422 2582 1692 2647 dependent.

501 2650 724 2696 (later-um
743 2651 863 2697 virus
887 2667 1128 2697 venereum
1144 2649 1190 2693 in
1205 2646 1434 2694 mucosum
1464 2647 1702 2694 humorem
1715 2648 2125 2712 quomodocunque
2138 2646 2270 2693 insu-

444 2714 537 2759 sum
554 2748 566 2765 ,
589 2715 726 2759 modo
748 2715 922 2759 unicam
948 2715 1058 2758 cutis
1093 2712 1294 2778 papillam
1311 2747 1323 2766 ,
1346 2713 1417 2758 vel
1445 2712 1676 2759 exiliorem
1701 2713 1959 2777 papillarum
1988 2712 2267 2777 manipulum

443 2778 691 2841 singulatim
719 2775 853 2824 afficit
880 2777 955 2824 sed
982 2777 1124 2823 valide
1147 2812 1158 2830 ‚
1185 2783 1230 2823 &
1256 2793 1426 2842 porram
1455 2777 1593 2823 modo
1613 2779 1721 2824 vero
1739 2777 1920 2841 papillas
1949 2777 2094 2841 plures
2113 2811 2124 2829 ‚
2143 2777 2271 2838 juxta.-

445 2843 598 2889 adsitas
623 2845 739 2889 intra
764 2844 1026 2889 circularem
1054 2861 1202 2889 aream
1231 2842 1306 2889 sed
1334 2841 1543 2888 debiliter
1562 2876 1575 2895 ,
1608 2848 1654 2888 &
1678 2859 1874 2888 verrucas
1890 2861 1900 2888 ς
1918 2843 2056 2888 modo
2082 2842 2271 2906 papillas

446 2908 654 2973 plurimas
670 2943 683 2961 ,
712 2908 941 2972 contiguas
971 2913 1017 2954 δέ
1041 2908 1088 2952 in
1117 2925 1264 2953 aream
1288 2907 1533 2969 oblongam
1566 2912 1611 2953 δε
1630 2906 1820 2952 fasciolae
1838 2906 2022 2953 fimilem
2038 2905 2266 2972 dispositas

446 2973 592 3019 inficit
610 2973 683 3020 sed
703 2973 913 3020 debiliter
929 3007 941 3025 ‚
961 2979 1005 3018 δε
1024 2973 1314 3037 condylomata.
1352 2971 1701 3019 Modo-demum
1720 2972 1902 3037 papillas
1918 2972 2130 3038 plurimas
2145 3005 2159 3025 ,
2188 2969 2272 3017 sed³

446 3037 596 3085 valide
614 3072 626 3089 ‚
650 3044 694 3084 &
715 3039 848 3094 cristas
869 3038 1093 3102 produ-cit.

510 3102 792 3149 Discriminis
818 3103 944 3164 hujus
974 3102 1088 3148 ratio
1118 3120 1172 3148 ex
1201 3100 1374 3148 diversa
1396 3101 1521 3146 causa
1549 3101 1792 3166 repetenda
1821 3103 1908 3154 est,
1936 3116 2070 3165 prout
2087 3096 2271 3144 diversa·

448 3166 707 3233 supponitur
734 3167 878 3233 prima
903 3167 1099 3232 contagii
1127 3166 1312 3218 venerei
1335 3165 1556 3232 scaturigo
1580 3187 1589 3214 :
1619 3170 1800 3233 Nempe
1817 3200 1831 3222 ,
1865 3174 1925 3215 ιο.
1945 3167 1990 3215 Si
2014 3165 2129 3215 virus
2147 3161 2266 3232 illud-

2106 3241 2269 3292 portio»
