2477 3643
235 681 346 718 Virus
364 690 427 716 ve-

193 743 342 769 nereum
374 729 427 767 se-

195 786 268 821 mel
287 782 427 821 admis-

194 835 274 875 sum
295 835 426 874 multi·

195 889 325 941 plicari
345 888 379 924 in

194 940 331 991 inchffl
353 968 363 982 ,

193 994 281 1031 dum
317 993 390 1029 lues

190 1045 396 1085 confirma-

189 1112 264 1142 tut.

184 1206 422 1258 Multiplica·

185 1263 218 1300 ti
259 1260 376 1311 magis
407 1285 419 1303 ,

188 1315 276 1352 dum
294 1313 339 1350 ab
358 1312 418 1348 in-

183 1366 287 1405 fecto
312 1377 385 1401 uno

184 1420 308 1470 plures
334 1417 397 1454 alsi

183 1471 413 1510 inficiuntur.

184 1589 418 1642 Multiplica-

184 1657 217 1681 11
232 1655 390 1681 maxrme
407 1667 418 1684 2

183 1697 273 1734 dum
298 1695 344 1732 ab
358 1695 415 1729 in-

182 1748 218 1788 ξε
225 1751 286 1787 cto
299 1759 370 1785 uno
383 1745 415 1783 in

182 1803 362 1852 plurimos

183 1863 413 1905 propagatur

180 1907 376 1945 indefinite.

181 2109 274 2148 Dari
290 2121 412 2147 exem-

178 2164 238 2214 pla
254 2161 376 2200 similis

176 2214 396 2266 multiplica-

176 2279 284 2304 tionis
298 2280 329 2304 in
345 2282 410 2306 cae-

175 2320 262 2358 teris
296 2333 407 2359 vene-

177 2371 240 2409 nis.

193 2767 277 2807 Iuno
291 2768 399 2806 etiam

170 2822 200 2859 in
216 2819 400 2859 fermentis

173 2874 352 2912 omnibus.

477 129 549 185 98(
853 130 961 178 DE
1026 133 1399 182 MORB'IS
1463 136 1968 187 VENERE-218.

1031 346 1511 406 CAPUT
1613 354 1766 407 IV.

473 458 608 534 Qci
651 460 795 515 camai¹
837 465 985 514 virus
1028 483 1292 519 venereum
1330 467 1465 522 intr>
1506 470 1761 540 admifficm
1811 472 2169 546 multiplicetur
2191 513 2208 536 ,
2249 470 2311 533 ό·

891 556 1109 609 quaenam
1133 543 1208 608 stt
1245 546 1680 617 multiplicationis
1717 550 1894 598 ratio?
1917 571 1929 583 ·

476 677 515 720 Ι.
540 680 662 798 V
689 679 759 721 In
779 691 808 722 u
825 691 842 719 s
881 692 1126 725 venereum
1154 678 1384 744 superficie
1417 680 1514 727 satis
1550 681 1757 746 angusta,
1786 683 1908 747 poris
1938 682 2236 746 inconspicuis
2262 689 2310 732 δε

686 740 953 787 strictiffimis
974 776 986 794 ,
1021 743 1151 791 brevi
1191 760 1279 791 tem
1315 747 1405 792 oris
1441 745 1581 811 spatio
1621 763 1888 812 exceptum,
1922 748 2131 812 adeoque
2174 750 2311 814 pauca

472 805 721 869 quantitate
748 805 1076 862 intromissum,
1104 811 1197 874 post
1221 765 1395 857 affgtstas
1421 812 1718 876 proximiores
1745 828 1889 877 partes
1907 845 1920 865 ,
1953 812 2032 859 ubi
2059 813 2206 860 morbi
2241 815 2311 861 lo-

471 871 585 918 cales
617 870 759 916 statim
791 872 1070 927 excitantur,
1102 873 1181 920 nisi
1210 874 1365 922 sedulo
1394 882 1439 923 ὃς
1472 877 1726 941 tempestive
1759 893 2018 924 occurratur
2038 911 2051 931 ‚
2085 880 2173 942 qua
2205 879 2311 927 data

468 951 599 1000 porta
625 934 886 998 sanguinem
916 954 1061 986 totum
1089 939 1219 987 brevi
1246 941 1415 994 inficit,
1440 941 1561 989 unde
1591 943 1713 989 varia
1742 959 1790 987 ac
1815 942 2046 1006 multiplex
2071 943 2184 990 laesio
2214 961 2310 992 tum

466 1001 515 1049 in
543 1002 734 1065 partium
754 1000 1015 1056 substantia,
1037 1020 1131 1051 tum
1155 1006 1203 1052 iu
1231 1005 1535 1053 functionibus
1553 1041 1565 1059 ‚
1586 1008 1726 1071 qualis
1748 1006 2011 1055 observatur
2033 1008 2082 1053 in
2103 1008 2176 1056 lue
2199 1027 2310 1057 con-

467 1065 656 1112 firmata.
697 1067 828 1113 Virus
849 1084 958 1131 ergo
981 1086 1224 1119 venereum
1247 1072 1526 1137 pedetentim
1546 1073 1595 1118 in
1612 1072 1787 1120 infectis
1806 1071 1934 1138 copia
1952 1073 2274 1138 multiplicatur
2292 1109 2308 1129 ,

470 1131 578 1178 dum
604 1130 773 1178 viribus
794 1133 1041 1180 invalescit.

542 1202 612 1243 11.
648 1198 780 1243 Virus
810 1216 1053 1246 venereum
1071 1234 1085 1254 ‚
1115 1218 1204 1265 quo
1234 1201 1455 1265 sanguinis
1498 1199 1629 1247 massa
1666 1203 1993 1260 contaminatur
2020 1199 2076 1249 in‘
2097 1204 2170 1251 lue
2202 1221 2310 1251 con-

471 1258 642 1308 firmata
660 1296 672 1314 ,
701 1262 755 1309 ab
778 1281 867 1310 uno
889 1263 1029 1310 solum
1051 1299 1063 1318 ,
1085 1267 1163 1329 qui
1183 1268 1344 1314 vitium
1364 1266 1455 1331 ipse
1486 1267 1649 1314 retinet
1668 1300 1680 1318 ‚
1713 1268 1760 1313 in
1779 1269 1943 1315 multos
1960 1303 1971 1321 ,
2008 1286 2075 1314 10.
2104 1287 2172 1331 50.
2201 1287 2304 1315 roo,

469 1326 531 1373 ita
560 1328 805 1374 traducitur
825 1363 836 1381 ,
863 1344 912 1375 ut
940 1328 1098 1393 singuli
1126 1331 1208 1377 sint
1226 1367 1237 1385 ,
1268 1331 1346 1377 nisi
1376 1331 1600 1378 medicina
1629 1327 1784 1379 efficax
1812 1333 1902 1379 εἰτὸ
1931 1333 2197 1380 adhibeatur
2215 1369 2227 1387 ,
2254 1334 2306 1379 si-

470 1392 567 1438 mili
601 1398 647 1439 &
677 1394 799 1456 aeque
835 1394 1096 1441 confirmata
1141 1396 1211 1442 lue
1257 1397 1387 1443 brevi
1433 1397 1782 1444 contaminandi.
1840 1399 1972 1446 Virus
2008 1416 2118 1462 ergo
2164 1416 2304 1446 vene-

470 1475 596 1503 reum
625 1459 944 1524 multiplicatur
972 1477 1026 1506 ex
1058 1461 1242 1508 traduce
1262 1497 1275 1515 ‚
1308 1463 1417 1508 dum
1437 1460 1493 1508 ab
1527 1478 1617 1522 uno
1648 1462 1696 1508 in
1714 1463 1861 1528 plures
1894 1465 2164 1528 contagione
2196 1482 2305 1529 pro-

467 1539 667 1586 pagatur.

530 1592 641 1634 III.
682 1588 812 1635 Virus
840 1607 1082 1637 venereum
1112 1590 1245 1656 serpit
1275 1591 1463 1657 repetita
1490 1590 1838 1649 transmissione,
1872 1591 1972 1637 cum
2000 1591 2301 1657 unusquisque

465 1669 519 1699 ex
543 1653 731 1706 decem,
765 1654 835 1700 vel
863 1655 1188 1720 quinquaginta
1218 1657 1412 1721 primum
1442 1657 1615 1704 infectis
1644 1654 1830 1703 sufficiat
1860 1656 2112 1703 inficiendis
2141 1658 2300 1705 decem

465 1717 538 1764 vel
567 1719 888 1782 quinquaginta
913 1720 1034 1773 aliis,
1061 1722 1137 1784 qui
1166 1721 1324 1785 singuli
1355 1719 1529 1787 possunt
1557 1722 1750 1769 totidem
1777 1722 1886 1768 alios
1914 1721 1991 1787 ipsi
2019 1740 2202 1786 quoque
2227 1723 2302 1769 in-

463 1781 612 1829 ficere.
650 1787 715 1829 Eo
736 1783 834 1829 sane
854 1785 992 1831 modo
1012 1786 1030 1830 ’Β
1059 1787 1340 1851 paucioribus
1361 1786 1566 1852 Hispanis
1582 1822 1594 1840 ,
1615 1787 1694 1850 qui
1713 1787 1766 1833 ab
1789 1787 1931 1834 Insula
1952 1788 2078 1833 Haiti
2098 1788 2171 1834 seu
2190 1787 2302 1834 His-

462 1848 642 1913 paniola
672 1849 782 1894 olim
813 1850 1040 1897 redierunt
1059 1885 1072 1904 ,
1101 1852 1221 1898 luem
1249 1870 1486 1899 veneream
1513 1853 1558 1898 in
1582 1869 1722 1898 totam
1755 1856 2006 1917 Europam,
2037 1869 2300 1918 partemque

463 1914 702 1960 maximam
728 1913 832 1960 Asia:
855 1920 900 1961 δε
930 1915 1089 1962 Africae
1109 1915 1432 1964 disseminatam
1451 1916 1577 1964 fuisse
1596 1918 1833 1964 credimus.
1871 1918 2002 1964 Virus
2026 1935 2135 1982 ergo
2160 1936 2301 1965 vene·-

462 1995 589 2024 reum
624 1979 824 2042 gradarie
858 1981 1176 2046 multiplicatur
1198 2016 1210 2034 ,
1246 1981 1452 2046 viresque
1483 1983 1672 2046 acquirit
1703 1983 1854 2030 eundo
1873 2017 1887 2036 ,
1919 1983 2028 2029 dum
2062 1983 2303 2031 numerosi

459 2045 678 2107 progenie
699 2044 978 2092 sobolescens
999 2045 1053 2092 ab
1076 2064 1166 2094 uno
1191 2047 1239 2092 in
1265 2046 1420 2111 vulgus
1443 2047 1674 2112 spargitur.

528 2111 832 2173 Quaecumque
853 2110 909 2156 de
931 2111 1305 2175 multiplicatione
1328 2113 1491 2159 veneni
1512 2112 1584 2159 seu
1604 2111 1817 2159 fermenti
1835 2110 2018 2159 venerei
2041 2108 2267 2159 afferimus
2281 2146 2296 2166 ,

458 2191 558 2220 cum
584 2175 767 2221 venenis
789 2174 863 2221 seu
886 2174 1119 2224 fermentis
1141 2178 1306 2224 caeteris
1330 2177 1588 2223 communia
1612 2176 1723 2223 sunt,
1762 2177 1833 2224 Sic
1855 2178 1973 2222 canis
1997 2175 2173 2224 rabidus
2192 2196 2298 2243 pau-

460 2257 518 2284 cae
547 2239 688 2285 salivae
716 2237 924 2286 vehiculo
952 2241 1098 2301 plures
1123 2260 1253 2290 canes
1278 2241 1458 2289 rabidos
1485 2239 1649 2295 efficit,
1676 2259 1868 2306 quorum
1895 2240 2193 2306 unusquisque
2217 2262 2298 2308 po<-

458 2305 536 2352 test
571 2304 764 2351 totidem
799 2305 908 2351 alios
939 2304 1065 2353 simili
1094 2306 1195 2355 labe
1226 2308 1284 2355 de
1319 2326 1440 2354 novo
1474 2307 1781 2371 coinquinare.
1824 2307 1895 2352 Sic
1932 2304 2152 2368 scabiosus
2183 2325 2296 2355 unus

453 2370 709 2434 paucissimo
742 2369 896 2418 ichore
916 2404 928 2422 ‚
960 2372 1086 2435 quod
1120 2373 1143 2418 a
1176 2389 1277 2420 cute
1306 2389 1455 2419 manat
1475 2406 1487 2425 ,
1519 2373 1722 2438 pluribus
1753 2367 1947 2418 scabiem
1980 2369 2181 2425 affricat,
2216 2374 2296 2437 qui

455 2434 612 2497 singuli
639 2453 741 2481 cum
770 2436 863 2481 aliis
897 2437 1088 2483 totidem
1117 2435 1292 2502 possunt
1321 2438 1527 2485 eamdem
1557 2437 1903 2484 communicare.
1945 2437 2017 2483 Sic
2045 2439 2159 2500 peste
2191 2456 2295 2483 cor-

454 2516 603 2564 reptus
632 2518 743 2546 unus
774 2499 920 2547 obviis
951 2502 1152 2565 plurimis
1180 2503 1392 2550 morbum
1424 2500 1564 2549 infert
1582 2502 1729 2548 afflatu
1747 2502 1818 2548 vel
1847 2498 2063 2554 effluviis,
2094 2519 2291 2566 quorum

448 2563 748 2628 unusquisque
776 2565 905 2611 simili
925 2566 999 2613 via
1025 2569 1140 2631 peste
1165 2568 1325 2615 eadem
1354 2568 1546 2614 totidem
1574 2568 1682 2613 alios
1706 2566 1819 2613 solet
1840 2566 2082 2632 impertire.
2121 2568 2191 2613 Sic
2215 2567 2292 2613 de-

448 2646 572 2675 mum
599 2647 711 2692 aeger
742 2648 852 2676 unus
877 2631 1059 2677 variolis
1079 2632 1285 2679 laborans
1314 2635 1453 2698 potest
1481 2650 1558 2696 pus
1586 2630 1785 2678 sufficere
1812 2650 1903 2695 quo
1927 2631 2071 2696 plures
2093 2631 2294 2677 infician-s

451 2708 523 2740 tur
544 2728 557 2746 ,
583 2712 777 2756 quorum
808 2695 996 2757 quilibet
1027 2697 1220 2743 totidem
1248 2698 1342 2743 aliis
1375 2696 1625 2743 inficiendis
1657 2715 1733 2761 par
1763 2695 1936 2742 futurus
1966 2697 2039 2741 est.

524 2760 620 2804 Imo
647 2759 782 2805 etiam
814 2760 973 2806 eadem
998 2761 1125 2806 multi
1159 2762 1380 2808 licationis
1406 2762 1520 2808 ratio
1548 2760 1596 2805 in
1618 2760 1747 2808 rebus
1772 2760 1868 2825 ipsis
1891 2759 2014 2806 sensu
2036 2758 2292 2808 carentibus

448 2822 735 2874 observatum
769 2823 825 2869 fic
856 2824 970 2870 libra
1003 2843 1088 2871 una
1117 2780 1332 2873 sii-menti
1359 2826 1553 2890 vulgaris
1586 2825 1763 2890 panifici
1796 2825 1940 2889 plures
1969 2823 2120 2870 farina:
2153 2824 2288 2872 libras

445 2889 494 2935 in
523 2891 684 2953 pastam
724 2889 982 2944 convertit,
1015 2896 1136 2951 cujus
1166 2891 1282 2938 libra
1310 2891 1473 2956 quaevis
1505 2887 1699 2937 totidem
1728 2889 1821 2936 aliis
1857 2889 2007 2936 farinae
2038 2887 2164 2935 libris
2193 2889 2287 2935 fer-

445 2954 698 3001 mentandis
714 2954 1063 3002 &immutandis
1076 2957 1238 3019 pariter
1256 2973 1355 3021 apta
1370 2958 1429 3004 est
1448 2975 1457 3001 ε
1475 2956 1545 3002 Sic
1561 2956 1745 3020 congius
1764 2954 1924 3001 florum
1947 2953 2163 3002 cerevislae
2181 2971 2290 2999 con·-

445 3020 542 3083 gios
559 3018 703 3082 plures
717 3019 890 3066 decocti
906 3038 959 3066 ex
978 3020 1149 3068 hordeo
1170 3020 1243 3068 seu
1261 3024 1382 3068 maleo
1402 3022 1449 3068 in
1465 3020 1720 3068 cerevisiam
1739 3035 1985 3067 commutat
1999 3053 2012 3072 ,
2033 3022 2154 3079 cujus
2166 3036 2286 3065 cere-

445 3082 560 3130 visiae
579 3081 853 3130 fermentatae
870 3085 1054 3149 congius
1069 3087 1215 3150 quivis
1230 3084 1413 3148 similem
1428 3086 1725 3133 mutationem
1741 3083 1900 3132 afferre
1928 3085 2070 3150 potest
2092 3083 2283 3129 totidem

447 3145 662 3195 mensuris
680 3150 788 3194 novi
811 3167 862 3194 ex
886 3150 1022 3196 malto
1040 3151 1212 3197 decofh
1234 3171 1244 3197 ε
1269 3152 1340 3198 Sic
1359 3146 1543 3216 pomum
1563 3151 1815 3215 putrescens
1832 3165 1962 3212 poma
1982 3148 2065 3194 alia
2087 3148 2283 3194 circum-

445 3212 581 3277 posita
601 3213 648 3259 in
666 3212 951 3279 putredinem
970 3214 1107 3263 trahit
1122 3249 1135 3272 ,
1156 3233 1350 3281 quorum
1379 3215 1547 3281 singula
1573 3215 1682 3262 dum
1709 3211 2072 3279 computrescunt
2095 3211 2289 3260 similem
