2477 3643
701 129 1092 176 Lrnnnll.
1157 125 1404 172 CAPUT
1473 130 1529 173 V.
1671 139 1684 145 “
1946 142 2043 191 Ἰως

213 211 278 270 tit
293 245 305 265 ‚
328 210 357 258 si
379 210 508 259 febre
529 225 602 257 aut
623 209 709 258 alio
726 210 887 274 quovis
906 208 1067 256 morbo
1088 208 1340 257 adventitio
1355 241 1367 264 ,
1389 205 1418 253 fi
1440 203 1667 254 erroribus
1694 203 1830 251 diaerae
1849 239 1860 259 ,
1880 204 2047 272 vigiliis

215 276 502 328 immodicis,
521 275 727 340 crapula,
759 280 844 321 δίε.
880 272 1101 338 sanguinis
1136 274 1323 338 qualitas
1358 272 1542 319 vitietur
1561 305 1573 324 ,
1605 286 1709 316 tunc
1745 270 1832 332 qu&⁴
1870 274 2044 320 ratione

218 341 392 404 sanguis
411 341 434 387 a
455 340 645 389 naturali
672 338 779 386 crasi
807 338 1020 386 desciscct
1038 338 1129 404 ipse
1147 373 1159 391 ‚
1179 338 1378 386 futurum
1406 338 1465 385 est
1481 371 1494 390 ,
1515 352 1563 382 ut
1590 335 1764 381 ratione
1790 334 1950 383 eadem
1966 355 2044 383 ve-

213 422 382 452 nenum
407 406 534 452 antea
558 405 696 452 latens
713 404 842 469 copia
865 409 910 450 δέ
932 404 1102 450 viribus
1127 404 1330 468 prompte
1352 401 1592 449 invalescat
1608 433 1622 453 ,
1651 398 1842 445 naturali
1867 397 2042 447 ferociae

216 471 497 523 restituatur,
517 486 647 534 atque
672 469 778 517 inde
808 467 926 533 quasi
958 468 1108 534 aperta
1127 468 1335 515 Pandorae
1365 467 1529 532 pyxide
1562 482 1655 513 atra
1684 462 2040 527 graviffimorum

218 536 561 601 symptomatum
582 535 744 581 cohors
771 535 1014 599 derepente
1039 533 1294 587 incumbat,
1323 533 1440 579 unde
1461 532 1553 579 lues
1575 527 1817 576 manifesta.

274 600 499 648 Possumus
518 601 563 646 in
581 600 969 647 confirmationem
987 600 1240 665 exemplum
1258 597 1526 646 notissimum
1545 596 1770 642 adducere
1786 628 1799 647 ‚
1816 590 2039 641 fruetuum

217 683 377 730 nempe
394 701 406 719 ,
426 667 503 730 qui
522 667 569 712 in
589 665 823 712 arboribus
843 664 1043 712 filvaticis
1064 663 1150 710 feri
1171 670 1214 710 &
1235 666 1420 728 agrestes
1439 680 1488 709 ac
1509 660 1701 728 proinde
1733 658 1883 706 acerbi
1908 659 2003 704 sunt
2023 692 2038 711 ,

212 730 383 777 cultura
399 733 507 777 vero
527 731 790 777 molliuntur
817 736 862 776 &
891 728 1224 781 mansuescunt3
1252 747 1343 775 non
1360 728 1467 775 ideo
1485 726 1669 792 quidem
1691 724 1814 789 quod
1838 724 2037 770 nativam

204 795 333 842 -succi
357 796 559 844 indolem
578 830 590 849 ‚
607 814 702 860 quae
722 795 931 860 agrestior
955 796 1013 841 est
1031 829 1043 847 ‚
1068 795 1297 844 deponant
1314 829 1327 848 ‚
1346 793 1423 840 sed
1442 793 1546 839 ideo
1565 790 1736 837 rantum
1750 824 1763 842 ,
1783 788 1904 854 quod
1935 789 2039 846 dul-

142 903 149 907 ,
202 861 306 907 *tior
327 859 505 914 succus,
526 879 661 925 quem
687 860 910 908 excultum
940 859 1082 906 solum
1113 845 1337 923 suggerit,
1363 858 1526 904 natales
1552 857 1763 903 arborum
1793 854 1944 900 succos
1976 854 2038 900 ita

212 942 431 991 temperet
450 961 462 979 ‚
490 943 537 972 ut
559 926 663 973 inde
681 925 902 973 fruetuum
918 924 1049 989 'sapor
1068 924 1218 970 mitior
1237 924 1311 970 fiat
1332 942 1343 977 ς
1361 921 1743 986 quemadmodum
1766 920 1945 967 videtur
1964 919 2037 966 vel

214 992 321 1038 iude
353 991 470 1056 posse
505 992 656 1055 argui,
678 992 800 1054 quod
836 989 1000 1037 fructus
1027 990 1165 1036 iidem
1200 994 1254 1035 ad
1281 989 1504 1054 pristinam
1533 986 1821 1034 acerbitatem
1848 984 2038 1032 subinde

210 1057 397 1103 redeant
415 1091 426 1109 ‚
453 1055 482 1101 fi
503 1056 526 1101 a
548 1058 717 1102 cultura
739 1055 997 1120 aliquandiu
1017 1053 1224 1101 cessatum
1251 1054 1401 1100 fuerit.
1429 1053 1647 1117 Quippini
1668 1068 1776 1115 ergo
1800 1050 1892 1115 pari
1921 1067 2040 1114 quo-

210 1138 298 1186 que
317 1121 455 1167 modo
475 1123 614 1186 potest
631 1140 769 1186 pauca
795 1121 961 1167 veneni
989 1120 1172 1167 venerei
1190 1119 1462 1182 benignioris
1484 1119 1612 1181 copia
1638 1118 1754 1162 intra
1785 1132 1942 1179 corpus
1972 1115 2038 1160 la·-

212 1202 307 1232 tere
333 1186 516 1249 quidem
542 1187 734 1234 innocue
753 1221 765 1238 ‚
787 1185 986 1248 quandiu
1022 1183 1195 1247 sanguis
1226 1186 1378 1246 purior
1414 1183 1655 1245 largiorem
1690 1180 1853 1227 veneni
1887 1178 2038 1225 similis

213 1250 556 1297 renovationem
585 1249 892 1297 refraenaturus
920 1251 979 1296 est
999 1267 1009 1302 3
1033 1247 1112 1293 suae
1147 1249 1254 1294 vero
1287 1247 1417 1294 reddi
1453 1249 1610 1293 nativae
1645 1245 1823 1292 ferociae
1845 1249 1889 1290 δέ
1913 1244 2038 1290 viru-

209 1316 356 1362 lentiae
372 1349 385 1367 ‚
412 1315 489 1360 ubi
521 1315 713 1379 primum
731 1314 970 1379 depravata
1002 1312 1224 1377 sanguinis
1253 1312 1510 1377 integritate
1531 1312 1660 1357 datur
1681 1310 1838 1357 latenti
1857 1325 2037 1356 veneno

212 1379 410 1426 nocendi
430 1379 564 1424 locus.

277 1447 383 1489 Una
401 1443 590 1506 superest
610 1442 823 1489 solvenda
839 1442 1017 1506 quaestio
1036 1477 1049 1496 ‚
1068 1441 1216 1488 utrum
1235 1440 1302 1487 vir
1323 1441 1489 1488 latente
1512 1438 1721 1486 morboso
1749 1437 1934 1484 seminio
1964 1436 2037 1482 in-

210 1505 349 1555 fetstus
369 1507 494 1574 possit
524 1508 670 1555 sanam
700 1508 931 1554 mulierem
950 1542 962 1560 ,
982 1508 1173 1572 qudcum
1192 1524 1286 1553 rem
1310 1506 1517 1552 habuerit
1535 1540 1548 1558 ,
1578 1505 1649 1551 lue
1669 1503 1858 1551 venerea
1878 1501 2035 1549 infice-

211 1591 258 1620 re
276 1607 288 1625 ,
318 1590 391 1619 aut
412 1574 511 1620 vice
543 1572 669 1620 verszi
696 1572 882 1618 foemina
909 1573 1089 1619 virum?
1115 1572 1293 1618 Acriter
1322 1571 1508 1635 quidem
1538 1568 1761 1633 disputant
1783 1566 1955 1614 Medici
1989 1568 2035 1622 in

210 1654 446 1701 utramque
465 1654 636 1702 partem
658 1672 669 1690 ,
699 1637 807 1683 dum
834 1633 1054 1683 affirmant
1081 1635 1187 1689 alii,
1213 1637 1287 1682 alii
1312 1653 1477 1699 negant
1494 1669 1506 1688 ‚
1534 1634 1608 1681 sed
1640 1633 1738 1680 cum
1759 1627 2034 1697 experientia

212 1702 390 1765 utrique
430 1703 634 1766 opinioni
669 1701 942 1765 quandoque
976 1695 1277 1766 patrocinetur
1308 1735 1321 1754 ‚
1360 1717 1551 1765 pronum
1586 1700 1646 1745 est
1677 1697 1786 1744 inde
1825 1696 2034 1758 colligere

210 1783 445 1831 utramque
463 1769 726 1831 opinionem
751 1767 938 1831 perinde
956 1784 1107 1814 veram
1127 1766 1212 1813 effe
1231 1800 1244 1818 ,
1269 1783 1399 1828 atque
1416 1765 1529 1811 adeo
1554 1765 1700 1810 virum
1728 1762 1938 1809 eumdem
1956 1794 1968 1813 ,
1986 1761 2032 1806 in

210 1850 302 1895 quo
320 1833 438 1878 virus
454 1833 566 1878 clam
585 1833 716 1878 lateat
732 1830 850 1895 posse
868 1837 913 1876 ὃς
935 1848 1027 1877 non
1055 1830 1175 1896 posse
1188 1831 1421 1877 mulierem
1440 1864 1451 1882 ‚
1475 1847 1577 1875 cum
1602 1827 1688 1892 quai
1720 1825 2031 1878 concubuerit,

210 1897 282 1944 lue
299 1898 601 1956 contaminare
618 1932 629 1950 ‚
647 1915 729 1961 pro
746 1895 924 1942 diverso
939 1896 1135 1942 mulieris
1150 1897 1256 1941 statu
1272 1930 1284 1948 ,
1302 1900 1348 1942 δε
1362 1895 1460 1941 vice
1481 1892 1607 1940 versa
1625 1892 1856 1938 foeminam
1871 1890 2031 1938 virum.

277 1962 389 2008 Sane
416 1961 629 2025 quidem,
664 1962 880 2025 quoniam
919 1963 1086 2007 constat
1122 1978 1176 2007 ex
1213 1960 1265 2006 iis
1302 1978 1396 2023 quae
1430 1958 1708 2024 praecedente
1736 1957 1880 2021 capite
1918 1955 2035 2001 dicia

210 2024 311 2072 sunt
329 2062 340 2080 ,
358 2025 647 2073 infestionem
679 2044 772 2071 non
800 2026 854 2072 ab
880 2044 970 2071 uno
993 2024 1163 2072 tantum
1197 2024 1272 2072 sed
1292 2025 1315 2070 a
1336 2025 1510 2070 duobus
1532 2022 1785 2088 dependere
1803 2055 1815 2074 ,
1837 2020 2034 2084 sequitur

211 2107 304 2145 non
329 2093 376 2138 in
402 2109 489 2139 uno
515 2090 685 2138 tantum
713 2090 788 2138 sed
820 2092 867 2136 in
885 2091 1060 2138 duobus
1082 2086 1449 2136 considerandam
1476 2086 1563 2135 esse
1580 2123 1593 2141 ‚
1614 2086 1793 2150 ejusque
1814 2102 2035 2150 propaga-

207 2157 343 2203 tionis
372 2156 559 2202 modum
585 2175 675 2202 non
705 2174 757 2202 ex
779 2174 869 2202 uno
890 2155 966 2202 sed
986 2175 1039 2203 ex
1060 2155 1234 2201 duobus
1264 2154 1578 2200 aestimandum=
1614 2152 1790 2199 Idcirco
1811 2151 1916 2197 licet
1936 2167 2037 2196 cer-

209 2235 277 2266 tus
298 2227 342 2268 &
362 2223 558 2267 constans
586 2221 854 2286 supponatur
878 2221 1117 2268 inficientis
1146 2222 1272 2273 status
1290 2253 1302 2272 ,
1329 2216 1499 2266 necelse
1520 2220 1580 2264 est
1605 2233 1653 2264 ut
1678 2215 1858 2264 effestus
1887 2231 2037 2262 tamen

208 2286 383 2333 diverse
412 2287 552 2332 variet
570 2287 593 2332 a
615 2285 791 2332 diverso
809 2288 915 2332 statu
933 2286 1195 2332 inficiendae.
1229 2285 1310 2331 Vir
1338 2284 1509 2346 igitur,
1541 2283 1587 2328 in
1613 2299 1705 2346 quo
1730 2281 1848 2327 virus
1869 2279 2001 2325 lateat
2021 2313 2036 2332 2

210 2353 351 2414 potest
385 2350 570 2414 quidem
603 2350 837 2397 mulierem
872 2350 1020 2396 lanam
1053 2351 1124 2396 lue
1159 2348 1387 2395 manifest&
1415 2346 1629 2398 inficere,
1667 2345 1698 2391 si
1730 2344 1821 2409 ipsa
1849 2343 2002 2389 natura
2022 2378 2035 2397 ,

209 2415 369 2461 morbo
391 2448 402 2467 ,
430 2415 617 2461 vivendi
645 2416 824 2461 ratione
844 2447 855 2467 ,
882 2415 958 2460 tali
983 2415 1198 2479 temperie
1218 2447 1230 2466 ‚
1251 2413 1463 2477 qualitate
1482 2446 1492 2463 ‚
1520 2411 1677 2457 indole
1701 2409 1839 2456 fuerit
1854 2442 1866 2461 ,
1887 2425 1935 2453 ur
1955 2426 2038 2454 ve<-

209 2480 313 2525 neni
338 2480 519 2525 venerei
545 2480 611 2525 vis
631 2514 644 2532 ,
671 2497 765 2544 quae
796 2480 842 2525 in
867 2479 1019 2526 infecti
1045 2479 1129 2525 viri
1154 2478 1363 2541 sanguine
1389 2474 1591 2523 inefficax
1616 2477 1674 2523 est
1690 2507 1702 2527 ,
1730 2473 2036 2538 pervertendo

206 2542 407 2605 sanguini
429 2543 625 2589 mulieris
653 2563 833 2608 compar
859 2542 907 2589 fit
941 2563 949 2589 :
985 2548 1095 2590 Non
1121 2545 1260 2608 potest
1287 2543 1392 2589 verb
1413 2577 1425 2595 ‚
1447 2541 1475 2586 ss
1496 2541 1654 2587 mulier
1690 2538 1911 2585 robustior
1931 2571 1944 2590 ,
1968 2536 2037 2582 sa-

204 2608 334 2659 nior,
366 2608 544 2654 meliori
578 2610 892 2655 constitutione
927 2609 1108 2672 praedita
1137 2605 1185 2653 fit
1207 2642 1218 2660 ‚
1253 2624 1386 2671 atque
1425 2607 1540 2652 adeo
1570 2605 1662 2651 vim
1691 2603 1841 2650 eludat
1875 2602 2037 2649 veneni

206 2671 450 2718 concubitu
478 2671 645 2718 admiffi
664 2708 674 2724 ‚
699 2675 822 2736 quod
852 2674 899 2719 in
926 2670 999 2718 illd
1028 2672 1216 2738 perinde
1235 2673 1350 2718 acin
1370 2672 1467 2719 viro
1489 2670 1646 2717 effeOm
1681 2668 1921 2714 cariturum
1940 2665 2006 2712 fit.

270 2738 332 2782 Ex
367 2738 530 2784 eodem
567 2738 790 2802 principio
817 2738 1135 2785 deducendum
1169 2739 1228 2784 est
1253 2771 1266 2789 ‚
1308 2746 1370 2783 10.
1404 2739 1497 2783 Cur
1530 2734 1690 2781 mulier
1727 2733 1912 2783 eadem,
1940 2746 2038 2794 quae

209 2818 310 2846 cum
340 2802 439 2847 viro
462 2803 507 2848 in
536 2819 625 2864 quo
653 2803 887 2849 seminium
911 2804 1018 2849 latet
1037 2837 1049 2855 ‚
1080 2802 1254 2849 veneris
1280 2801 1406 2848 usum
1438 2801 1516 2847 diu
1549 2799 1705 2845 habuit
1731 2797 1820 2843 sine
1839 2796 2005 2841 damno
2023 2827 2039 2846 ,

208 2866 313 2911 dein
345 2881 492 2911 tamen
521 2866 758 2929 aliquando
786 2867 842 2913 ab
865 2868 1025 2914 eodem
1062 2867 1195 2914 celeri
1228 2867 1300 2912 lue
1331 2864 1655 2911 inficiaturPId
1685 2863 1803 2908 enim
1834 2858 2041 2923 supponit

206 2930 438 2993 quidpiam
457 2948 509 2976 ex
535 2932 745 2977 alterutra
764 2948 889 2994 parte
919 2946 1139 2976 muratum
1171 2930 1297 2976 fuisse
1317 2963 1329 2981 ,
1360 2930 1480 2975 unde
1509 2927 1797 2989 contagium,
1830 2922 1954 2986 quod
1985 2922 2040 2968 ab

207 2994 375 3040 infeeco
408 2995 506 3040 viro
540 3012 687 3041 manat
712 3029 724 3048 ‚
756 3001 840 3056 jam
873 2992 1095 3041 efficacius
1125 2994 1174 3039 sit
1194 3027 1207 3046 ‚
1246 2994 1318 3040 vel
1356 2993 1527 3056 sanguis
1567 2990 1763 3037 mulieris
1783 3023 1795 3042 ,
1830 2989 1909 3052 qui
1939 2986 2044 3034 infi-

205 3059 389 3106 ciendus
410 3061 468 3106 est
488 3093 500 3111 ,
529 3058 583 3105 ad
603 3060 955 3124 concipiendum
982 3076 1206 3106 venenum
1236 3062 1323 3117 jam
1347 3058 1484 3121 magis
1515 3071 1806 3120 comparatus.

204 3129 326 3182 Ζεῦ).
355 3126 448 3170 Cur
472 3141 525 3170 ex
559 3124 758 3188 pluribus
785 3123 942 3171 liberis
961 3158 973 3175 ‚
994 3125 1071 3187 qui
1103 3123 1157 3169 ab
1178 3121 1336 3169 iisdem
1358 3122 1613 3183 parentibus
1633 3119 1928 3183 suscipiuntur
1947 3150 1959 3169 ‚
1980 3115 2044 3161 la-

204 3187 335 3237 borer
355 3207 466 3236 unus
485 3205 559 3239 aut
580 3189 689 3238 alter
710 3187 935 3238 strumofis
953 3191 1025 3238 vel
1048 3188 1295 3237 Rachiticis
1310 3185 1617 3237 affeffionibus
1637 3219 1651 3241 ,
1671 3202 1766 3250 quae
1790 3183 1889 3231 sunt
1906 3181 2045 3247 deget

2114 1451 2209 1497 Quae
2222 1461 2311 1502 pro-

2082 1502 2126 1540 be
2138 1503 2310 1541 intellecta

2084 1556 2283 1607 plurimum

2081 1605 2274 1644 conferunt

2081 1659 2128 1696 ad
2143 1658 2260 1696 reso!-

2081 1711 2192 1748 venda
2213 1709 2318 1749 varia

2081 1763 2315 1815 problemata

2077 1819 2120 1853 de
2157 1828 2291 1853 conta-

2080 1869 2184 1919 gione
2200 1880 2314 1904 vene-

2081 1919 2141 1956 rea
2157 1945 2168 1962 ,
2186 1932 2265 1969 quae
2279 1920 2312 1955 in

2079 1970 2314 2024 quaestionem

2082 2024 2207 2062 vocari
2223 2021 2288 2060 so-

2083 2077 2169 2116 lent.
