2477 3643
402 126 502 179 ‘294
762 120 872 166 DE
939 117 1311 167 MoRssis
1379 118 1896 170 VENERPA&

399 193 645 244 cacoethea
659 230 672 252 ,
682 197 1003 310 ⁴phagedaenica
1022 200 1295 264 degenerant
1312 232 1325 252 ,
1342 199 1502 264 quibus
1517 201 1650 266 palati
1663 200 1814 249 fornix
1828 199 1971 249 offeus
1986 201 2103 252 carie
2116 211 2230 262 nort}

399 278 635 325 nunquam
655 282 678 310 a
732 282 858 313 nares
880 264 1017 329 usque
1035 264 1305 330 perforatur.

471 335 533 389 30.
563 330 832 377 Membrana
855 331 1079 395 pituitaria
1106 329 1234 374 simili
1266 326 1368 375 labe
1397 327 1564 377 infecta
1593 333 1665 379 vel
1691 333 1739 379 in
1768 332 1955 398 polypos
1987 331 2233 396 fungosps,

402 392 655 447 ulcerosos,
676 395 860 445 callosos
878 428 891 447 ‚
913 392 1296 440 carcinomatodes
1313 393 1544 441 extuberat
1561 414 1573 448 3
1590 398 1661 443 vel
1680 398 1933 462 phlthaenis
1958 398 2156 461 pluribus
2183 400 2235 446 in

407 474 576 505 ozaenas
602 458 674 506 seu
694 461 907 522 malignas
928 458 1279 505 exulcerationes
1297 457 1597 506 desinentibus
1617 480 1808 509 tentatur
1827 497 1839 514 ‚
1859 463 1978 508 unde
1999 461 2256 526 spongiosam

405 523 580 569 narium
601 523 690 570 ossa
705 558 717 577 ‚
736 523 826 571 offa
847 524 952 569 bina
982 523 1270 587 triangulatio.
1289 522 1375 569 nasi
1393 557 1405 573 ,
1425 543 1671 589 vomerque
1693 546 1784 591 quo
1808 526 2053 573 fulciuntur
2070 562 2083 581 ,
2114 529 2236 575 carie

406 586 534 636 erosa
553 606 768 635 corruunt
789 606 891 635 cum
910 588 1134 635 manifesta
1155 588 1241 634 nasi
1264 588 1557 652 depressione.

474 661 548 712 4⁰.
570 655 689 700 Hinc
712 670 799 699 tam
825 653 1058 718 multiplici
1074 652 1244 700 laesione
1261 671 1534 717 organorum
1553 673 1648 719 quae
1664 656 1849 720 loquela:
1867 655 2064 704 serviunt
2078 692 2092 711 ,
2112 656 2238 705 vocis

408 718 663 765 immutatio
678 752 689 770 ‚
713 719 898 764 raucitas
916 752 928 770 ‚
948 719 1154 782 aphonia.

481 791 541 844 50.
570 784 771 845 Gingivae
802 783 1001 848 aphthis‚
1033 783 1306 847 parulidibus
1325 818 1338 835 ‚
1360 783 1583 830 ulceribus
1609 785 1859 831 eroduntur
1878 818 1892 838 ‚
1922 786 2042 832 unde
2072 786 2232 834 dentes

409 847 568 894 dolent
586 881 598 899 ,
625 849 833 895 vacillant
850 882 863 901 ,,
881 847 1034 894 cariosi
1054 848 1165 894 fiunt
1182 883 1194 901 ‚
1215 850 1239 895 ὲ
1260 848 1361 895 sede
1386 849 1616 895 decidunt.

470 920 535 957 60.
570 912 680 959 Inde
710 914 864 959 animae
893 912 1031 959 foetor
1060 914 1305 978 corruptis,
1326 913 1530 960 ulceratis
1557 948 1568 966 ,
1600 911 1951 978 putrescenti-bus
1985 913 2122 968 locis,
2148 915 2238 979 qu&

407 975 584 1042 spiritus
604 977 780 1023 ducitur
796 1013 808 1032 ‚
829 978 995 1024 scilicet
1019 978 1198 1024 naribus
1215 1013 1226 1029 ‚
1246 979 1448 1025 faucibus
1471 986 1514 1025 δέ
1534 997 1626 1025 ore.
1848 994 1849 997 ’

469 1048 485 1087 1
506 1047 561 1087 V.
599 1045 793 1090 Dolores
825 1043 1107 1107 frequentes,
1129 1044 1278 1096 acuti,
1306 1060 1477 1091 atroces
1495 1079 1507 1096 ,
1529 1046 1662 1090 noc‘tu
1693 1046 1738 1087 δέ
1771 1042 1818 1087 in
1842 1042 1959 1088 l-ecto
1991 1043 2234 1108 praesertim

407 1104 591 1152 saeviunt
605 1141 618 1160 ‚
639 1107 747 1154 dum
765 1127 923 1173 corpus
948 1109 1143 1172 stragulis
1162 1109 1347 1155 incaluit
1367 1128 1378 1163 3
1399 1110 1554 1155 natura
1572 1144 1584 1162 ,
1604 1107 1772 1172 gradu,
1796 1107 1898 1153 loco
1921 1109 2082 1155 diverli
2100 1143 2112 1160 ‚
2134 1126 2235 1155 ten-

406 1170 514 1223 sivi,
534 1173 754 1236 pungitivi
769 1208 781 1226 ‚
798 1173 1026 1238 pulsatorii
1047 1174 1117 1220 vel
1138 1174 1433 1228 lancinantes3
1464 1185 1523 1221 10.
1544 1176 1578 1221 li
1603 1173 1786 1237 quidem
1807 1173 1944 1218 modo
1966 1189 2112 1237 partes
2125 1174 2248 1220 must·

408 1235 579 1283 culosas
599 1238 1047 1302 membranaceasque
1063 1273 1075 1290 ,
1109 1244 1152 1284 ἃ
1174 1241 1548 1285 Rheumasicornm
1571 1237 1709 1285 modb
1735 1237 1844 1282 vero
1875 1238 2113 1300 ligamenta
2139 1255 2239 1287 ten·-

407 1300 621 1365 dinesque
647 1305 725 1367 qui
747 1304 956 1350 articulos
975 1304 1176 1350 ambiunt
1195 1336 1206 1355 ‚
1228 1309 1272 1348 &
1298 1305 1616 1350 Arthrtttcornm
1634 1323 1643 1348 ς
1665 1303 1802 1346 modo
1816 1302 1997 1348 demum
2014 1303 2239 1350 musculos-

406 1367 706 1432 articulosque
724 1368 850 1415 fimul
869 1386 1087 1435 occupant
1102 1402 1115 1421 ‚
1132 1373 1177 1414 δέ
1196 1370 1470 1415 Rheumatasco-
1482 1370 1783 1415 arthriticornm
1801 1366 2013 1413 dolorum
2034 1384 2238 1416 naturam

349 1430 350 1437 ¹
410 1431 629 1479 referunt.

468 1505 532 1543 20.
559 1502 678 1543 [nter
698 1514 854 1544 caetera
872 1497 1078 1543 dolorum
1106 1514 1408 1543 venereorum
1426 1515 1588 1560 genera
1615 1496 1827 1560 peculiari
1845 1496 2141 1561 appellatione
2159 1495 2243 1543 de-

405 1560 632 1625 fignantur
655 1562 833 1608 dolores
861 1565 1082 1621 [schiadt‘ci
1097 1600 1112 1616 ,
1140 1562 1305 1625 quibus>
1322 1579 1465 1626 partes
1486 1561 1562 1608 ossi
1587 1561 1729 1607 lscliio
1752 1560 1894 1606 adlitae
1913 1596 1923 1612 ‚
1946 1578 2126 1623 totaque
2157 1579 2239 1607 co-

406 1628 573 1673 xendix
606 1642 789 1674 externa
815 1646 826 1680 3
861 1627 1018 1671 Lumba
1048 1646 1070 1671 α
1094 1666 1106 1681 ,
1132 1627 1217 1690 qurl
1255 1627 1394 1684 lumbi
1426 1625 1775 1690 lumborumque
1809 1626 1994 1671 musculi
2021 1644 2033 1678 3
2062 1625 2244 1672 dolores

406 1691 631 1747 θ’ςεοκέπω
650 1732 657 1745 ,
676 1692 837 1755 quibus
850 1691 938 1738 ossa
952 1645 1138 1757 ipsimet
1155 1691 1476 1738 discruciamur
1493 1725 1505 1744 ‚
1520 1691 1638 1755 quasi
1652 1691 1964 1754 frangerentur
1979 1707 2053 1737 aut
2069 1689 2246 1737 terebra:

404 1755 770 1821 pei-foderentur.

477 1830 538 1880 30.
570 1822 792 1868 Caeterum
823 1836 966 1885 partes
1000 1820 1233 1866 doloribus
1269 1820 1474 1867 venereis
1506 1819 1666 1866 affectae
1697 1821 1969 1886 quandoque
2001 1820 2159 1867 dolent
2193 1825 2241 1866 δε

407 1886 553 1931 calent
574 1887 684 1932 citra
707 1902 930 1931 tumorem
953 1890 996 1930 δέ
1015 1885 1414 1931 inflammationem
1435 1904 1449 1938 3
1471 1886 1628 1930 contra
1652 1887 1759 1931 verb
1777 1887 2047 1948 quandoque
2067 1900 2240 1930 tument

407 1954 452 1996 &
485 1951 816 1996 inflammantur
846 1951 892 1995 in
929 1949 1207 2012 suppuratum
1231 1949 1411 1995 abiturae
1447 1949 1524 1994 nili
1552 1966 1824 1996 occurratur.
1856 1951 1954 1998 Pari
1974 1968 2152 2012 quoque
2172 1950 2245 1994 in·

408 2015 653 2061 constantia
684 2015 867 2062 dolores
895 2014 1035 2060 modo
1068 2013 1144 2059 fixi
1166 2014 1264 2059 sunt
1287 2020 1333 2060 &
1350 2031 1659 2078 permanentes
1681 2048 1691 2066 ‚
1722 2014 1861 2060 modi)
1881 2015 2038 2061 contra
2067 2014 2169 2078 vagi
2194 2019 2242 2060 δε

409 2081 603 2127 erratici.

171 2164 216 2200 v.
235 2160 362 2199 Mmbi
473 2150 527 2190 V.
571 2146 676 2191 Ossa
705 2141 939 2208 multiplici
961 2160 1141 2205 quoque
1178 2160 1302 2188 noxzt·
1335 2158 1487 2207 patent
1520 2161 1530 2187 t
1570 2147 1630 2186 10.
1657 2146 1708 2186 In
1742 2142 1892 2188 media
1921 2147 1967 2188 δε
2000 2142 2244 2189 ἀεηίῖΗῖιῃὲ.

131 2213 275 2254 omum.
409 2226 534 2274 parte
557 2210 603 2254 in
628 2207 850 2264 Ε’ξέςωσρις
877 2224 1106 2253 extument
1125 2225 1317 2269 majores
1336 2206 1586 2253 minoresve
1606 2240 1617 2257 ‚
1634 2207 1772 2252 modo
1794 2207 2030 2253 submolles
2051 2214 2094 2253 δε
2121 2206 2244 2271 quali

410 2272 745 2338 semi-pulposas
765 2305 778 2323 ,
802 2272 938 2317 modo
960 2272 1200 2318 renitentes
1222 2278 1266 2318 δε
1286 2273 1392 2318 vere
1410 2272 1543 2318 osseas
1562 2305 1572 2322 ‚
1593 2288 1687 2333 quae
1711 2288 1828 2316 nunc
1851 2273 2060 2318 atrociter
2078 2306 2095 2325 ,
2120 2290 2240 2319 nunc

410 2337 547 2386 levius
569 2345 614 2384 ἅτ
635 2336 907 2383 tolerabilius
925 2336 1081 2381 dolent
1098 2371 1110 2389 ‚
1128 2337 1220 2382 imo
1241 2336 1349 2383 verb
1363 2339 1631 2400 quandoque
1646 2337 1900 2382 indolentes
1921 2337 2031 2381 sunt.

477 2412 541 2449 20.
575 2403 680 2451 Ossa
701 2403 754 2447 ad
774 2419 997 2448 extremos
1017 2400 1125 2447 fines
1144 2435 1155 2452 ‚
1176 2402 1253 2448 ubi
1282 2402 1515 2465 spongiola
1535 2400 1630 2447 sunt
1648 2406 1691 2446 δέ
1721 2402 1864 2447 minus
1880 2401 2059 2447 densata
2079 2434 2090 2452 ,
2111 2400 2247 2446 taciti

412 2469 667 2515 accretione
687 2467 759 2513 seu
781 2465 1026 2529 γ’περέςωσει
1050 2464 1202 2511 sensim
1233 2467 1473 2512 dilatantur
1505 2472 1550 2511 δε
1581 2466 1907 2518 intumescunt,
1937 2466 2030 2511 tota
2060 2466 2246 2529 quidem

409 2534 530 2580 mole
565 2532 640 2580 sed
669 2532 871 2595 inaequali
901 2547 1047 2576 tamen
1081 2531 1219 2576 modo
1253 2550 1335 2596 pro
1356 2532 1560 2595 inaequali
1593 2532 1818 2594 compagis
1849 2530 2062 2577 denfitate
2086 2564 2098 2582 ,
2125 2530 2245 2576 unde

410 2597 705 2644 articulorum
723 2630 734 2648 ‚
752 2596 806 2642 ad
821 2613 932 2659 quos
945 2595 1017 2639 illa
1032 2594 1186 2640 offium
1202 2597 1344 2661 capita
1359 2598 1583 2660 pertinent
1598 2628 1610 2647 ‚
1625 2611 1774 2641 tumor
1790 2630 1804 2649 ,
1819 2596 1950 2642 dolor
1967 2630 1983 2648 5
1999 2595 2053 2641 ad
2067 2611 2246 2641 motum

411 2660 681 2726 impotentia
696 2695 708 2713 ,
730 2660 959 2719 Α’γκῦλωσις
983 2664 1074 2704 &C-

484 2735 545 2787 30.
571 2727 705 2772 Carie
731 2740 954 2771 tentantur
985 2723 1168 2769 externa
1183 2755 1196 2774 ,
1227 2740 1322 2786 quae
1344 2721 1619 2786 superficiem
1641 2741 1652 2775 3
1672 2723 1850 2769 interni
1869 2757 1881 2775 ‚
1902 2741 1996 2787 quae
2026 2722 2243 2769 meditul-

411 2789 522 2836 lium
541 2809 554 2844 ⁶>
575 2790 842 2840 universali,
872 2806 967 2851 quae
987 2804 1126 2833 totam
1151 2787 1246 2833 offis
1279 2804 1542 2851 compagem
1572 2787 1806 2833 labefactat
1826 2822 1838 2839 ,
1864 2788 1982 2834 unde
2002 2786 2177 2851 fragilia
2196 2793 2247 2834 δε

410 2854 674 2903 semi—exesa
695 2853 911 2901 leviffimo
930 2870 976 2898 ac
995 2851 1090 2898 fere
1112 2852 1234 2898 nullo
1248 2869 1409 2898 conatu
1425 2851 1637 2897 diffiliunt
1656 2857 1700 2897 ὅ(
1722 2852 2089 2916 confringuntur.

480 2929 549 2979 4⁰.
579 2923 676 2966 Inio
697 2920 830 2966 etiam
856 2917 1172 2964 observatione
1193 2934 1473 2983 compertum
1491 2919 1550 2963 e'st
1569 2918 1615 2962 in
1634 2917 1879 2963 demortuis
1902 2918 2146 2964 medullam
2169 2917 2241 2982 ip-

411 2983 597 3031 sammet
613 3019 625 3037 ,
644 3002 738 3048 quae
758 2984 911 3029 ollium
944 3000 1048 3027 cava
1071 2981 1211 3046 replet
1229 3017 1241 3035 ,
1274 2997 1612 3044 nonnumquam
1648 2982 1967 3028 inflammaram
1984 3016 1997 3034 ‚
2030 2980 2240 3046 suppura-

414 3065 504 3095 tam
537 3083 550 3102 ‚
582 3049 878 3095 exulceratam
911 3045 1200 3093 atrocissimos
1241 3053 1287 3093 ὃ(
1328 3048 1433 3094 vere
1469 3049 1726 3111 osteocopos
1752 3046 1932 3094 dolores
1958 3044 2208 3094 excitaviffe
2225 3076 2246 3096 ‚

412 3130 549 3177 ‘atque
570 3112 781 3159 abscessus
795 3145 806 3163 ,
828 3111 1044 3157 exostoses
1061 3110 1254 3158 cariesve
1273 3112 1322 3157 in
1339 3111 1514 3157 interna
1532 3111 1683 3156 offium
1697 3113 1885 3158 cavitate
1905 3109 2175 3175 produxisse.-

481 3185 545 3241 50.
575 3178 758 3226 Constat
786 3191 966 3242 quoque
997 3174 1313 3225 observatione
1344 3175 1436 3224 offa
1468 3175 1656 3223 seminio
1675 3193 1901 3231 venereo,
1919 3192 2008 3239 quo
2046 3172 2129 3220 alte
2153 3173 2242 3219 im-

157 1036 215 1092 IY
243 1034 359 1073 Dolo·

130 1098 188 1124 XCS
208 1100 239 1122 1ss
266 1099 333 1123 va-

132 1138 307 1179 xiislocis.
