2477 3643
199 2728 288 2767 Inde
318 2718 401 2758 fac-

174 2792 255 2820 tum
284 2791 323 2816 ut

172 2835 374 2871 Guaiacnm
392 2851 403 2869 >

172 2886 277 2922 radix
309 2884 401 2920 Chi-

175 2950 224 2973 nae
249 2963 260 2979 ‚
286 2935 404 2972 sarsa-

175 2988 305 3038 patilla
319 3014 329 3030 ,
346 2993 380 3025 &

173 3036 340 3075 sass'afras

175 3091 269 3127 miro
295 3102 377 3127 cum

174 3142 348 3192 applausu

173 3204 322 3245 excepta
332 3190 407 3232 fue-

458 93 547 164 12'2
684 108 705 112 ““
857 119 967 165 DE
1032 114 1415 168 MoRssrs
1475 119 1986 171 venturus.

455 229 481 248 η
501 217 594 248 non
624 202 824 249 accurate
855 204 925 250 ori
956 203 1259 252 intendissent.
1290 200 1516 252 Omnibus
1544 206 1665 254 certe
1699 201 2070 255 exulcerabantur
2098 206 2285 263 fauces}-

455 294 481 314 ..
502 266 653 332 lingua
685 273 733 313 δε
763 267 954 332 palatum
973 302 985 321 ‚
1016 269 1298 316 intumebant
1331 270 1551 333 gingivae,
1589 271 1745 319 dentes
1782 270 2075 325 vacillabant,
2101 271 2278 337 sputum

455 361 479 380 ,ι
501 349 580 397 per
606 350 686 379 ora
712 332 800 379 fine
828 333 1148 381 intermistione
1177 334 1428 398 profluebat
1446 367 1459 387 ,
1487 335 1613 382 omni
1635 336 1837 402 protinus
1863 336 2027 384 foetore
2053 336 2282 391 olentius·,-›

457 425 482 444 2,
507 397 876 461 tantmcontagio
911 413 960 443 ut
987 398 1202 462 quicquid
1234 397 1407 445 oluisset
1433 432 1446 450 ,
1486 400 1629 447 statim
1666 401 1923 464 inquinaret
1960 418 2008 447 ac
2041 403 2283 465 pollueret.-

456 489 481 508 ,ι
505 462 645 508 Unde
663 462 836 508 &labia
851 462 907 508 fic
924 464 1125 509 contacta
1144 464 1266 509 ulcus
1284 462 1519 510 trahebant
1537 470 1583 511 Sc
1603 464 1719 511 intus
1741 465 1888 512 buccae
1909 462 2279 513 vulnerabantur.»

457 556 482 576 ‚‚
510 526 705 573 foetebat
727 527 871 572 omnis
891 526 1008 572 circa
1027 527 1243 573 habitatio
1261 562 1274 580 ,
1305 544 1437 592 atque
1458 528 1572 576 adeo
1608 529 1769 576 durum
1791 546 1886 577 erat
1918 531 2006 576 hoc
2033 531 2280 577 curationis

457 619 483 636 υ
505 609 670 655 genus,
691 607 739 636 ut
752 592 894 655 perire
915 591 1077 638 morbo
1093 593 1344 657 complures
1361 627 1374 645 ‚
1392 593 1526 657 quam
1541 593 1596 640 fic
1613 594 1751 640 levari
1767 595 1963 641 mallent.
1990 598 2281 659 Quamquam

456 683 483 702 υ
505 658 578 703 vix
598 656 856 703 centesimus
873 656 1059 719 quisque
1077 656 1308 705 levabatur
1323 692 1337 711 ,
1363 659 1565 705 recidivo
1582 659 1885 724 utplurimum
1910 677 2027 724 aegro
2045 694 2059 715 ,
2086 659 2186 707 cuam
2202 660 2280 708 vix

457 748 484 767 η
506 739 668 787 paucos
696 720 751 766 ad
768 720 864 766 dies
882 721 1061 768 duraret
1089 726 1181 782 ejus
1210 727 1530 783 juvamentum.

529 813 554 831 υ
583 791 685 832 Hoc
703 800 848 831 autem
867 785 913 831 in
926 787 1135 832 unctione
1153 786 1451 833 miserrimum
1469 787 1556 833 fuit
1574 821 1587 839 ,
1608 789 1741 851 pergit
1758 787 1872 833 Idem
1884 789 2011 851 paule}
2026 783 2136 853 post,
2153 789 2279 854 qubd.

454 875 482 895 υ
501 852 579 914 qui
605 850 660 896 fic
681 848 977 913 medebantur
993 885 1006 903 ‚
1028 851 1298 898 medicinam
1324 852 1400 915 ipsi
1432 870 1524 899 non
1551 850 1785 897 callebant.
1823 855 1989 915 Neque
2019 855 2137 900 enim
2161 855 2280 902 Chi-

453 940 486 960 -η
509 916 673 978 rurgici
703 916 785 961 hac
810 914 982 961 tantum
1006 915 1244 963 utebantur
1262 951 1276 969 ‚
1318 915 1394 963 sed
1419 933 1467 962 ut
1502 915 1804 962 audaciffimus
1833 916 2047 980 quisque,
2078 934 2151 965 aut
2181 920 2283 967 aliis>

453 1004 478 1022 υ
507 979 682 1027 viderat
698 1014 711 1032 ‚
742 995 816 1025 aut
842 980 932 1045 ipse
953 981 1143 1043 tulerat,
1173 981 1235 1028 ita
1260 981 1476 1028 circuibat
1497 981 1730 1027 Medicum
1761 997 1907 1044 agens.
1938 985 2049 1028 Uno
2066 984 2282 1048 quopiam-

453 1073 478 1090 „
497 1045 553 1090 ad
570 1063 725 1106 omnes
757 1061 988 1109 unguento
1015 1045 1251 1093 utebantur
1270 1067 1286 1099 ς
1304 1052 1349 1092 &
1369 1081 1381 1099 ‚
1408 1062 1449 1093 ut
1477 1051 1537 1093 ait
1563 1047 1631 1092 ille
1651 1085 1666 1100 ,
1694 1062 1786 1092 uno
1818 1046 1967 1093 calceo
1993 1065 2150 1095 omnes
2184 1049 2278 1096 cal·-

452 1138 478 1161 s,
502 1109 689 1156 ce'abant
707 1144 721 1162 ‚
742 1127 832 1155 uno
860 1110 1047 1170 collyrio
1065 1129 1221 1158 omnes
1241 1111 1464 1157 sanabant.
1497 1111 1540 1157 Si
1559 1110 1668 1174 quid
1685 1110 1909 1157 accideret
1926 1111 2109 1158 interim
2127 1130 2246 1177 aegro
2259 1148 2276 1168 ,

449 1198 476 1222 κ
497 1174 665 1220 consilii
691 1174 841 1238 inopia
869 1176 979 1239 quid
1008 1160 1243 1222 suaderent
1276 1195 1368 1222 non
1393 1175 1630 1222 habebant.
1658 1174 2017 1239 Ferebanturque
2046 1177 2242 1225 latrones
2261 1213 2276 1233 ‚

449 1271 475 1289 „
496 1256 542 1284 ut
569 1240 617 1285 in
636 1235 815 1304 publico
836 1257 992 1287 errore
1009 1275 1020 1293 ,
1041 1239 1142 1286 cum
1163 1240 1572 1287 obmutescentibus
1593 1240 1786 1287 Medicis
1815 1241 2009 1305 experiri
2036 1242 2244 1289 omnibus
2261 1277 2276 1296 ‚

447 1331 473 1352 υ
492 1304 603 1366 quid
630 1305 827 1357 vellent,
859 1304 1052 1351 liberum
1085 1303 1203 1352 esset.
1236 1312 1391 1369 Itaque
1427 1305 1553 1352 nullo
1581 1305 1744 1352 ordine
1772 1321 1846 1350 aut
1877 1306 2130 1370 pra'scripto
2150 1341 2162 1360 ‚
2193 1302 2279 1354 nisis

448 1399 475 1417 2.
500 1370 622 1431 quod
640 1370 737 1414 aestu
757 1387 806 1414 ac
829 1386 994 1434 vapore
1015 1371 1272 1417 cruciabant
1291 1405 1302 1423 ,
1321 1371 1520 1416 similiter
1539 1387 1695 1416 omnes
1715 1369 1876 1416 nullius
1898 1387 2043 1434 neque
2061 1373 2280 1436 temporis

447 1460 476 1481 a
500 1451 644 1496 neque
674 1449 912 1496 corporum
938 1434 1161 1498 qualitatis
1188 1435 1340 1482 habita
1366 1436 1538 1481 ratione
1557 1433 1826 1481 curabantur
1853 1435 1971 1498 aegri.
2002 1438 2164 1499 Neque
2184 1437 2276 1484 ins-

449 1522 475 1545 σι
496 1498 553 1544 cii
577 1501 858 1562 perunitores
877 1533 889 1552 ‚
924 1501 1156 1545 materiam
1186 1514 1280 1564 q'uae
1310 1500 1459 1546 morbi
1494 1497 1621 1546 causa
1647 1499 1751 1546 effer
1769 1532 1782 1551 ‚
1815 1499 1943 1546 dueta
1969 1500 2071 1546 alvo
2102 1499 2278 1548 subtra-

449 1592 472 1607 ..
500 1563 667 1609 hebant
684 1597 697 1615 ,
724 1580 797 1609 aut
826 1564 942 1611 circa
968 1564 1090 1611 esum
1118 1583 1166 1611 ac
1198 1582 1355 1630 potum
1382 1563 1722 1627 temperantiam
1750 1580 1824 1609 aut
1850 1564 1990 1610 ullum
2013 1564 2150 1611 vietus
2183 1566 2276 1613 dis-—

447 1655 473 1672 „
504 1628 675 1675 crimen
695 1628 971 1674 indicebant.
1003 1629 1209 1676 Tandem
1242 1626 1297 1676 eb
1324 1629 1603 1675 incommodi
1631 1645 1699 1676 res
1724 1628 1967 1681 veniebat',
1993 1644 2041 1675 ut
2069 1629 2276 1678 dentium

447 1719 473 1738 υ
493 1691 590 1738 usus
611 1693 883 1739 adimeretur
900 1727 912 1745 ‚
948 1692 1045 1758 ipsis
1083 1694 1408 1741 vacillantibus.
1435 1698 1501 1741 Os
1527 1693 1696 1756 alioqui
1731 1708 1876 1755 totum
1911 1711 2002 1740 uno
2026 1707 2276 1759 occupante

447 1785 472 1804 υ
502 1757 648 1804 ulcere
667 1757 765 1804 cibi
781 1759 1077 1823 appetentiam
1094 1793 1107 1811 ‚
1132 1759 1366 1822 frigefaeto
1382 1758 1607 1805 stomacho
1630 1764 1675 1804 δε
1697 1757 1905 1805 turbante
1923 1757 2086 1806 foetore
2106 1793 2120 1812 ,
2144 1761 2275 1806 amit-

447 1846 474 1866 5,
492 1837 636 1869 terent
653 1824 771 1885 aegri.
801 1823 1007 1887 Cumque
1025 1822 1111 1868 fitis
1133 1824 1238 1871 effet
1255 1824 1554 1871 intolerabilis
1570 1857 1583 1876 ‚
1606 1840 1755 1870 tamen
1774 1822 1898 1887 quod
1921 1823 1976 1869 ad
1994 1823 2271 1871 stomachum

447 1917 472 1934 υ
493 1885 690 1939 faceret,
731 1887 923 1952 potionis
959 1903 1097 1951 genus
1133 1889 1304 1935 nullum
1330 1887 1658 1935 inveniebatur.
1695 1888 1853 1934 Multis
1887 1887 1942 1933 ad
1965 1888 2235 1953 vertiginem
2257 1922 2273 1944 ,

447 1981 473 2001 ‚÷,
496 1950 761 2014 quibusdam
783 1953 838 1998 ad
859 1951 1076 1998 insaniam
1103 1953 1238 2016 usque
1258 1953 1544 2000 infestabatur
1567 1951 1816 2000 cerebrum.
1856 1953 2134 2000 ’fremebant
2163 1953 2275 2003 inde

447 2042 475 2064 :n
494 2034 586 2078 non
617 2034 770 2063 manus
790 2015 988 2070 tantum,
1020 2016 1095 2063 sed
1117 2018 1252 2083 pedes
1285 2019 1419 2066 etiam
1449 2023 1495 2063 δέ
1530 2016 1788 2064 universum
1816 2034 2005 2081 corpus,
2039 2035 2087 2064 ac
2118 2018 2271 2082 lingua

446 2111 471 2129 υ
493 2080 742 2127 balbutiem
765 2081 968 2127 trahebat
986 2115 999 2133 ‚
1020 2083 1243 2129 nonnullis
1260 2081 1657 2129 immedicabilem.—
1683 2081 1855 2128 Multos
1881 2081 1929 2127 in
1960 2082 2108 2128 media
2143 2101 2272 2130 cura-

447 2170 473 2191 ³1
498 2146 622 2192 tione
643 2147 828 2193 interire
847 2146 942 2193 vidi
961 2180 973 2199 ‚
995 2152 1041 2192 &
1062 2147 1303 2210 quemdam
1323 2147 1431 2193 novi
1452 2146 1506 2193 fic
1538 2147 1794 2193 medentem
1812 2180 1824 2198 ‚
1858 2147 1936 2209 qui
1966 2162 2053 2193 tres
2082 2145 2168 2193 unzi
2193 2149 2270 2195 die

446 2233 474 2256 n
491 2212 613 2259 viros
641 2211 857 2273 agricolas
873 2245 885 2264 ,
906 2229 1007 2257 cum
1028 2212 1151 2257 intrb
1173 2212 1486 2277 hypocaustum
1507 2212 1601 2276 plus
1623 2224 1748 2275 aequo
1768 2213 1944 2256 aestuans'
1962 2212 2234 2258 concluslffet
2252 2246 2269 2266 ,

445 2302 470 2319 υ
500 2294 549 2322 ac
578 2276 644 2322 illi
668 2276 813 2322 salutis
832 2310 844 2327 ‚
871 2293 1005 2340 quam
1024 2275 1079 2322 fic
1098 2277 1335 2341 adepturos
1357 2277 1398 2324 se
1421 2272 1653 2342 sperabant
1672 2310 1684 2328 ‚
1706 2272 1848 2321 studio
1869 2275 2106 2339 patientius
2134 2277 2271 2341 quam·

444 2366 470 2385 ς»
523 2360 570 2387 ar
597 2358 691 2388 erat
720 2341 1031 2393 consisterent,
1061 2341 1207 2388 donec
1241 2341 1422 2388 defectis
1461 2360 1539 2406 per
1570 2340 1730 2388 caloris
1760 2340 2092 2386 vehementiam
2116 2342 2269 2388 cordi-

442 2435 467 2452 η
487 2360 568 2452 ξας.
595 2406 710 2452 mori
737 2423 829 2452 non
854 2404 1066 2453 sentirent
1085 2440 1097 2458 ,
1126 2407 1283 2454 misere
1317 2407 1547 2469 jugulavit.
1579 2405 1704 2453 Alios
1724 2405 1820 2451 vidi
1852 2405 2176 2453 intumescente
2211 2406 2270 2455 ad

442 2498 468 2516 ω
490 2470 638 2517 fauces
660 2487 839 2534 gutture
861 2505 873 2524 ,
896 2470 993 2516 cum
1021 2471 1189 2516 exitum
1208 2490 1300 2517 non
1319 2470 1506 2518 haberet
1526 2471 1662 2518 sanies
1681 2469 1872 2534 primum
1899 2487 2034 2532 quam
2063 2468 2111 2515 in
2140 2470 2273 2535 sputd

442 2562 468 2579 η
500 2535 632 2595 dejici
661 2535 861 2599 oportuit
881 2568 893 2586 ‚
920 2534 1084 2581 deinde
1110 2535 1203 2599 ipse
1231 2537 1366 2582 etiarn
1387 2536 1560 2600 spiritus
1580 2570 1593 2588 ,
1626 2534 1862 2587 suffocari3
1891 2533 2105 2598 quosdam
2127 2568 2139 2587 ‚
2166 2533 2271 2582 cum

443 2626 468 2643 η
488 2600 652 2646 meiere
673 2616 764 2646 non
784 2598 953 2663 poffent
971 2633 983 2650 ‚
1012 2600 1143 2644 mori.
1175 2601 1378 2647 Omnino
1405 2600 1532 2664 pauci
1552 2600 1874 2646 convaluerunt
1891 2633 1906 2652 ‚
1924 2615 2057 2663 atque
2080 2599 2146 2645 illi
2176 2599 2267 2646 hoc

445 2689 470 2707 η
496 2664 694 2728 periculo
717 2698 728 2716 ,
758 2665 838 2710 hac
871 2663 1166 2710 amaritudine
1185 2698 1198 2716 ,
1217 2664 1283 2710 his
1306 2665 1441 2711 malis.-
2190 2679 2212 2705 ὓ

510 2729 644 2774 Haud
674 2729 808 2791 igitur
837 2729 999 2774 mirum
1028 2729 1086 2774 est
1114 2726 1144 2773 si
1168 2730 1413 2775 Guaiacum
1445 2733 1491 2775 &
1518 2728 1690 2791 lignum
1716 2727 1909 2773 sancitum
1929 2759 1941 2778 ,
1971 2740 2091 2771 anno
2130 2740 2267 2791 1517.

446 2790 475 2837 fi
503 2793 802 2838 radix'Chinae
819 2827 831 2844 ,
862 2811 980 2838 anno
1014 2810 1159 2855 1535·
1187 2793 1217 2838 fi
1246 2792 1550 2858 §arsa—patilla
1580 2791 1741 2838 eodem
1768 2791 1943 2837 circiter
1970 2806 2170 2855 tempore
2192 2810 2203 2845 3
2234 2791 2268 2837 fi

449 2857 649 2903 Saffafras
670 2858 798 2921 paulo
822 2853 913 2922 pbst
940 2857 988 2902 in
1020 2858 1178 2905 orbem
1203 2860 1397 2904 nostrum
1429 2857 1550 2904 illata
1575 2857 1689 2902 miro
1719 2873 1820 2902 cum
1847 2853 2054 2920 applausu
2082 2870 2267 2919 excepta

446 2920 612 2968 fuerint
640 2938 849 2985 tanquam
875 2922 1057 2968 humani
1078 2923 1252 2985 generis
1273 2922 1436 2970 soteria
1458 2941 1467 2968 ε
1506 2916 1821 2969 Credebantur
1854 2920 1975 2966 enim
1993 2918 2268 2965 miserrimos

446 3002 706 3050 aegrotantes
738 2993 783 3032 δε
810 2987 834 3031 a
863 2986 1026 3032 morbo
1057 2984 1229 3033 difficili
1259 2993 1304 3034 δε
1334 2987 1357 3033 a
1387 2986 1588 3034 remedio
1617 2981 1780 3032 morbo
1810 2983 2064 3031 difficiliore
2091 2972 2266 3030 ‘libera-

447 3064 557 3096 tura.-
599 3050 687 3096 Sed
717 3052 745 3096 ὃ
774 3051 865 3115 spes
896 3051 1132 3098 hominum
1163 3051 1340 3099 fallaces
1371 3059 1380 3098 Ξ
1422 3051 1553 3098 Brevi
1571 3065 1850 3115 compertum
1878 3049 1964 3096 fuit
1995 3048 2087 3093 lues
2121 3063 2264 3094 vene-
2289 3062 2293 3066 '

447 3133 539 3161 reas
561 3115 658 3160 dari
677 3132 769 3160 non
790 3134 945 3178 paucas
964 3116 1078 3162 adeo
1097 3116 1361 3167 virulentas,
1385 3116 1458 3163 vel
1478 3117 1747 3163 inveteratas
1767 3114 1881 3160 adeo
1898 3146 1912 3165 ,
1931 3127 1980 3158 ut
1998 3111 2114 3157 elusa
2135 3111 2261 3175 omni

446 3178 749 3229 remediorum
778 3179 961 3228 illorum
990 3181 1271 3229 exoticorum
1301 3174 1494 3230 efficacia
1520 3180 1604 3230 soli
1630 3179 1844 3230 cederent
1875 3175 2163 3242 hydragyrosz
2190 3175 2258 3238 le:
