2477 3643
651 115 1045 166 annnlv.
1112 117 1372 166 Canut-
1433 122 1535 168 XI.
1913 148 2011 195 407

246 205 313 261 5⁰.
341 195 478 258 Quod
508 195 537 244 si
564 194 686 244 ulcus
711 197 971 246 canei-osum
999 198 1083 247 esse
1118 199 1322 248 videatur
1341 234 1353 253 ,
1389 199 1446 249 de
1472 219 1564 267 quo
1597 220 1651 252 ex
1689 205 1846 260 dolore
1870 212 2007 264 lanei-

181 277 318 312 nante
347 264 599 321 comediam
619 260 696 308 fiet
712 294 723 313 ,
753 261 1046 311 infundantur
1078 265 1124 311 in
1145 281 1321 312 uterum
1352 265 1467 313 succi
1487 267 1691 332 deputati
1712 273 1974 340 plantaginis
1990 316 2004 336 ,

180 327 436 395 portulacae,
455 326 724 393 sempervivi
740 360 751 378 ,
769 326 985 375 foliorum
1006 329 1075 377 vel
1089 329 1324 376 baccarum
1344 346 1615 380 maturarum
1635 333 1774 384 solani
1790 358 1801 392 3
1817 359 2008 391 cancro-

180 410 280 440 rum
301 392 583 440 fluviatilium
617 395 704 438 &c.
730 391 777 437 in
813 395 1029 441 mortario
1057 395 1269 460 plumbeo
1291 413 1392 441 cum
1414 396 1573 461 pistillo
1601 400 1767 463 pariter
1823 405 2006 456 lumbeo

180 456 347 504 subaCti
366 462 412 505 δε
433 457 572 504 attriti
590 456 735 503 donec
759 457 1008 520 nigrescant
1026 492 1038 511 ,
1060 459 1271 506 addendo
1293 460 1523 520 injeciioni
1543 464 1752 520 cuilibet,
1787 422 1895 517 Eira
1914 473 1937 518 ὲ
1960 491 2007 522 re

181 523 266 570 esse
287 524 492 571 videatur
510 556 521 575 ‚
544 521 688 586 syrupi
710 522 906 568 diacodii
940 540 968 587 3
989 524 1032 585 ij.
1066 540 1139 569 aut
1165 525 1250 571 olei
1269 543 1322 571 ex
1342 526 1504 574 vitellis
1526 546 1718 577 ovorum
1738 566 1750 585 ‚
1771 550 1845 580 aut
1863 538 2009 582 muci-

177 587 336 651 laginis
367 588 584 634 seminum
619 588 759 651 psyllii
797 588 868 634 vel
898 589 978 633 lini
1010 588 1103 655 {ss-
1136 606 1209 635 aut
1236 590 1406 654 plumbi
1433 592 1510 638 usti
1537 592 1684 659 saepius
1710 596 1822 652 loti,
1856 602 2007 650 tuthiae

181 668 430 718 praeparata:
452 686 465 706 ‚
498 653 672 699 cerussa:
693 687 704 705 ‚
737 651 931 698 sacchari
950 654 1177 699 Saturnini
1197 689 1209 707 ,
1234 671 1306 701 aut
1325 657 1573 721 camphorae
1603 659 1676 722 Β).

241 725 308 762 60.
337 718 521 764 Interim
539 736 621 764 nec
640 717 788 763 omitti
810 717 976 763 debent
995 718 1170 765 interna
1205 721 1401 767 remedia
1417 755 1429 774 ‚
1452 740 1547 786 qua:
1580 726 2007 777 adversusinternas

174 777 510 847 suppurationes
529 783 677 829 valent
697 816 709 834 ,
732 783 849 828 inter
869 800 964 845 qua*
985 783 1251 847 potiflimum
1278 785 1509 832 laudantur
1527 788 1759 838 balsamica
1777 831 1789 849 ,
1819 810 1865 840 ut
1890 811 2006 842 tere-

175 844 383 897 binthina
402 849 491 894 lota
511 866 612 893 cum
637 846 843 893 sacchar-o
866 845 1045 893 rosaceo
1067 849 1120 894 ad
1142 864 1171 911 3
1189 848 1234 894 ss.
1256 849 1496 897 balsamum
1519 853 1574 900 de
1589 857 1746 920 Copaii
1772 860 1843 905 vel
1860 862 2005 907 Cana-

175 911 313 960 dense
338 913 393 960 ad
413 913 445 961 9
464 913 511 959 ss.
531 913 672 977 pilulae
689 912 745 958 de
767 912 938 959 Bdellio
958 912 1012 958 ad
1043 913 1075 960 Β
1093 918 1120 975 j.
1144 931 1239 976 quae
1262 914 1422 978 pluries
1446 919 1585 981 repeti
1605 920 1780 984 polsunt
1810 942 1912 970 cum
1935 943 2007 973 re-

173 976 360 1040 gimine.
401 979 498 1024 Imo
540 978 788 1042 putaverim
826 978 922 1022 tuto
951 978 1086 1024 etiam
1123 978 1320 1042 usurpari
1352 980 1470 1044 posse
1508 998 1600 1029 tum
1642 987 1837 1050 opiatam
1864 1023 1877 1042 ‚
1910 1007 2005 1036 tum

175 1060 334 1106 aquam
354 1077 365 1095 ,
388 1043 549 1106 quibus
570 1046 760 1088 Zacutus
780 1042 1001 1088 Lusitanus
1022 1045 1198 1090 testatur
1219 1043 1441 1103 Obfi’rvat.
1464 1051 1529 1104 87.
1563 1049 1611 1093 ὠ*
1635 1055 1697 1096 88.
1720 1052 1815 1099 Lib.
1842 1072 1878 1100 2.
1903 1055 2007 1103 des-

177 1124 331 1171 perata
359 1109 474 1154 uteri
506 1107 654 1153 ulcera
676 1106 700 1152 ci
735 1105 778 1153 se
797 1106 990 1171 perfetste
1011 1107 1156 1154 sanata
1189 1107 1341 1159 fuisse,
1361 1114 1406 1155 ὃς
1436 1128 1624 1174 quarum
1645 1115 1765 1162 usum
1789 1118 1813 1163 a
1838 1123 2008 1166 Lazaro

173 1172 365 1219 Riverio
388 1172 556 1218 laudari
585 1171 792 1217 novimus
815 1206 826 1223 ‚
844 1177 1024 1218 praxeos
1047 1174 1229 1219 Medica
1249 1173 1346 1218 Lib.
1370 1191 1426 1235 15.
1457 1191 1549 1240 cap.
1578 1183 1614 1223 8.
1638 1184 1706 1226 De
1726 1185 1871 1230 Ulcere
1884 1189 2004 1232 meri,

174 1237 263 1283 Sed
288 1237 430 1283 nolim
466 1253 614 1283 tamen
651 1235 1001 1288 dislimulavisle,
1029 1254 1083 1283 ne
1117 1238 1215 1300 quis
1252 1238 1512 1301 imprudens
1534 1242 1730 1301 ejusdem
1752 1249 2003 1299 testimonio

173 1302 363 1348 nimium
383 1301 608 1361 confidat,
634 1305 852 1347 Zacutum
871 1301 997 1347 illum
1022 1302 1313 1365 Aretalogum
1331 1304 1441 1349 mihi
1460 1306 1606 1353 videri
1622 1311 1878 1359 maximum.

235 1374 302 1423 70.
333 1367 377 1413 Si
398 1367 519 1412 ulcus
538 1367 585 1411 in
606 1366 765 1429 vagina
780 1401 792 1419 ‚
811 1365 884 1413 seu
903 1383 949 1412 ut
968 1366 1077 1412 olim
1095 1368 1221 1431 loqui
1239 1367 1473 1421 amabant,
1492 1371 1538 1416 in
1566 1373 1684 1419 collo
1714 1378 1829 1422 uteri
1853 1378 2005 1428 sedem

178 1428 339 1478 habear
360 1465 371 1484 ‚
404 1448 561 1496 praeter
592 1431 854 1493 injestiones
877 1431 1015 1477 morlo
1032 1433 1272 1497 propositas
1288 1468 1299 1485 ‚
1320 1452 1413 1497 quae
1434 1450 1578 1484 tamen
1596 1456 1760 1503 magno
1781 1442 1873 1489 usui
1894 1444 2007 1491 sem<²

204 1513 250 1542 er
270 1494 427 1543 futurae
447 1496 569 1550 sunt,
592 1513 804 1562 poterunt
825 1496 993 1550 ulceri,
1011 1497 1110 1544 cum
1134 1499 1398 1545 inaccessum
1425 1518 1517 1546 non
1555 1501 1604 1548 fit
1623 1538 1634 1555 ,
1655 1523 1881 1569 unguenta
1908 1509 2009 1557 bal-

167 1513 375 1626 Famaque
398 1562 522 1608 varia
546 1563 737 1626 apponi,
769 1580 929 1627 nempe
963 1562 1155 1627 primum
1190 1563 1400 1627 digestiva
1416 1597 1428 1615 ‚
1457 1566 1621 1614 deinde
1644 1568 1834 1618 balsama
1855 1574 2006 1623 deter-

167 1628 318 1690 gentia
334 1661 346 1680 ,
368 1643 413 1672 ut
434 1625 676 1672 balsamum
698 1628 837 1673 Arcaei
856 1661 868 1680 ‚
889 1645 940 1673 ac
961 1627 1142 1674 demum
1164 1631 1286 1674 varia
1303 1630 1521 1693 epulotica
1539 1665 1551 1683 ,
1573 1633 1726 1681 eadem
1749 1638 1878 1702 plani}
1904 1659 2009 1689 mea

166 1690 312 1738 thodo
333 1709 381 1737 ac
404 1691 569 1738 caeteris
585 1692 806 1737 ulceribus
825 1692 1034 1738 omnibus
1060 1711 1155 1756 quae
1171 1693 1345 1758 possunt
1363 1696 1503 1741 oculis
1521 1695 1731 1762 usurpari.

233 1761 297 1802 8⁰.
326 1755 503 1803 Miseris
536 1755 849 1820 aegtotantibus
867 1791 880 1810 ,
900 1755 930 1801 fi
948 1759 1096 1804 noores
1128 1758 1293 1804 ducant
1323 1760 1585 1823 irrequietas
1615 1769 1659 1809 δε
1691 1765 1940 1821 insomnes,
1972 1769 2006 1817 si

171 1818 334 1867 dolore
365 1837 654 1884 torqueantur
686 1821 855 1875 atroci,
892 1821 920 1867 li
959 1839 1112 1869 caetera
1148 1824 1347 1870 remedia
1380 1824 1508 1871 irrita
1540 1824 1736 1882 fuerint,
1774 1835 2002 1882 narcotica

165 1885 423 1932 exhibenda
445 1887 541 1933 sunt
557 1919 571 1939 ‚
601 1886 657 1934 de
677 1886 835 1949 quibus
858 1887 983 1951 supra
998 1921 1010 1939 ‚
1041 1889 1307 1952 paragrapho
1329 1909 1369 1946 7.
1388 1898 1452 1935 πο.
1473 1910 1516 1948 4.
1543 1909 1636 1954 quae
1665 1894 1696 1939 fi
1719 1912 1810 1941 non
1837 1899 1997 1946 mede-

165 1948 255 1996 lam
271 1984 285 2003 ,
308 1967 350 1998 at
380 1951 533 1998 saltem
564 1951 850 1998 certissimum
879 1952 1076 1999 lenimen
1096 1952 1329 2016 praebitura
1350 1954 1448 2000 sunt
1465 1988 1478 2007 ‚
1497 1956 1641 2003 donec
1662 1976 1784 2022 aegrae
1803 1959 1964 2010 dolore
1980 1997 1996 2016 ‚

163 2014 296 2063 febre
326 2048 340 2067 ,
378 2016 481 2062 tabe
511 2015 722 2063 confeciae
756 2016 1053 2065 miserrimam
1083 2022 1129 2064 ὃς
1173 2019 1476 2066 calamitosam
1504 2021 1641 2069 vitam
1677 2042 1782 2072 cum
1808 2027 2001 2078 meliore

166 2080 349 2130 tandem
369 2097 663 2129 commutent.

620 2211 1543 2268 §.1X.PARALYSIS.

222 2342 316 2386 IX.
344 2338 552 2387 Vidimus
571 2337 698 2402 supra
719 2343 829 2402 Cap.
859 2359 891 2398 3.
915 2348 951 2396 §-
974 2356 1014 2395 9.
1033 2346 1096 2384 πο.
1117 2341 1155 2383 8.
1175 2338 1403 2401 Paralysin]
1423 2360 1659 2392 veneream
1678 2346 1855 2410 gemina
1869 2350 1997 2400 causa

162 2403 350 2456 induci,
379 2413 439 2449 10.
465 2402 782 2450 Obstmcffione
809 2420 1052 2449 nervorum
1075 2401 1129 2449 ab
1159 2403 1353 2452 haerente
1383 2407 1580 2473 limpha,
1614 2410 1685 2456 cui
1721 2412 1996 2464 devehendae

163 2468 416 2516 inserviunt
431 2501 443 2520 ,
466 2472 510 2513 δε
531 2484 624 2531 quae
658 2466 832 2531 spiritus
865 2467 1074 2514 animales
1100 2470 1325 2516 constituit
1348 2490 1357 2516 ε
1383 2481 1446 2519 20.
1472 2476 1810 2539 Compreffione
1826 2514 1838 2531 ‚
1860 2498 1993 2544 quam

162 2533 294 2581 nervi
316 2534 541 2598 patiuntffl'
559 2534 584 2578 a
602 2532 734 2579 nodis
748 2566 760 2585 ,
780 2532 969 2597 gangliis
989 2567 1002 2586 ,
1023 2532 1264 2582 tuberculis
1284 2541 1370 2582 &c-
1398 2537 1446 2584 in
1475 2539 1572 2604 ipsis
1598 2542 1758 2603 genitis
1787 2545 1857 2591 vel
1871 2547 1992 2608 juxta

162 2598 350 2654 adnati&

218 2664 265 2711 Si
281 2662 482 2728 paralysis
499 2680 692 2712 venerea
711 2661 842 2709 solito
857 2662 1165 2709 contumacior
1180 2663 1558 2729 hydrargyroseos
1574 2667 1666 2715 vim
1681 2669 1863 2717 eluserit
1878 2705 1890 2724 ,
1914 2673 1990 2720 vix

154 2729 398 2777 ostenditur
420 2729 512 2793 spes
537 2729 625 2776 ulla
641 2727 738 2775 fore
757 2744 804 2773 ut
824 2727 958 2773 causae
976 2762 988 2780 ,
1006 2728 1165 2791 quibus
1184 2728 1361 2775 fovetur
1378 2765 1390 2783 ‚
1409 2749 1503 2795 quae
1533 2737 1620 2794 jam
1649 2733 1727 2780 usu
1764 2739 1985 2786 Mercurii

157 2792 321 2840 discuti
337 2812 427 2841 non
442 2810 681 2858 potuerunt
697 2827 709 2846 ‚
727 2792 1019 2839 discutiantur
1035 2794 1230 2857 unquam
1251 2794 1304 2840 ab
1320 2796 1413 2841 aliis
1433 2798 1641 2844 remediis
1657 2833 1669 2851 ‚
1684 2817 1877 2863 quorum
1897 2802 1990 2850 effi·
2057 2802 2086 2840 st

157 2857 319 2904 cacitas
336 2858 523 2905 inferior
543 2861 614 2905 est.
646 2862 855 2905 Attamen
881 2858 1064 2903 minime
1085 2859 1365 2906 committam
1392 2877 1438 2907 ut
1460 2881 1730 2927 quemquam
1748 2865 1802 2912 ab
1826 2883 1986 2917 eorum

157 2922 461 2971 remediorum
482 2923 560 2969 usu
579 2923 793 2970 dehorter
809 2956 821 2975 ,
840 2939 933 2985 quae
952 2922 1006 2967 ad
1023 2923 1249 2985 paralyfim
1264 2924 1525 2972 solvendam
1549 2929 1695 2974 valere
1714 2932 1957 2980 creduntur
1971 2966 1991 2987 2

158 2993 206 3036 ὃ(
226 3005 318 3052 quae
343 2987 372 3032 si
393 3005 485 3034 non
513 2987 746 3053 profutura
761 2986 843 3032 [int
863 3020 875 3038 ,
900 3002 942 3031 at
963 2987 1083 3032 certe
1103 3004 1266 3034 nocere
1285 3006 1375 3034 non
1395 2993 1569 3054 possunt
1584 3027 1595 3045 ‚
1614 2994 1758 3056 qualia
1778 2994 1876 3041 sunt

227 3062 286 3100 10.
320 3055 516 3099 Decoffilxi
544 3052 614 3098 vel
644 3051 835 3098 bocheta
854 3049 1157 3114 diaphoretica
1177 3070 1229 3098 ex
1250 3053 1378 3117 lignis
1402 3058 1584 3103 Guaiaci
1604 3063 1649 3104 ὃς
1667 3058 1866 3106 Saffafras
1881 3094 1893 3113 ‚
1914 3080 1989 3108 ra.

163 3117 427 3181 dicibusque
454 3116 773 3181 Sarsae-parillae
794 3121 839 3162 &
866 3114 1022 3161 Chinae
1040 3132 1190 3180 parata
1208 3136 1308 3166 cum
1328 3120 1577 3171 antimonio
1594 3124 1760 3180 crudo,
1796 3143 1995 3194 quorum

156 3182 523 3245 exhibendorum
540 3183 658 3236 ratio
683 3187 770 3247 jam
790 3179 939 3247 saepius
958 3180 1153 3247 exposita
1170 3184 1243 3232 est.

2066 2379 2131 2417 IX,
2156 2381 2274 2422 Parta*

2039 2430 2120 2483 lyfis
2152 2436 2239 2472 raro

2041 2495 2276 2528 curationem

2037 2537 2202 2577 admittit
2220 2571 2232 2589 ‚

2037 2588 2097 2626 sed
2136 2592 2274 2635 idoneis

2037 2651 2158 2679 tamen
2187 2658 2255 2682 re·-

2035 2695 2160 2733 mediis
2193 2696 2271 2739 imq

2037 2749 2236 2800 pugnanda

2035 2814 2055 2840 e
2087 2827 2099 2841 .
