2477 3643
922 86 969 134 ὦ·
988 84 1042 135 N
1075 83 1130 132 D·
1150 81 1190 130 13-
1216 82 1260 128 Χ

544 169 720 215 Tumotis
748 166 870 209 balani
898 170 933 207 δι
959 165 1147 221 praeputii,
1175 162 1293 213 pagin.

605 234 625 260 2
646 229 677 261 >6

548 235 758 322 Phinioseos
774 278 810 315 &
827 265 1121 325 Paraphimoseos
1137 294 1148 314 ,
1219 276 1238 302 ι
1242 269 1291 312 56

546 329 735 374 Baliarum
753 325 1039 379 crystallinarum
1052 351 1071 368 „
1219 329 1239 354 2
1244 320 1292 364 56

547 385 767 435 Phymatum
797 385 833 418 &
873 375 1145 417 tuberculorum
1179 368 1294 428 callo-

603 433 726 474 sorum
744 462 754 479 ,
791 445 901 486 atque
934 426 1152 469 chordarum
1192 422 1294 462 skir-

604 485 775 525 rhoidum
793 514 803 531 ,
1220 483 1292 523 267

387 551 629 595 ,symptomata
658 550 861 592 gangraenae
877 534 1090 588 genitalium
1107 561 1117 577 ‚
1222 540 1294 575 272

548 597 773 637 Porrorum,
799 602 1031 628 verrucarum
1058 591 1093 623 ὃς
1122 579 1297 633 condylo-

603 657 743 682 matum
761 673 773 690 ‚
1218 640 1260 671 28
1276 646 1291 670 ι

554 697 769 743 Cristarum‚
784 707 972 732 mororum
988 690 1170 740 ‚ficorum
1186 719 1196 736 ‚
1211 700 1295 725 ma-

608 750 780 790 riscarum
795 754 830 788 &
846 745 1046 837 thas-{adum
1061 745 1119 783 ani
1134 772 1147 790 ,
1221 748 1264 777 28
1274 747 1295 778 6

554 807 640 844 Luis
657 816 815 843 venereae
832 814 901 839 con
932 811 1056 837 rmatae
1073 828 1082 845 ,
1106 818 1112 825 ·
1223 807 1267 842 30
1278 806 1293 830 1

399 868 671 918 symptomatum
709 856 777 894 luis
818 866 977 893 veneteae
1018 848 1186 905 quaedam
1223 850 1297 898 jam

454 908 597 970 prorsus
611 923 787 949 evanuere
802 938 812 955 ‚
1251 909 1295 947 69

555 963 737 1004 Accessere
755 960 922 1014 quaedam
937 957 1005 996 alia
1017 986 1030 1003 ,v
1249 966 1296 1012 70

551 1020 665 1057 Nunc
688 1018 726 1055 in
744 1013 885 1054 summa
908 1023 1065 1060 quatuor
1084 1005 1164 1045 sunt
1186 1005 1301 1057 potis-

604 1070 692 1110 sima
707 1100 717 1117 ‚
748 1063 972 1122 gonorrhoea
988 1094 998 1111 ,
1023 1061 1124 1101 bubo
1139 1089 1150 1107 ‚
1180 1057 1302 1098 ulcus-

606 1124 688 1164 cula
702 1120 870 1162 cancrosa
886 1125 924 1159 δε
937 1118 1032 1170 porri
1051 1146 1065 1165 ‚
1255 1127 1303 1162 70

408 112 502 165 594

1295 1220 1331 1256 T

487 1336 603 1375 Abaci
634 1332 775 1389 spiritus
802 1331 971 1372 laudatur
997 1326 1042 1367 ab
1065 1329 1301 1367 Hartmauno

518 1389 563 1428 ad
579 1389 768 1427 vesiculam
788 1385 1026 1440 crystallinam
1041 1412 1052 1428 ‚
1228 1390 1301 1428 522

554 1443 687 1493 Qialis
703 1439 853 1479 effectus
866 1438 950 1476 inde
963 1433 1128 1475 succedat
1141 1441 1152 1471 ἓ
1227 1445 1247 1478 5
1257 1444 1272 1464 2
1281 1443 1300 1466 z

404 1497 571 1536 Tacitus.
603 1499 720 1533 Locus
737 1494 879 1540 Taciti,
896 1505 1007 1544 quern
1020 1489 1064 1526 de
1080 1488 1137 1524 lue
1150 1482 1302 1522 venerea

455 1546 731 1601 intelligendum
747 1546 815 1586 effe
833 1557 959 1599 putant
977 1574 988 1592 ‚
1009 1542 1204 1594 explicatur
1219 1566 1230 1584 ,
1270 1545 1302 1575 6.

404 1616 577 1694 TarasZm
597 1655 608 1701 (
629 1648 798 1693 Valefcus
814 1649 858 1690 de
876 1654 885 1697 )
911 1664 957 1689 an
973 1647 1173 1702 quidquam
1190 1642 1302 1696 scrip-

458 1705 540 1746 serit
557 1707 595 1743 in
613 1705 780 1744 Philonio
800 1702 863 1744 suo
880 1704 924 1742 de
939 1704 1098 1742 venereis
1116 1701 1224 1757 virgae
1245 1697 1305 1734 ul-

459 1759 599 1799 ceribus
617 1765 651 1798 &
667 1758 815 1810 pustulis
830 1768 840 1797 Ξ
1096 1768 1114 1788 2
1127 1767 1156 1791 1.
1175 1764 1218 1794 (57¹
1228 1752 1304 1800 seq·

406 1818 534 1854 Teme
553 1817 563 1861 (
580 1817 743 1860 joannes
758 1809 914 1864 Baptista
927 1808 976 1847 du
992 1813 1003 1855 )
1023 1805 1171 1846 testatur
1188 1802 1220 1840 se
1235 1816 1306 1840 no-

460 1863 548 1904 viffe
572 1865 762 1904 certiffima
788 1863 933 1903 scientia
949 1861 1133 1914 Hispanos
1149 1857 1307 1898 Colum-

461 1919 552 1958 bum
585 1918 755 1972 sequutos
783 1920 900 1970 primo
924 1918 1051 1954 itinere
1083 1916 1180 1951 luem
1201 1923 1309 1947 vene-

461 1986 561 2012 ream
575 1970 788 2011 contraxisse
806 1974 843 2010 in
869 1969 999 2008 Infulis
1018 1968 1161 2006 Antillis
1173 1995 1185 2013 ‚
1201 1976 1310 2014 atque

464 2025 548 2063 inde
563 2026 601 2061 in
617 2029 801 2075 Europam
818 2021 1009 2061 traduxiffe
1022 2051 1033 2067 ‚
1260 2030 1279 2060 5
1293 2028 1307 2052 1

407 2078 566 2130 Testium
584 2079 727 2111 tumoris
757 2075 900 2114 venerei
916 2072 1103 2125 descriptio
1118 2098 1130 2117 ,
1243 2080 1311 2113 192

565 2125 694 2165 Causae
712 2155 722 2174 ,
1239 2133 1310 2162 192

562 2185 814 2232 Symptomata
831 2208 842 2226 ,
1239 2186 1254 2211 ¹
1263 2189 1281 2218 9
1291 2186 1305 2220 3

559 2233 752 2287 Diagnosis
770 2239 805 2272 δε
822 2228 1012 2286 Prognofis
1026 2257 1039 2278 ‚
1237 2237 1280 2272 19
1289 2239 1310 2268 4

563 2287 715 2325 Curatio
735 2315 746 2333 ‚
1239 2290 1310 2325 194

408 2339 568 2390 >Tettium
583 2353 742 2378 tumores
758 2368 769 2385 ‚
793 2340 856 2390 qui
880 2332 1129 2389 ‘hydrargyrosi
1151 2344 1227 2370 non
1251 2345 1311 2369 re-

458 2392 649 2433 solvuntur
665 2423 676 2440 ,
702 2394 762 2432 vix
779 2392 1003 2430 curationem
1025 2388 1223 2426 admittunt
1243 2414 1254 2433 ,
1277 2389 1314 2422 δε

459 2457 598 2502 quare?
828 2483 832 2487 ,
869 2496 888 2502 ..
1074 2493 1081 2499 ·
1227 2443 1312 2497 ⁴392}

563 2496 714 2553 Qibus
743 2494 910 2535 remediis
936 2492 1085 2535 curandi
1104 2521 1115 2539 ,
1142 2489 1168 2529 fi
1195 2503 1313 2529 curari

617 2549 772 2606 poffint?
1244 2556 1257 2590 3
1265 2559 1312 2590 59

410 2609 627 2646 Teucrorum
654 2608 746 2644 Rex.
784 2601 937 2642 Videtur
950 2597 1020 2640 hoc
1036 2598 1184 2638 nomine
1201 2596 1313 2634 intel-

459 2658 522 2712 ligi
541 2655 806 2697 Chairaddinus
825 2652 1035 2693 Barbaroffa
1053 2683 1065 2700 ,
1238 2657 1312 2696 469

412 2712 646 2749 Theoremm
668 2738 679 2755 ‚
716 2708 847 2761 quibus
880 2706 1059 2746 medicina
1095 2701 1313 2756 amplificata

464 2762 516 2802 est
540 2761 854 2802 observationibus
877 2762 916 2800 in
939 2754 1313 2816 syphiliticisninstitu-

466 2818 511 2854 tis
528 2847 539 2863 ‚
688 2817 691 2820 ⁴
1008 2815 1106 2861 Pras.
1122 2813 1197 2857 vui.
1212 2816 1256 2850 (9‘
1276 2822 1313 2845 ix

412 2870 614 2908 Theraoeia
643 2867 742 2907 nulla
766 2866 787 2905 a
813 2864 969 2917 Medicis
986 2864 1086 2901 initib
1112 2860 1312 2902 adhibeba-

463 2933 521 2961 tur
539 2922 588 2960 lui
605 2934 765 2961 venereae
782 2950 793 2966 ‚
1076 2931 1157 2963 104.
1175 2919 1219 2959 &2
1244 2928 1310 2962 105

565 2976 705 3014 Dernde
736 2971 899 3012 adhibita
925 2969 995 3009 fuit
1021 2970 1201 3022 therapeia
1228 2981 1311 3006 me-

619 3027 766 3067 thodica
779 3025 850 3064 five
862 3024 1044 3062 rationalis
1057 3056 1066 3071 ‚
1090 3038 1167 3072 105.
1180 3023 1225 3065 &
1245 3027 1312 3058 106

563 3080 633 3119 Sed
664 3094 744 3133 quae
775 3091 916 3131 propter
944 3077 1181 3116 inefficaciam
1209 3075 1312 3113 brevi

621 3133 779 3172 exolevit
799 3161 809 3178 ,
1245 3140 1312 3173 107

546 3189 682 3232 ,Tertio
715 3183 921 3237 Therapeia
950 3181 1172 3234 mercurialis
1198 3210 1214 3239 ,
1251 3178 1313 3221 sed

1354 41 1788 128 RERUMJ

1347 168 1454 212 Synco
1476 172 1492 198 e
1509 169 1684 213 venerea,
1867 160 1988 212 pagfn.
2009 166 2089 211 296.
2108 158 2153 206 ό
2175 164 2245 212 με

1346 212 1449 264 Syphi
1469 210 1497 248 is
1525 207 1604 247 vid.
1634 210 1964 257 Luem'gvmeream.

1345 263 1551 315 Syphiliticis
1581 261 1686 315 initio
1717 263 1949 305 interdictum
1973 263 2043 307 fuit
2072 264 2118 305 ab
2140 264 2251 307 omni*

1399 329 1483 355 curn
1500 315 1633 353 caeteris
1650 314 1925 367 consuetudine,
2032 325 2091 367 76.
2110 318 2154 362 ὁ·
2169 317 2241 368 seq.

1497 365 1725 416 jubebantur
1766 369 1974 426 alienigenae
2011 372 2050 410 in
2087 370 2242 425 patriam

1550 418 1661 470 ocyus
1685 434 1722 460 re
1750 422 1822 461 redi
1842 453 1853 470 ,
2155 421 2244 458 ibid.

1501 471 1688 523 Indigenae
1740 477 1816 513 omi
1832 475 1868 515 se
1890 477 2097 522 continere,
2127 473 2183 512 vel
2196 471 2244 512 ad

1554 523 1745 564 destinatas
1762 527 1891 566 domos
1906 529 2099 569 concedere
2112 526 2174 567 ubi
2191 523 2244 572 se-

1550 589 1676 631 greges
1697 579 1866 636 degerent
1892 583 2007 623 donec
2032 574 2243 621 convaluis-

1547 630 1624 668 sent
1638 662 1648 678 ,
2192 645 2243 681 77

1499 683 1613 722 Haud
1641 697 1762 724 tamen
1790 684 1908 724 visum
1932 684 2001 724 fuit
2030 683 2173 725 eosdem
2197 683 2243 724 ad

1555 735 1766 779 nosocomia
1789 738 2140 791 elephantiacorum,
2165 751 2245 790 quae

1555 789 1684 842 praesto
1704 806 1805 832 erant:
1833 792 1985 838 deduci,
2016 805 2063 828 ne
2090 791 2248 846 leprosos

1554 844 1654 882 nova
1671 852 1706 886 &
1722 845 1843 885 aliena
1856 847 1914 885 lue
1927 844 2112 884 inficerent
2127 875 2140 894 ‚
2200 850 2244 891 813

1350 902 1504 947 Syrupus
1531 898 1652 936 Sancsti
1669 899 1849 939 Ambrosii
1872 899 1968 940 utilis
1992 898 2039 936 ad
2053 896 2250 939 curandam

1406 948 1502 988 luem
1521 963 1711 992 veneream
1724 983 1734 1000 ‚
1908 966 1923 991 1
1935 961 1988 990 16.
2007 957 2094 996 482.
2112 953 2156 993 (9⁸
2173 964 2245 1001 49)

1352 1011 1502 1052 syrupus
1533 1004 1655 1045 Sancti
1688 1005 1867 1046 Ambrosii
1891 1005 2057 1047 laudatur
2084 1003 2129 1044 ad
2152 1004 2251 1043 luem

1410 1069 1600 1095 veneream
1615 1086 1628 1105 ,
2171 1070 2193 1098 ,1
2205 1063 2249 1097 16

1556 1335 1638 1374 quae
1665 1323 1771 1361 initio
1797 1321 1818 1361 ‘a
1842 1320 2019 1375 plerisque
2047 1318 2254 1368 damnaba-

1561 1387 1620 1412 tur
1634 1405 1645 1422 ,
1953 1396 1956 1399 ,
2184 1387 2253 1416 107

1355 1427 1551 1475 Therapeia
1585 1428 1745 1466 Bubonis
1777 1429 1920 1467 venerei
1953 1427 2256 1467 carcinomatodis

1409 1482 1587 1520 curatoria
1603 1511 1615 1528 ,
2181 1494 2201 1517 2
2210 1494 2223 1528 3
2231 1497 2254 1527 9

1510 1535 1741 1587 Mitigatoria
1759 1564 1771 1581 ‚
2184 1547 2259 1580 ²40

1359 1587 1512 1626 Therma
1537 1585 1619 1625 satis
1637 1588 1767 1626 temere
1781 1585 1974 1626 laudantur
1987 1584 2009 1625 a
2024 1588 2192 1630 Viazorio
2206 1586 2254 1625 ad

1410 1641 1635 1680 curationem
1657 1641 1725 1679 luis
1742 1654 1899 1679 venereae
1916 1670 1926 1687 ,
2182 1654 2255 1689 475

1512 1694 1769 1747 Improbantur
1783 1694 1804 1733 a
1820 1692 2024 1733 varandaeo
2038 1722 2051 1739 ,
2181 1707 2200 1741 5
2214 1706 2262 1740 14

1361 1745 1541 1783 Thuillier
1576 1755 1585 1791 (
1606 1748 1759 1786 Carolus
1781 1752 1789 1791 ὶ
1826 1748 1974 1800 ingenio
2001 1751 2036 1784 &
2061 1744 2265 1791 eruditione

1416 1798 1498 1839 satis
1525 1800 1639 1838 valuit
1655 1829 1667 1848 ,.
1692 1800 1751 1838 sed
1776 1802 1813 1837 in
1840 1814 1883 1838 eo
1912 1797 2134 1851 culpanduS,
2160 1798 2264 1852 quod

1414 1854 1458 1893 de
1489 1853 1642 1892 utilitate
1668 1851 1972 1907 hydrargyroseos
1998 1851 2186 1900 detrahat,
2225 1857 2264 1892 δε

1415 1921 1586 1946 arcanum
1620 1920 1800 1959 proponat
1836 1909 1937 1958 cujus
1965 1908 2264 1959 praeparationem

1416 1962 1460 2000 de
1476 1958 1651 1998 industria
1670 1961 1760 1999 celat
1778 1989 1791 2008 ‚
2186 1974 2207 2009 5
2218 1972 2263 2007 39

1367 2017 1544 2052 :sinetur-a
1565 2012 1720 2051 'aurifica
1736 2043 1747 2060 ,
2186 2017 2266 2059 416

1518 2065 1667 2104 Ambrae
1681 2065 1900 2118 griseae'curn
1914 2063 2009 2116 aqua
2025 2061 2208 2110 Rabelii‚4
2220 2079 2264 2112 19

1366 2118 1536 2154 Tinnitus
1561 2120 1704 2156 aurium
1717 2132 1887 2156 venereus
1898 2118 1918 2155 a
1934 2117 2092 2168 Pallopio
2106 2117 2265 2168 primkim

1414 2167 1626 2209 observatus
1641 2172 1733 2209 circa
1746 2185 1882 2209 annum
1905 2180 2010 2218 1562.
2084 2175 2140 2207 68.
2157 2172 2202 2213 c'y·
2219 2181 2265 2218 69

1365 2223 1538 2264 Timn'tus
1566 2225 1709 2262 aurium
1723 2224 1743 2262 ὲ
1761 2225 1819 2261 lue
1835 2222 1986 2261 venerea
2000 2253 2010 2269 ‚
2034 2230 2114 2269 316.
2131 2225 2174 2264 ό·
2191 2237 2264 2271 529

1365 2277 1578 2316 Tomitanus
1599 2280 1611 2321 (
1628 2277 1865 2315 Bernardinus
1882 2280 1892 2326 )
1921 2275 2069 2314 credidit
2084 2288 2187 2313 aetate
2202 2275 2266 2315 sua⁵

1415 2325 1512 2365 luem
1529 2341 1721 2368 veneream
1739 2330 1784 2368 ad
1800 2341 2000 2373 extremum
2017 2328 2156 2367 senium
2180 2343 2265 2381 per-

1416 2378 1550 2420 venisse
1564 2411 1574 2427 ,
2213 2396 2264 2431 γι

1514 2432 1646 2473 Refert
1672 2434 1693 2474 ὲ
1716 2432 1750 2474 se
1776 2433 1880 2474 visos·
1901 2434 2002 2473 fuisse
2030 2434 2122 2474 duos
2148 2434 2266 2475 tresve

1569 2500 1786 2540 aegrotantes
1803 2489 1861 2527 lue
1879 2489 2030 2527 venerea
2050 2488 2203 2528 infectos
2221 2488 2265 2527 fi·

1571 2554 1617 2579 ne
1637 2543 1771 2591 praevio
1790 2542 1922 2580 morbo
1939 2542 2014 2580 ullo
2031 2556 2184 2581 venereo
2204 2542 2266 2580 lo-

1574 2594 1640 2631 cali
1656 2624 1666 2641 ‚
2213 2610 2258 2643 95

1517 2645 1585 2685 Sed
1601 2647 1695 2685 illius
1713 2645 1982 2686 observationes
2001 2646 2167 2685 videntur
2184 2661 2266 2687 me-

1568 2698 1642 2739 rito
1659 2699 1827 2753 suspestae
1844 2730 1855 2748 ‚
2169 2702 2263 2737 ibzd.

1365 2753 1508 2792 Torella
1539 2755 1549 2799 (
1570 2752 1737 2805 Gasparis
1754 2761 1764 2801 )
1794 2752 1969 2792 sententia
1983 2751 2027 2790 de
2043 2753 2181 2805 origine
2195 2754 2268 2792 luis

1417 2819 1579 2847 venereae
1593 2836 1605 2853 ‚
2212 2822 2236 2853 4
2245 2821 2262 2846 1

1518 2858 1719 2898 Consilium
1746 2858 1792 2897 ad
1818 2859 1915 2898 luem
1939 2869 2128 2897 veneream
2153 2861 2267 2897 extir-

1572 2912 1731 2964 pandam
1749 2941 1759 2959 ,
1817 2956 1820 2957 ⁷
1970 2911 1978 2914 ”
2217 2928 2238 2962 7
2245 2926 2260 2960 3

1367 2973 1513 3007 Tremor
1536 2979 1681 3004 artuum
1696 2965 1718 3004 a
1732 2966 1789 3004 lue
1805 2962 1956 3003 venere&⁴
1971 2994 1984 3012 ‚
2020 2969 2102 3011 296.
2123 2977 2203 3014 317.
2218 2965 2266 3009 (5-

1418 3025 1493 3066 408
1515 3069 1645 3111 Cordis
1662 3099 1674 3117 ,
2019 3068 2159 3113 aa&
2182 3073 2265 3119 με.

1366 3121 1731 3229 Τΐίενῑῖἒῖρεὶὶοῑα
1744 3123 1783 3163 in
1799 3119 1974 3176 pudendis
2000 3119 2086 3164 Vid.
2105 3122 2265 3173 Phyma-
