2477 3643
177 228 298 266 vitatis
313 227 411 265 loco-

178 294 260 318 rum
305 281 393 320 illo-

182 345 275 372 turn.

212 1901 284 1943 Sed
299 1903 419 1940 ratio-

186 1969 227 1994 ne
255 1955 418 1992 stru-stu-

185 2020 234 2046 1ae
255 2007 417 2058 peculia-

189 2061 238 2097 ris
253 2087 264 2104 ‚
292 2072 370 2110 quae
388 2059 420 2095 iu

185 2111 261 2148 illis
282 2110 369 2147 loeis

186 2163 381 2215 conspicua

186 2215 250 2251 est.

244 3196 297 3239 Ut
314 3193 434 3235 multis

449 114 550 174 242
820 111 915 163 DE
981 115 1933 164 MoRsststNERErs:

448 196 596 243 bitum
616 214 627 251 ;
649 199 696 243 δε
723 196 896 244 idcirco
921 195 1039 242 illius
1058 194 1250 257 energiae
1287 198 1333 239 &
1354 191 1558 241 efficaciae
1576 194 1684 241 inde
1719 195 1858 259 magis
1886 208 2064 259 pateant
2087 212 2173 261 prae
2203 204 2292 243 cae-⁸

451 262 557 310 teris
577 262 788 327 partibus.
823 261 909 309 Sed
931 261 1046 306 hanc
1064 260 1265 324 priorem
1292 257 1465 305 causam
1487 294 1500 312 ‚
1524 278 1793 324 quamquam
1815 260 1870 306 ad
1892 260 2111 307 ulcuscula
2128 262 2176 307 in
2193 279 2285 308 me-

447 329 632 375 moratis
662 327 860 392 partibus
886 323 1164 388 frequentius
1201 322 1494 386 producenda
1523 323 1731 371 conferre
1760 325 1931 379 valeat,
1963 323 2100 373 solam
2132 342 2296 382 tamen<

448 392 652 440 sufficere
682 391 866 439 minime
887 389 1111 436 credimus
1127 422 1140 441 ‚
1162 404 1211 434 ut
1232 389 1278 433 in
1305 387 1388 434 illis
1407 389 1579 435 tantum
1612 389 1720 435 locis
1743 390 2067 454 producantur.

524 467 584 504 10.
612 457 750 517 Quod
777 456 886 501 cutis
914 455 1039 518 penis
1081 458 1127 499 δέ
1163 469 1347 498 externa
1376 455 1574 517 praeputii
1600 454 1735 501 facies
1757 456 1803 501 in
1823 455 1957 508 viris;
1977 471 2161 502 externa
2177 456 2288 503 verb

446 523 653 588 pudendi
673 521 789 567 labia
811 525 855 566 δέ
879 535 1025 564 totum
1051 516 1433 564 interfoemineum
1454 520 1502 564 in
1529 520 1790 566 mulieribus
1808 554 1821 572 ,
1851 520 1956 566 licet
1980 520 2193 568 virulenti
2224 521 2289 567 sess-

450 589 583 634 minis
603 585 824 633 contactui
851 601 945 630 non
979 599 1070 629 tam
1098 581 1249 629 forsan
1279 599 1456 646 pateant
1484 584 1532 630 in
1565 585 1809 630 concubitu
1826 618 1839 638 ,
1863 602 1944 632 nec
1973 584 2123 632 semen
2151 585 2290 633 vitio-

450 653 548 699 sum
566 686 578 704 ‚
596 669 687 715 quo
712 648 849 696 semel
868 648 1049 695 madent
1072 681 1084 700 ,
1123 663 1218 693 tum
1251 647 1329 694 diu
1356 649 1580 696 retineant
1606 666 1744 712 opere
1773 649 1982 696 confeeto
2004 684 2016 703 ,
2047 651 2184 714 quam
2212 650 2292 696 ba-

452 718 573 765 lanus
594 723 639 763 &
664 715 890 762 internum
911 713 1172 778 praeputium
1190 746 1201 764 ‚
1225 729 1298 758 aut
1334 714 1502 776 vagina:
1533 720 1580 760 δε
1615 714 1758 760 vulvae
1785 714 2004 760 interiora
2034 734 2046 768 ;
2075 733 2159 763 nec
2183 716 2291 762 ideo

450 780 612 846 possint
640 796 730 826 tam
768 779 1026 842 frequenter
1060 776 1293 824 ulcusculis
1329 778 1521 825 infestari
1550 798 1562 832 ·‚
1600 794 1643 824 at
1673 778 1825 825 saltem
1852 778 1930 825 nifi
1957 780 2041 825 alia
2072 780 2291 826 obstiterit

452 846 569 894 ratio
588 878 600 897 ‚
628 844 847 892 deberent
873 842 1116 907 aliquando
1138 841 1372 889 ulcusculis
1393 849 1437 889 δε
1458 842 1549 906 ipsa
1568 842 1710 896 affici,
1737 843 1838 889 cum
1872 860 2042 889 certum
2064 843 2114 889 sit
2134 850 2179 891 δε
2198 845 2293 909 ipsa

452 910 635 958 seminis
670 909 883 956 virulenti
918 907 1142 955 contaitui
1164 913 1210 955 δεῖ
1232 907 1436 955 efficaciae
1467 908 1567 955 satis
1594 908 1672 955 diu
1705 906 1876 972 objici,
1903 909 2029 973 quod
2051 924 2200 957 tamen
2222 927 2295 957 re-

453 992 621 1042 pugnat
651 973 956 1039 experientiae.>

520 1049 584 1086 20.
614 1040 752 1098 Quod
771 1040 860 1086 haec
879 1037 971 1104 ipsa
990 1037 1248 1102 genitalium
1270 1037 1367 1083 loca
1385 1071 1396 1090 ‚
1416 1036 1494 1083 ubi
1514 1036 1737 1100 ulcuscula
1753 1038 1972 1102 pullulant
1988 1072 2001 1091 ,
2019 1039 2159 1085 modo
2180 1056 2292 1103 ope-

455 1122 507 1152 [e
536 1105 741 1152 confecto
765 1106 907 1151 statim
934 1105 1192 1152 eluerentur
1212 1137 1224 1156 ‚
1254 1103 1327 1148 vix
1358 1103 1498 1148 ullum
1530 1103 1554 1148 a
1580 1102 1662 1148 s1tu
1681 1102 2007 1151 detrimentum
2029 1105 2117 1168 pati
2150 1105 2294 1151 debe-

456 1186 557 1216 tent
577 1189 662 1235 prae
683 1171 848 1216 caeteris
868 1170 1130 1233 genitalium
1160 1168 1357 1232 partibus
1376 1201 1388 1220 ,
1416 1185 1510 1231 quae
1542 1168 1589 1213 in
1620 1168 1865 1214 concubitu
1883 1169 2108 1215 virulento
2141 1167 2297 1216 semini

456 1236 645 1300 perinde
675 1236 818 1281 obviae
852 1235 991 1282 fuere.
1029 1239 1179 1281 Docet
1211 1249 1361 1280 tamen
1392 1233 1668 1297 experientia
1690 1233 1825 1280 etiam
1847 1251 1949 1280 cum
1978 1234 2027 1280 ea
2050 1234 2258 1280 cautione
2279 1267 2294 1285 ,

456 1317 554 1363 quae
579 1300 809 1346 videretur
837 1299 1077 1346 discrimen
1104 1315 1327 1362 aequatura
1345 1331 1357 1350 ‚
1388 1296 1610 1343 ulcu'scula
1639 1298 1686 1342 in
1721 1298 1806 1344 illis
1836 1299 1946 1344 locis
1972 1316 2065 1344 non
2094 1300 2192 1345 raro
2212 1333 2225 1351 ‚
2247 1299 2296 1344 in

459 1365 555 1411 aliis
576 1365 684 1412 verb
705 1382 947 1428 numquam
968 1365 1112 1411 enasci
1132 1398 1143 1416 ‚
1166 1364 1289 1426 quod
1311 1362 1502 1427 proinde
1520 1362 1700 1410 videtur
1720 1379 1814 1409 non
1840 1381 1894 1410 ex
1920 1363 2014 1409 solo
2046 1362 2126 1410 situ
2147 1362 2221 1411 sed
2241 1381 2295 1410 ex

458 1430 542 1476 alia
571 1430 798 1495 penitiore
826 1428 953 1476 caus&⁸
978 1429 1272 1494 repetendum
1302 1427 1401 1474 effe.

529 1504 591 1557 30.
628 1495 764 1554 Quod
794 1511 1034 1558 utcumque
1056 1512 1123 1540 res
1143 1493 1184 1540 se
1203 1492 1365 1539 habeat
1383 1492 1429 1538 in
1455 1491 1633 1556 impuro
1655 1491 1898 1538 concubitu
1917 1525 1929 1544 ‚
1950 1497 1996 1537 δε
2025 1491 2071 1537 in
2093 1491 2293 1538 ulcuscu-

458 1559 512 1608 lis
531 1577 627 1623 quae
649 1559 890 1606 concubitu
918 1560 1243 1605 contrahuntur
1261 1592 1274 1609 ,
1304 1573 1347 1602 at
1378 1556 1532 1602 saltem
1558 1557 1711 1602 omnia
1729 1557 1849 1620 paria
1879 1555 2028 1602 futura
2057 1556 2137 1603 sint
2167 1557 2196 1601 si
2227 1558 2295 1603 ul-

458 1624 635 1671 cuscula
663 1625 773 1670 citra
806 1625 1097 1670 concubitum
1117 1625 1141 1669 a
1164 1621 1382 1686 syphilide
1411 1621 1576 1667 latente
1598 1620 1754 1685 sponte
1774 1621 2123 1685 progerminent.
2151 1621 2298 1668 Cons-

461 1705 526 1736 tat
546 1706 695 1736 tamen
723 1689 857 1736 etiam
889 1690 936 1735 in
969 1690 1048 1735 illo
1078 1688 1177 1735 casu
1199 1686 1420 1733 ulcuscula
1454 1686 1502 1731 in
1538 1686 1673 1733 certis
1698 1686 1868 1732 tantum
1896 1685 2158 1748 genitalium
2187 1687 2299 1734 locis

459 1754 606 1802 enasci
632 1755 804 1803 intaCtis
838 1754 934 1800 aliis
957 1787 970 1808 ,
1006 1754 1130 1819 quod
1168 1769 1272 1800 tunc
1308 1751 1495 1800 evidens
1528 1752 1587 1798 est
1610 1751 1634 1797 τὶ
1663 1752 1856 1817 partium
1886 1750 1966 1798 litu
2000 1751 2184 1797 minime
2215 1751 2296 1799 de-

463 1821 676 1885 pendere.

525 1889 594 1931 11.
650 1884 812 1947 Liquet
850 1900 959 1947 ergo
984 1900 1037 1930 ex
1065 1881 1193 1929 causa
1219 1881 1357 1928 altera
1375 1914 1388 1932 ,
1418 1879 1586 1927 scilicet
1614 1879 1828 1944 peculiari
1863 1880 2071 1928 struitur-:⁶1
2133 1880 2295 1927 artium

463 1966 559 2013 quae
587 1948 728 1996 solent
748 1948 980 1994 ulcusculis
1005 1946 1199 1994 infestari
1220 1981 1232 1999 ,
1255 1945 1572 1993 deducendum
1608 1942 1694 1992 elle
1713 1978 1725 1998 ‚
1761 1963 1839 1992 cur
1874 1962 1998 1991 certo
2037 1899 2296 1993 diligt-imme

465 2029 611 2078 partes
628 2014 710 2059 illae
732 2030 817 2077 prae
839 2013 1003 2060 caeteris
1035 2012 1297 2076 genitalium
1318 2010 1517 2076 partibus
1532 2009 1636 2056 huic
1655 2010 1770 2057 malo
1784 2010 2069 2073 ,singulariter
2089 2010 2296 2057 obnoxia:

466 2079 563 2125 sint.

530 2148 678 2190 Docet
703 2158 851 2188 autem
872 2140 1110 2188 Anatomia
1134 2141 1182 2186 in
1206 2139 1313 2186 viris
1338 2139 1560 2186 internam
1581 2138 1780 2203 praeputii
1799 2154 2028 2202 totamque
2047 2138 2195 2185 balani
2220 2138 2292 2186 fa-

467 2207 580 2255 ciem
601 2242 612 2259 ‚
642 2207 717 2254 sed
738 2206 976 2271 praesertim
996 2206 1122 2252 fraeni
1139 2207 1278 2252 latera
1298 2211 1343 2251 &
1364 2222 1535 2251 coronae
1552 2204 1850 2269 peripheriam
1868 2222 1878 2257 ·‚
1900 2205 1948 2249 in
1969 2204 2163 2250 foeminis
2187 2205 2295 2251 verb

464 2273 688 2320 internam
717 2272 874 2318 faciem
902 2271 1043 2318 vulvae
1064 2277 1109 2317 &
1129 2271 1467 2317 caruncularum
1490 2271 1692 2315 onmium
1718 2286 1811 2331 qua:
1839 2269 1886 2313 in
1918 2270 2098 2314 vulvam
2129 2270 2301 2332 promi-

465 2354 575 2385 nent
594 2372 606 2389 ‚
630 2338 863 2402 ipsumque
895 2337 1062 2399 vaginae
1091 2336 1359 2401 principium
1380 2340 1426 2380 &
1445 2333 1748 2395 myrtiformes
1776 2335 2061 2386 carunculas,
2091 2351 2186 2398 quse
2218 2352 2299 2380 va-

464 2403 576 2466 ginae
620 2403 811 2454 adstant,
841 2401 1082 2448 denslffime
1112 2400 1331 2447 consterni
1359 2399 1543 2446 vasculis
1569 2397 1813 2444 numerosls
1832 2432 1843 2450 ‚
1874 2398 2197 2451 minutiffimis‚
2224 2398 2299 2445 vix

463 2468 718 2513 ,semi—linea
746 2465 977 2531 profundis
996 2500 1006 2517 ,
1036 2466 1251 2529 parallelis
1271 2499 1282 2517 ‚
1311 2463 1567 2525 cylindticis
1584 2497 1597 2516 ,
1629 2463 1747 2509 cavis
1769 2497 1781 2514 ,
1802 2463 1955 2508 infima
1984 2480 2107 2524 parte
2142 2463 2263 2509 caecis
2283 2496 2297 2515 ,

467 2532 603 2579 altera
634 2531 883 2578 extrorsum
918 2530 1248 2578 dehiscentibus
1281 2530 1404 2576 tenui
1437 2528 1588 2574 osculo
1609 2561 1621 2580 ,
1641 2546 1735 2590 quae
1755 2527 1778 2573 a
1800 2528 2062 2574 circumfluo
2086 2527 2298 2590 sanguine

466 2597 704 2642 hur-norem
736 2598 980 2660 pinguem,
1021 2595 1169 2640 album
1198 2628 1211 2646 ,
1246 2594 1511 2645 sebaceum‚
1549 2592 1749 2639 virosum
1789 2592 2023 2640 secernunt
2060 2592 2301 2638 secretum-

467 2679 555 2723 que
580 2660 770 2706 stillatim
805 2676 1021 2708 evomunt
1041 2693 1053 2712 ‚
1075 2658 1194 2705 unde
1216 2659 1407 2721 partium
1426 2657 1588 2703 laevitas
1603 2691 1616 2708 ‚
1649 2656 1795 2703 sensus
1815 2691 1827 2709 ‚
1848 2657 2059 2702 mollities
2077 2689 2089 2708 ,
2118 2656 2302 2702 lubrici-

471 2740 534 2770 tas
563 2726 722 2786 jugiter
748 2724 961 2771 foventur
979 2758 990 2775 ,
1014 2723 1087 2769 sed
1105 2723 1225 2770 unde
1246 2723 1272 2767 si
1294 2722 1449 2768 loturae
1470 2737 1669 2785 parcatur
1693 2720 1845 2766 sordes
1866 2721 1994 2766 brevi
2019 2723 2300 2768 cumulantur

469 2789 710 2835 subalbidae
728 2823 740 2841 ,
761 2788 915 2836 oleosae
933 2823 943 2840 2
964 2787 1112 2835 foetidi
1134 2794 1178 2833 δεῖ
1211 2787 1430 2850 gravioris
1447 2786 1615 2832 odoris.
1634 2785 1746 2831 Inde
1766 2801 1876 2847 ergo
1903 2803 2093 2849 pronum
2113 2787 2171 2832 est
2189 2803 2300 2831 con-

470 2854 604 2913 jicere
627 2854 845 2919 descripta
866 2853 1036 2900 vascula
1061 2870 1257 2899 venereo
1287 2850 1476 2897 seminio
1506 2849 1790 2915 peculiariter
1821 2849 1986 2910 objici3
2007 2850 2196 2895 humore
2230 2849 2299 2894 se-

471 2918 612 2966 bacco
636 2936 770 2982 quem
792 2919 1026 2965 continent
1045 2955 1054 2969 ,
1070 2918 1194 2963 simul
1215 2936 1262 2963 ac
1280 2915 1492 2980 inspirato
1515 2913 1724 2977 contagio
1741 2931 1936 2961 venereo
1954 2929 2186 2978 corruptus
2202 2912 2297 2958 fue-

469 2983 530 3028 rit
549 3016 561 3034 ,
600 2983 772 3029 dilatari
792 3018 804 3036 ‚
825 2983 1093 3029 inflammari
1112 3016 1124 3035 ‚
1150 2982 1310 3033 erodi,
1335 2979 1579 3027 exulcerari
1601 3014 1613 3032 ,
1637 2996 1726 3024 uno
1761 2979 1904 3025 verbo
1936 2978 2166 3025 ulcusculis
2192 2994 2298 3022 can-

473 3047 604 3094 crosis
645 3047 838 3094 infestari
859 3083 873 3101 ,
909 3066 1100 3112 quorum
1135 3064 1238 3095 vera
1268 3045 1349 3092 smt
1385 3051 1429 3092 δε
1465 3046 1644 3110 propria
1673 3042 1809 3091 sedes.
1847 3044 1933 3092 Sed
1973 3044 2031 3091 de
2066 3042 2132 3088 his
2166 3039 2295 3088 fufius

470 3111 604 3161 infra.

530 3176 650 3228 Huic
675 3189 824 3225 autem
843 3178 1101 3239 conjedturae
1120 3176 1259 3225 multa
1278 3172 1586 3240 suffragantur.
1614 3182 1675 3222 10.
1706 3173 1846 3235 Quod
1866 3187 2060 3222 venerea
2076 3168 2302 3225 ulcuscula
