2477 3643
194 3094 224 3132 1.
239 3095 391 3152 Tumo-

166 3157 226 3182 188
272 3158 395 3184 varla-

167 3208 252 3237 xum
290 3198 395 3253 glan-

406 147 516 207 ‘312'>
771 136 878 186 DE
939 134 1309 184 MORBrS
1372 132 1885 183 VENEREIS.

408 240 488 289 per
515 217 618 268 vasa
640 219 815 285 integra
843 218 1033 272 nutriri3
1065 215 1254 282 perenni
1284 213 1518 278 spirituum
1546 234 1623 281 per
1651 236 1814 265 nervos
1843 215 2039 266 illibatos
2066 219 2242 268 influxu

409 285 656 341 viviscere3
677 285 861 332 mollem
880 283 1192 329 dissolutorum
1213 278 1368 326 offium
1387 282 1547 344 pastam
1568 281 1748 347 depsere
1767 317 1779 335 ,
1800 284 2014 347 stringere
2027 286 2246 337 ·‚·confor·

406 370 561 405 mare3
588 370 679 398 uno
699 350 840 397 verbo
870 346 1141 408 cartilaginis
1158 378 1171 398 ,
1193 344 1287 390 imo
1308 345 1451 391 carnis
1472 344 1665 393 formam
1692 347 1878 396 induere
1898 353 1942 395 ὃ(
1962 347 2155 414 speciem
2173 349 2242 397 sa·-

410 417 467 464 tis
487 417 588 478 apte
610 414 923 480 repraesentare
942 411 1125 459 debent.
1400 447 1405 451 .
1901 451 1903 453 ,

476 482 598 528 Hinc
617 479 812 544 sequitur
850 485 911 522 10.
938 472 1283 540 Osteosarcofim
1302 473 1442 520 modo
1471 473 1638 521 doloris
1673 492 1902 541 expertem
1929 477 2030 523 fore
2047 510 2060 529 ,
2079 476 2109 522 si
2128 477 2243 524 mol-

414 546 606 594 lioribus
627 543 820 610 partibus
844 557 939 605 quae
959 541 1005 587 in
1030 539 1117 585 osse
1134 539 1273 585 latent
1288 571 1301 591 ,
1325 544 1369 585 &
1392 557 1486 603 quae
1507 538 1604 586 solae
1627 540 1751 586 sensu
1775 542 1970 605 gaudent
1985 577 1998 596 ‚
2024 542 2143 588 nulla
2166 541 2243 589 fiat

416 611 580 673 injuria
608 610 660 655 ab
689 609 878 654 humore
907 605 1134 652 virulento
1166 603 1462 667 benigniore3
1494 604 1632 651 modo
1659 606 1768 651 verb
1797 606 2004 654 dolorem
2029 607 2267 653 comitem-

417 676 670 723 habituram
690 671 802 724 esse,
832 670 861 716 s}
890 670 1053 716 humor
1084 668 1208 715 idem
1228 668 1468 733 malignior
1498 673 1544 715 &
1571 669 1712 733 magis
1742 670 1988 719 corrosivus
2019 671 2246 720 molliores

416 741 514 788 illas
534 754 675 804 partes
693 734 835 783 acrius
855 734 1047 782 stimulet
1060 767 1073 786 ‚
1101 733 1282 781 vellicet
1298 767 1310 785 ‚
1335 733 1510 780 erodat.
2235 736 2243 750 ‘¹

481 813 544 851 20.
579 802 684 850 Offa
699 800 833 848 semel
851 799 1051 848 emollita
1071 799 1228 845 tonicae
1258 797 1555 844 musculorum
1583 797 1877 846 ambientium
1909 800 2240 854 contraffloni,

417 866 850 933 superincumbentis
878 864 1037 928 reliqui
1067 863 1269 928 corporis
1294 863 1582 926 gravitationi
1601 897 1614 916 ,
1643 869 1689 910 &
1710 862 1939 909 causarum
1959 880 2245 912 externarum

417 933 610 996 energiae
632 930 760 978 facile
789 928 956 977 cessura
974 928 1060 976 effe
1082 963 1092 981 ,
1121 929 1241 975 unde
1262 928 1529 992 multiplices
1551 928 1902 975 deformationes
1925 929 2118 993 partium
2135 963 2148 982 ‚
2171 948 2247 976 ar-

422 1015 605 1045 tuumve
625 996 955 1043 decurtationes
974 1028 987 1046 ,
1019 994 1096 1056 qui
1127 1009 1229 1040 tunc
1259 993 1493 1040 statumine
1525 1010 1692 1040 carent.
1732 994 1803 1039 Sic
1832 992 1970 1039 refert
1991 995 2250 1041 Prottenius

423 1078 638 1126 :egrotum
661 1095 673 1113 ‚
705 1061 761 1106 de
792 1078 884 1122 quo
921 1060 1117 1121 loquitur
1155 1061 1237 1104 loco
1255 1057 1388 1122 fitprd
1416 1059 1583 1104 laudato
1609 1076 1750 1104 annos
1779 1066 1849 1104 26.
1880 1073 2031 1103 natum
2050 1091 2065 1111 ,
2091 1057 2138 1104 in
2158 1077 2257 1123 quo-

421 1127 511 1175 offa
529 1145 655 1174 cerea
674 1142 799 1172 erant
819 1131 863 1171 δε
880 1122 1043 1170 flexilia
1058 1157 1071 1174 ,
1091 1121 1145 1168 ad
1165 1124 1367 1167 staturam
1387 1121 1567 1168 infantis
1589 1123 1774 1170 triennis
1793 1121 2051 1170 decreviffe.
2073 1124 2142 1170 Sic
2157 1124 2257 1189 ipse

421 1192 535 1239 olim
555 1190 729 1238 Tolosae
750 1190 844 1237 vidi
862 1192 910 1236 in
928 1187 1189 1233 nosocomio
1210 1186 1401 1250 puellam
1419 1221 1430 1239 ‚
1453 1192 1573 1249 cujus
1594 1187 1682 1234 offa
1702 1187 1900 1234 emollita
1921 1193 1966 1233 δε
1986 1187 2103 1250 quafi
2122 1206 2256 1236 cerea

424 1258 489 1305 ita
518 1256 674 1303 sensim
698 1256 928 1302 decurtata
946 1252 1127 1299 fuerunt
1158 1267 1260 1298 ante
1280 1251 1455 1298 obitum
1472 1285 1489 1305 ,
1522 1269 1569 1298 ut
1587 1271 1745 1318 corpus
1763 1252 2047 1317 longitudine
2067 1268 2154 1301 tres
2174 1271 2254 1319 pe-

423 1323 504 1370 des
524 1322 598 1368 vix
619 1336 831 1383 aequaret.

492 1396 554 1448 30.
592 1385 699 1433 0Ηᾷ
714 1419 727 1437 ,
750 1402 849 1448 (Ῑυεε-
864 1383 912 1430 in
930 1399 1137 1429 carneam
1157 1396 1358 1428 naturam
1373 1380 1663 1428 desciverunt
1679 1415 1690 1434 ‚
1712 1382 1882 1428 morbis
1902 1381 2110 1427 omnibus
2130 1413 2142 1433 ‚
2172 1381 2251 1444 qui

421 1451 615 1516 partium
641 1449 842 1495 mollium
864 1448 1031 1513 proprii
1059 1446 1158 1492 sunt
1176 1481 1188 1498 ‚
1211 1446 1409 1492 obnoxia
1429 1445 1529 1493 fore
1545 1480 1558 1498 ,
1588 1465 1635 1492 ac
1663 1447 1854 1510 proinde
1878 1445 2224 1491 inflammationi
2237 1479 2259 1499 ‚¹

416 1515 606 1567 dolori,
627 1513 960 1578 suppurationi,
992 1511 1248 1576 apostemati
1264 1545 1275 1563 ,
1297 1510 1591 1556 carcinomati
1609 1544 1621 1563 ,
1653 1527 1894 1574 gangraenae
1913 1516 1998 1556 &c.
2021 1509 2107 1573 quai
2127 1509 2184 1556 de
2205 1527 2257 1557 re

424 1579 555 1627 adeas
584 1578 612 1624 fi
644 1578 822 1630 lubeat,
854 1578 1104 1623 Antonium
1124 1575 1418 1622 Benivenium
1438 1609 1450 1627 ‚
1482 1581 1552 1621 De
1581 1575 1730 1620 abditis
1758 1577 1956 1620 nonnullis
1977 1593 2026 1621 ac
2056 1575 2261 1621 mirandis

423 1644 646 1690 morborum
674 1642 723 1689 (ἴθ’
752 1646 1002 1689 curationum
1029 1642 1170 1700 Caufis
1189 1678 1204 1694 ‚
1228 1654 1318 1702 cap.
1339 1658 1409 1697 79.
1449 1639 1756 1686 Alexandrum
1788 1639 2077 1686 Beneditftum
2093 1672 2107 1691 ,
2130 1643 2255 1684 Ana-

421 1713 578 1755 vomices
609 1707 705 1753 Lib.
728 1724 760 1751 1.
781 1721 875 1770 cap.
890 1714 930 1751 6.
968 1709 1190 1759 Ioannem
1211 1704 1430 1766 Langium
1453 1737 1469 1756 ,
1497 1705 1823 1750 Medicinalium
1851 1702 2126 1768 Epistolarezm
2151 1703 2254 1748 Lib.

428 1790 462 1819 1.
482 1772 663 1838 Epzstola
680 1789 752 1830 42.
795 1772 1126 1831 Hieronymum
1146 1773 1414 1820 Montuum,
1436 1771 1553 1814 Tom.
1578 1791 1608 1828 3.
1633 1770 1870 1828 Anasceves
1887 1806 1899 1821 ,
1920 1782 2010 1832 cozp-
2031 1787 2097 1830 54.
2129 1766 2257 1812 Tho-

428 1855 550 1884 mam
571 1835 877 1884 Bartholinum
895 1868 907 1887 ,
937 1840 975 1881 E
977 1835 1203 1898 phemerid.
1221 1834 1454 1880 Academia
1475 1837 1529 1879 N
1530 1848 1650 1878 ntnrae
1669 1834 1871 1891 Curiosor.
1892 1836 2115 1878 Germanice
2131 1870 2145 1884 ,
2160 1836 2257 1877 De-

426 1920 516 1949 cur.
536 1920 568 1946 1.
585 1920 678 1946 ann.
698 1918 727 1944 1.
747 1900 1030 1958 Obsbrvation.
1048 1901 1105 1959 38.
1124 1897 1372 1945 Alhardum
1386 1901 1700 1944 Hermannum
1718 1897 1977 1944 Cummium
1993 1897 2102 1943 [bid.
2120 1899 2265 1943 Deam

422 1965 496 2013 ria*
508 1983 547 2013 ⁴1.
569 1983 664 2013 ann.
686 1986 719 2026 3.
739 1964 963 2024 Obftrvat.
988 1980 1071 2008 ιιι,

427 2097 588 2154 §iVL
639 2094 1044 2139 TUMORES
1096 2091 1590 2137 GLANDULOSI
1641 2092 1719 2136 ET
1761 2093 2260 2138 LIMPHATICL

492 2222 680 2286 Li-mpha
702 2220 866 2266 humor
889 2221 948 2266 est
975 2219 1058 2265 toti
1079 2218 1257 2283 corpori
1279 2218 1528 2265 communis
1548 2223 1591 2264 δε
1614 2218 1723 2264 alter
1750 2217 1774 2263 iz
1803 2217 2027 2282 sanguine.
2059 2223 2100 2265 A
2118 2220 2265 2268 corde·

428 2286 478 2333 in
498 2303 640 2351 partes
659 2285 858 2332 defertur
878 2282 1067 2348 ipsismet
1087 2284 1255 2330 arteriis
1271 2318 1284 2335 ,
1306 2283 1384 2330 sed
1403 2283 1457 2328 ab
1478 2283 1687 2329 extremis
1706 2282 1879 2328 illarum
1907 2283 2068 2330 finibus
2090 2284 2257 2332 secedit

430 2368 480 2397 ut
512 2351 696 2397 iartibus
717 2349 978 2396 infundatur
998 2354 1044 2395 δε
1061 2348 1314 2394 ’11]Ρείὶίιτῑι1ι·ω
1341 2348 1461 2393 Hinc
1486 2347 1603 2393 redit
1620 2347 1745 2394 venis
1762 2347 2056 2411 peculiaribus
2071 2382 2083 2400 ,
2104 2367 2266 2397 nume-

430 2434 483 2462 ro
504 2416 649 2462 iffimis
668 2450 679 2466 ,
710 2414 966 2461 tenuissimis
990 2447 1002 2465 ,
1034 2413 1267 2477 pellucidis
1283 2447 1295 2464 ‚
1317 2411 1588 2458 arachnoide
1614 2411 1761 2457 tunica
1794 2412 1957 2458 vestitis
1975 2446 1987 2464 ‚
2024 2414 2265 2479 multiplici:

429 2481 709 2526 valvularum
735 2495 944 2543 apparatu
974 2478 1181 2523 distineris
1201 2478 1247 2522 in
1269 2476 1425 2524 brevia
1451 2476 1708 2523 internodia
1725 2510 1738 2529 ‚
1771 2494 1863 2522 non
1893 2494 1984 2523 uno
2020 2479 2264 2525 continuo-

428 2563 518 2609 que
551 2546 684 2590 duem
704 2542 1099 2609 progredientibus
1122 2559 1380 2588 caeterorum
1412 2541 1618 2588 vasorum
1648 2541 1735 2587 ritu
1767 2575 1779 2593 ,
1808 2540 1882 2588 sed
1909 2559 1986 2605 per
2020 2543 2265 2591 intervalla.¹

429 2609 580 2675 saepius
612 2610 799 2673 repetita
827 2609 874 2653 in
910 2607 1139 2670 glandulas
1169 2605 1460 2668 conglobatas
1493 2605 1580 2651 five
1615 2605 1890 2669 limphaticas
1922 2606 2222 2654 desinentibus
2245 2642 2268 2662 „

430 2676 523 2739 qui>
548 2674 669 2722 velut
685 2674 732 2718 in
754 2670 985 2718 succesfivct
1002 2671 1269 2717 diverticula
1287 2670 1500 2731 limpham
1522 2670 1781 2716 convehunt
1801 2670 1856 2716 ad
1875 2670 2111 2717 destinatos
2131 2671 2229 2718 usus
2245 2707 2285 2726 ‚s

433 2742 583 2786 donec
604 2738 785 2783 tandem
808 2736 1016 2800 superaris
1036 2735 1222 2781 remoris
1237 2734 1445 2780 omnibus
1465 2735 1510 2778 in
1530 2733 1797 2781 subclaviam
1816 2734 1966 2779 sinistri
1982 2735 2130 2782 lateris
2151 2754 2272 2782 con--

436 2804 544 2851 fluat
566 2800 834 2864 caeterosque
848 2803 1038 2862 majores
1058 2816 1272 2845 venarum
1298 2816 1443 2843 ramos
1466 2816 1602 2861 prope
1620 2805 1696 2843 cor
1714 2833 1725 2850 ,
1748 2816 1848 2843 cum
1866 2797 2076 2861 sanguine
2096 2801 2265 2848 iterum<

437 2866 782 2914 commiscenda.
823 2863 1050 2910 Caetert‘im
1085 2863 1186 2909 cum
1218 2862 1386 2926 limpha
1419 2862 1573 2908 natur&
1606 2862 1859 2926 subpinguis
1896 2868 1939 2908 ὃ(
1975 2863 2141 2910 viscida
2174 2865 2265 2918 fit,

435 2933 544 2979 :ideo
571 2950 675 2978 cum
697 2930 885 2977 seminio
912 2946 1115 2976 venereo
1128 2928 1251 2990 quod
1274 2927 1422 2973 secum
1449 2926 1631 2973 devehit
1648 2927 1695 2971 in
1714 2926 1997 2991 syphiliticis¹>
2027 2927 2128 2976 satis
2159 2929 2269 2993 apte·

437 2996 661 3044 consentit
677 3029 688 3047 ‚
707 3011 755 3041 ur
774 2994 932 3041 debeat
952 2992 1166 3039 consortii
1186 2992 1347 3037 damna
1374 2990 1636 3054 frequenter
1656 2992 1862 3055 experiri.

501 3060 695 3108 Proinde
722 3065 754 3104 1.
782 3060 826 3104 Si
847 3057 1010 3121 limpha
1032 3056 1219 3103 seminio
1241 3055 1453 3101 morboso
1480 3057 1807 3102 contaminetur
1825 3091 1838 3108 ‚
1863 3057 2106 3119 stagnatum
2132 3057 2189 3102 est
2209 3054 2267 3100 inn

438 3127 571 3173 variis
597 3122 814 3188 glandulis
841 3121 1120 3183 conglobatis
1139 3155 1152 3172 ,
1181 3137 1275 3165 tum
1294 3121 1398 3182 quia
1419 3119 1581 3182 spisfior
1602 3138 1746 3166 moras
1782 3122 1927 3166 nectet
1950 3123 1996 3166 in
2029 3118 2267 3182 glandula-⁷

442 3208 540 3242 rum
559 3186 824 3241 anfraCtibus
841 3219 861 3254 ἦ
877 3200 969 3249 tum
1000 3185 1101 3253 quia
1121 3184 1264 3239 acrior
1282 3182 1510 3252 glandulas
1533 3183 1722 3239 validius
1749 3184 2024 3235 stinmlando.
2039 3183 2094 3230 ad
2113 3182 2266 3252 systal„

2120 3262 2267 3296 Ucaln'·
