2477 3643
172 942 286 980 vm.
299 941 404 980 Rha-

170 995 283 1046 gades
299 1008 375 1033 ma-

171 1058 294 1086 nuum.

210 1383 400 1426 Curantur

159 1435 284 1475 iisdem
310 1452 371 1476 re-

163 1490 288 1527 mediis
301 1503 345 1529 ac

162 1540 342 1594 herpete82

194 1921 265 1960 IX.
282 1922 391 1963 Ulce-

157 1985 200 2010 ra
223 1987 358 2013 contu-

159 2028 276 2063 macia
306 2041 351 2066 ex

158 2090 322 2127 quatUOt

158 2132 284 2172 caufis.

459 146 548 194 392
815 134 925 178 nr
992 130 1948 181 Moass1stNERE1s.

519 209 586 255 2⁰.
620 209 737 256 Cum
761 209 922 258 iisdem
945 212 1171 276 jungenda
1197 210 1282 258 effe
1299 243 1311 261 ,
1340 227 1630 274 quaecumque
1653 228 1810 258 contra
1830 211 1941 259 cutis
1967 210 2078 261 vitia
2099 215 2285 271 valenr3

455 271 487 319 fi
506 272 734 321 illinantur
755 310 767 328 ,
800 292 848 321 ut
876 275 973 322 sunt
994 277 1109 322 succi
1139 274 1323 338 expreffi
1360 279 1383 321 ὲ
1415 276 1639 322 radicibus
1665 278 1829 342 lapathi
1849 277 2288 336 acuti,ciclaminis,

452 337 662 403 foliisque
695 340 948 386 arthemiliae
999 348 1044 387 δε
1081 341 1342 392 nicotianae3
1371 357 1483 403 aqua
1511 342 1640 387 calcis
1659 375 1672 394 ,
1701 360 1813 405 aqua
1843 343 1928 389 sale
1956 344 2133 390 marino
2163 345 2284 392 satu·
2333 390 2337 394 ,

452 418 572 457 rata3
606 403 754 451 oleum
785 405 943 450 carthae
963 439 975 458 ‚
1012 405 1149 451 tritici
1179 405 1314 450 adusti
1335 438 1347 456 ,
1378 405 1532 451 tartari
1560 424 1636 470 per
1669 406 1948 470 deliquium3
1978 408 2079 454 lana
2104 407 2281 458 succida

450 469 511 515 ad
545 470 774 533 nigrorem
807 470 853 514 in
882 469 971 515 olla
1005 469 1148 516 clausa
1177 469 1415 516 torrefacsta
1435 503 1448 523 ,
1480 470 1740 535 pulverata‚
1775 477 1819 516 «Sc
1853 472 1901 517 in
1937 472 2047 536 aqua
2081 473 2283 521 sofar-um

459 533 630 587 diluta3
658 533 977 598 ptaecipitatum
1008 535 1192 581 rubrum
1222 536 1293 582 vel
1320 535 1470 580 album
1495 553 1595 581 cum
1623 534 1789 599 pomata}
1816 536 1971 600 quavis
1998 539 2283 602 permistum,

462 598 515 645 ea
537 599 626 644 dofi
644 616 737 661 qua:
766 599 930 645 idonea
955 599 1046 646 visa
1073 599 1236 652 fuerit3
1270 617 1379 663 aqua
1406 599 1719 664 phagedaenica
1749 605 1831 645 δίε.
1865 619 1958 664 quae
1986 603 2171 666 quidem
2193 638 2204 655 ,
2226 619 2275 650 ut

461 663 603 727 gradu
622 664 743 711 varia
758 662 856 709 sunt
870 697 883 716 ,
900 663 956 711 fic
971 666 1105 712 etiam
1123 669 1292 728 majore
1321 664 1392 712 vel
1415 665 1591 713 minore
1612 665 1817 712 cautione
1836 665 2005 713 debent
2025 667 2275 718 admoveri.

601 803 640 852 §.
721 797 928 841 VIII.
1020 796 1569 843 RHAGADES
1663 797 2125 843 MANUUM.

507 923 585 966 VI
603 925 620 966 Ι
640 925 673 967 ῐ.
709 923 828 969 Raro
851 923 1159 971 &insolenter
1181 923 1345 970 accidit
1364 922 1411 969 in
1440 923 1493 970 iis
1508 957 1520 975 ,
1549 923 1627 988 qui
1647 923 1690 971 se
1710 922 1958 990 corpusque
1980 923 2175 973 molliter
2195 939 2275 975 cua-⁴

447 998 546 1030 rant
564 1018 576 1037 ,
597 1003 645 1032 ut
661 987 769 1034 volae
789 1008 998 1035 manuum
1016 990 1259 1053 plantaeque
1277 989 1438 1052 pedum
1458 989 1554 1035 ullis
1579 1007 1773 1053 unquam
1800 991 2090 1054 deturpentur
2112 991 2272 1056 rhaga-

445 1046 576 1096 dibus
595 1052 642 1098 in
662 1053 733 1100 lue
755 1055 942 1102 venerea
959 1089 970 1107 ‚
991 1055 1225 1119 propterea
1243 1054 1365 1117 quod
1385 1071 1595 1100 manuum
1618 1055 1870 1118 pedumque
1893 1055 2003 1100 curis
2024 1054 2129 1119 saepe
2150 1057 2241 1104 lota
2255 1089 2273 1110 ,

444 1129 528 1159 nec
560 1115 713 1164 labore
745 1120 893 1166 attrita
927 1120 1105 1166 tenuior
1138 1121 1198 1165 est
1230 1120 1496 1183 molliorque
1515 1154 1527 1172 ,
1556 1120 1691 1183 quam
1717 1137 1765 1166 ut
1791 1122 1837 1166 in
1865 1119 2028 1165 fissuras
2057 1121 2270 1169 dehiscat.

445 1180 619 1226 Contra
650 1183 760 1229 vero
789 1184 838 1230 id
870 1185 972 1230 mali
1005 1184 1122 1231 haud
1149 1183 1406 1247 infrequens
1435 1186 1493 1230 est
1522 1185 1567 1230 in
1594 1185 1675 1237 iis,
1701 1184 1860 1248 quibus
1888 1202 2101 1230 manuum
2131 1188 2272 1242 volae,

444 1244 698 1310 pedumque
725 1249 880 1312 plantae
911 1248 1128 1313 squallore
1150 1255 1194 1294 &
1230 1249 1384 1296 labore
1408 1249 1469 1294 ita
1498 1249 1793 1296 occallescunt
1813 1255 1859 1296 8<
1890 1249 2189 1304 exsiccantur,
2220 1269 2269 1301 ut

444 1308 578 1356 rimas
596 1310 750 1376 sponte
766 1330 922 1377 agant,
941 1333 1036 1377 quae
1055 1314 1216 1360 affluxu
1235 1313 1447 1361 virulenti
1464 1313 1662 1360 humoris
1678 1316 1724 1360 in
1745 1314 1839 1361 dies
1859 1314 2189 1378 ingravescunt.

507 1375 730 1424 Adversus
756 1378 969 1443 rhagades
986 1413 997 1431 ‚
1015 1379 1045 1424 fi
1073 1397 1167 1443 quae
1187 1379 1491 1441 hydrargyrosi
1527 1378 1759 1443 supersint,
1787 1380 1912 1425 utilia
1940 1378 2041 1425 sunt
2068 1380 2266 1429 remedia

443 1440 596 1486 omnia
618 1475 630 1495 ,
656 1461 749 1507 quae
781 1462 886 1490 mox
915 1460 1071 1491 contra
1105 1444 1310 1508 herpetes
1340 1443 1562 1507 proposita
1593 1443 1692 1489 sunt
1711 1478 1723 1497 ‚
1756 1442 2019 1507 quibuscum
2055 1445 2267 1494 videlicet

442 1505 653 1568 rhagadia
683 1509 838 1555 natura
869 1514 915 1555 ὃ(
948 1509 1074 1555 causa
1103 1509 1303 1573 proxime
1329 1509 1574 1555 convenite
1603 1525 1775 1554 certum
1805 1510 1875 1554 est.
1915 1514 2036 1554 Inter
2065 1507 2154 1555 haec
2188 1528 2268 1556 au-

440 1584 531 1617 tem
555 1571 875 1635 p1·aesentiffima
895 1573 993 1620 sunt
1016 1574 1279 1638 praecipitata
1303 1573 1590 1619 Mercurialia
1609 1574 1760 1619 omnia
1790 1591 1891 1618 cum
1912 1573 2088 1637 pomata
2107 1574 2267 1638 quavis

438 1635 664 1692 admixta,
686 1643 854 1702 majore
871 1639 944 1686 vel
963 1641 1138 1686 minore
1162 1638 1251 1685 dofi
1279 1654 1362 1703 pro
1383 1637 1558 1685 diversa
1574 1638 1723 1685 morbi
1742 1637 1925 1684 malitia.
1976 1649 1983 1655 ’

547 1777 586 1826 §.
682 1772 793 1815 IX.
888 1769 1326 1817 ULCERA
1421 1769 2170 1816 CONTUMACIA.

497 1899 517 1941 1
538 1898 595 1940 X.
630 1896 785 1944 Solent
799 1899 948 1946 ulcera
963 1933 975 1952 ,
994 1917 1088 1963 quae
1107 1898 1153 1944 in
1174 1897 1356 1945 diversis
1376 1897 1575 1963 corporis
1595 1896 1704 1944 locis
1722 1896 1834 1943 fiunt
1851 1896 1875 1942 a
1897 1895 2114 1960 phymatis
2131 1931 2144 1951 ,
2172 1907 2262 1945 n0-'

437 1957 504 2005 dis
518 1992 531 2013 ,
546 1962 733 2023 ganfliis
751 1995 762 2014 ‚
783 1965 1074 2026 gummatisve
1097 1963 1430 2009 abscedentibus
1449 1996 1463 2016 ,
1486 1969 1532 2009 &
1552 1980 1644 2025 quae
1663 1961 1852 2026 proinde
1870 1961 1894 2006 a
1923 1962 2113 2009 venerea
2135 1963 2258 2010 causa

436 2024 667 2070 certissime
704 2028 974 2090 proveniunt
999 2062 1010 2080 ‚
1033 2029 1126 2092 post
1158 2026 1401 2072 adhibitam
1436 2028 1570 2073 etiam
1604 2025 1964 2088 hydrargyrofim
2000 2027 2256 2075 cicatricem

436 2089 562 2135 tarde
584 2089 760 2139 trahere
782 2125 795 2146 ,
821 2110 903 2140 nec
921 2092 952 2138 si
971 2092 1114 2158 ampla
1131 2090 1298 2139 fuerint
1314 2125 1327 2144 ,
1353 2090 1494 2138 sanari
1514 2091 1774 2155 plerumque
1793 2089 1872 2135 nifi
1892 2088 1991 2136 satis
2011 2090 2148 2155 longo
2164 2093 2262 2158 post

434 2154 688 2202 intervallo.

500 2220 647 2266 Modo
673 2236 822 2268 tamen
855 2222 1013 2269 ulceris
1038 2220 1231 2268 confinia
1262 2219 1414 2267 mollia
1441 2238 1587 2286 neque
1614 2219 1744 2268 valde
1780 2218 1979 2272 caleant,
2011 2236 2160 2284 neque
2193 2220 2262 2269 inu·

434 2283 557 2329 tense
583 2285 771 2338 rubeant
793 2321 803 2338 ,
839 2306 984 2351 neque
1019 2286 1250 2349 insigniter
1276 2302 1476 2332 tumeant
1508 2305 1520 2339 3
1552 2286 1690 2333 modo
1723 2302 1827 2330 caro
1846 2317 1858 2336 ‚
1881 2301 1976 2348 quae
2005 2284 2061 2330 ab
2097 2285 2258 2332 ulceris

433 2347 579 2394 fundo
610 2348 872 2405 succrescit,
893 2353 1017 2398 firma
1035 2386 1048 2405 ,
1076 2346 1211 2399 densa
1229 2385 1241 2403 ‚
1262 2350 1450 2414 granosa
1470 2384 1483 2404 ,
1510 2351 1713 2415 roseique
1732 2348 1893 2396 coloris
1922 2349 1972 2394 fit
1990 2367 2001 2402 ς
2022 2349 2160 2395 modo
2178 2350 2259 2398 de-

432 2413 554 2459 mum
584 2432 685 2477 pus,
706 2417 826 2479 quod
851 2418 905 2463 ab
926 2418 1070 2464 ulcere
1091 2432 1239 2462 manat
1255 2450 1267 2467 ,
1290 2434 1479 2480 paucum
1495 2450 1508 2469 ,
1529 2416 1703 2481 spissum
1725 2448 1737 2467 ‚
1760 2415 1866 2460 laeve
1885 2447 1899 2467 ‚
1926 2413 2075 2460 album
2102 2413 2152 2460 fit
2170 2448 2182 2467 ‚
2206 2420 2255 2462 δε

433 2478 608 2542 limphae
629 2481 818 2527 nutritiae
835 2480 908 2528 seu
929 2482 1021 2528 rori
1041 2482 1229 2546 partium
1248 2479 1516 2527 simillimum
1532 2515 1545 2533 ‚
1580 2498 1646 2527 res
1672 2479 1784 2526 salva
1807 2479 1880 2525 est.
1910 2482 2016 2525 Haec
2038 2479 2160 2526 enim
2180 2480 2255 2525 in-

432 2543 586 2588 dicant
617 2544 739 2604 ulcus
769 2547 824 2592 ad
856 2547 1134 2593 curationem
1163 2544 1355 2591 feliciter
1375 2546 1560 2609 quidem
1582 2545 1800 2596 tendere,
1828 2542 1903 2590 sed
1933 2559 1982 2590 ut
2003 2544 2219 2591 coalescat
2238 2575 2254 2597 ,

430 2607 565 2673 paulo
584 2608 789 2672 longiore
810 2612 1022 2676 temporis
1040 2610 1166 2657 mora
1186 2628 1294 2674 opus
1314 2611 1398 2656 effe
1418 2644 1431 2663 ,
1453 2609 1582 2656 facile
1604 2615 1650 2656 ὃ(
1669 2609 1764 2656 tuto
1793 2607 2096 2655 concedenda.

499 2673 576 2719 Sin
597 2675 702 2719 vero
741 2675 830 2721 haec
867 2677 1022 2723 contra
1042 2694 1088 2721 ac
1108 2676 1213 2721 dico
1230 2708 1243 2727 ,
1263 2674 1398 2721 essent
1419 2675 1571 2721 omnia
1590 2708 1603 2726 ‚
1622 2674 1693 2721 vel
1715 2673 1866 2720 saltem
1885 2672 2093 2737 pleraque
2116 2704 2128 2723 ,
2151 2682 2256 2736 grai

431 2735 500 2781 vis
529 2737 636 2783 inde
666 2756 784 2784 noxa
803 2739 948 2793 foret,
972 2746 1014 2786 &
1037 2757 1130 2803 quae
1161 2736 1468 2804 perdifficilem
1492 2740 1770 2785 curationem
1799 2736 2006 2783 habitura
2029 2736 2148 2783 effer.
2173 2742 2254 2785 So-

428 2799 527 2846 lent
547 2817 694 2848 autem
727 2804 873 2850 ulcera
906 2803 1178 2856 istiusmodi,
1204 2821 1298 2867 quae
1327 2805 1419 2866 post
1439 2804 1781 2850 exterminatum
1816 2801 1936 2847 virus
1971 2801 2175 2848 chironia
2205 2807 2253 2848 &

432 2864 698 2930 dysepulota
726 2868 826 2915 sunt
842 2903 854 2922 ‚
875 2869 1212 2933 quadruplicem
1234 2868 1406 2914 causam
1427 2868 1663 2931 agnoscere
1679 2901 1691 2920 ‚
1723 2875 1781 2912 10.
1805 2865 1933 2912 Sinus
1953 2871 2000 2913 δέ
2020 2866 2248 2913 cuniculos

431 2947 511 2992 per
538 2931 686 2978 vicina
711 2934 907 2981 ulcerum
934 2935 1056 2981 labra
1073 2935 1261 2980 latenter
1282 2930 1477 2980 suffossos
1492 2968 1503 2986 ‚
1524 2933 1643 2980 unde
1668 2950 1747 2998 pus
1767 2930 1976 2977 foetidum
2004 2931 2163 2995 jugiter
2185 2929 2252 2976 ef-

430 2993 557 3040 fluit:
584 3004 645 3041 2⁰.
674 2998 855 3045 Cariem
891 2999 1070 3062 subjecti
1092 2998 1188 3045 offis
1207 3031 1219 3051 ‚
1240 2998 1359 3044 unde
1378 3000 1662 3062 purulentum
1687 2997 1814 3043 ichor
1833 2996 2051 3060 perpetim
2070 3010 2215 3041 manat
2235 3011 2246 3038 τ

430 3068 487 3120 3⁰.
516 3065 562 3106 δε
587 3069 654 3118 4⁰.
683 3063 974 3110 Morbificum
995 3065 1041 3110 in
1061 3063 1272 3118 sanguine
1302 3062 1538 3109 seminium
1568 3062 1869 3108 scorbuticum
1902 3059 2246 3108 strumosurnve-‚

429 3124 592 3184 quibus
616 3124 811 3173 inficitur
831 3128 998 3191 limpha
1014 3119 1196 3174 nuti-iiia
1213 3162 1225 3180 ,
1244 3144 1337 3188 quae
1360 3127 1416 3173 ad
1444 3127 1738 3193 reparandum
1755 3126 1875 3174 ulcus
1898 3124 2074 3188 appellit
2088 3156 2104 3176 ,
2128 3120 2246 3168 unde

433 3203 553 3234 certa
570 3191 789 3253 pernicies
808 3192 946 3243 ulceri
964 3192 1179 3242 continuo
1203 3190 1400 3240 affertur.
2102 3251 2135 3296 P
2164 3246 2171 3254 Ι

2140 3263 2252 3298 rima
