2477 3643
457 124 545 173 ιώ
793 122 905 173 1).“Ε
987 122 1370 174 MORBIS
1449 125 1982 178 VENEREIS:

1025 329 1506 389 CAPUT
1634 337 1711 393 V.

773 457 846 502 De
878 445 1157 504 Bubonibus
1192 456 1421 507 venereis
1443 493 1459 516 ‚
1494 452 1656 543 vftlgb
1691 452 1958 511 PoulainS.

453 598 561 655 §.L
610 595 1052 651 DEF1N1T10‚
1093 599 1562 648 DESCRIPTIO
1608 602 1687 648 ET
1729 603 2277 651 DIFFERENTIAE.

197 741 409 796 Descriptio
583 734 629 778 U
650 749 673 777 B
691 748 719 776 ο
737 747 803 778 NE
820 747 840 777 s
869 732 1054 781 venerei
1087 731 1188 780 sunt
1217 750 1415 783 tumores
1448 733 1758 801 glandularum
1789 737 2159 800 conglobatarum
2190 736 2280 785 five

178 795 387 838 Bubonum·
463 740 555 852 B
581 795 940 861 limphaticarum
974 816 1069 862 quae
1100 799 1149 845 in
1181 800 1441 863 inguinibus
1485 801 1626 848 latent
1655 833 1668 853 ‚
1703 800 1904 851 dolentes
1932 837 1945 856 ,
1981 803 2114 857 duri,
2154 804 2277 851 reni-

452 878 594 910 tentes
612 895 625 915 ,
647 862 704 908 ad
722 861 1084 927 suppurationem
1101 864 1222 913 lente
1244 866 1477 915 tendentes
1498 899 1512 920 ,
1541 871 1587 912 &
1606 882 1661 914 ex
1679 865 1860 932 impuro
1875 868 2119 915 concubitu
2138 869 2277 916 obor-

450 927 486 974 ti
506 927 700 975 mediate
720 927 791 974 vel
810 929 1082 977 immediate.

508 997 666 1057 Itaque
695 992 797 1040 viro
826 992 915 1042 sive
946 994 1155 1049 mulieri,
1184 995 1346 1060 quibus
1374 1015 1428 1044 ex
1457 996 1635 1063 impuro
1662 997 1908 1045 concubitu
1937 1015 1988 1046 ea
2017 996 2167 1044 morbi
2197 1014 2280 1045 ve-

441 1058 574 1106 nerei
602 1058 767 1123 species
798 1057 1058 1109 immediate
1090 1060 1254 1108 accidit
1274 1095 1288 1115 ,
1324 1063 1372 1108 in
1405 1063 1621 1110 alterutro
1655 1064 1727 1112 vel
1756 1081 1949 1128 utroque
1978 1063 2164 1129 inguine
2199 1064 2279 1111 ali-

445 1139 560 1188 quot
589 1123 744 1171 diebus
769 1126 864 1190 post
891 1123 1130 1191 suspectam
1160 1128 1405 1175 coitionem
1436 1128 1654 1192 glandulae
1679 1129 1817 1176 modo
1844 1132 2018 1194 plures,
2045 1129 2278 1194 pauciores

444 1188 586 1236 modo
615 1189 776 1238 leviter
807 1190 966 1238 dolent
994 1192 1112 1239 inter
1140 1192 1487 1247 ambulandum,
1519 1212 1568 1241 ac
1600 1192 1630 1240 fi
1657 1194 1809 1259 digitis
1833 1194 2068 1261 palpentur
2089 1229 2101 1248 ,
2142 1194 2277 1240 tumi-

444 1253 513 1301 dae
536 1253 847 1303 observantur.
887 1254 1061 1303 Crescit
1086 1256 1276 1306 subinde
1302 1259 1532 1323 progressu
1549 1259 1750 1307 tardiore
1776 1262 1849 1308 vel
1879 1260 2098 1313 celeriore
2124 1276 2276 1306 tumor

440 1318 522 1368 ille
540 1354 555 1374 ,
582 1320 715 1369 durus
736 1319 815 1374 fit,
837 1320 1008 1375 tensus,
1028 1323 1248 1377 renitens‘3
1267 1323 1374 1371 inde
1398 1342 1497 1390 pars
1515 1324 1684 1371 acutius
1703 1325 1824 1372 dolet
1839 1358 1852 1378 ‚
1884 1330 1930 1371 &
1959 1340 2114 1389 praeter
2141 1340 2274 1371 natu-

442 1402 538 1430 ram
566 1386 711 1441 calet,
741 1401 841 1433 cute
872 1402 1020 1434 tamen
1045 1388 1247 1435 nativum
1278 1389 1480 1437 colorem
1511 1391 1763 1444 retinente3
1793 1387 1979 1436 incessus
2008 1387 2273 1436 laboriosior

443 1448 653 1496 redditur
675 1470 685 1497 z
718 1451 926 1499 Tandem
958 1451 1082 1499 bubo
1108 1453 1335 1500 manifeste
1362 1472 1543 1520 apparet
1563 1488 1576 1509 ‚
1604 1455 1744 1519 magis
1770 1454 1844 1502 vel
1860 1454 2005 1501 minus
2031 1453 2273 1521 fastigiatus

443 1529 521 1561 aut
546 1514 824 1580 profundus3
845 1515 986 1581 figura
1006 1518 1152 1565 varius
1165 1552 1178 1571 ‚
1199 1517 1464 1567 orbicularis
1481 1553 1495 1574 ,
1516 1519 1739 1584 oblon'gus
1754 1553 1767 1572 ,
1788 1536 1901 1567 teres
1919 1538 1930 1573 ·,
1962 1519 2271 1584 magnitudine

170 1621 231 1632 ἢ
288 1621 347 1628 ψ
444 1596 564 1627 nunc
584 1582 662 1627 ovi
683 1581 934 1628 columbini
952 1599 1026 1629 aut
1045 1583 1304 1647 gallinacei,
1326 1600 1443 1632 nunc
1465 1586 1604 1649 pugni
1623 1584 1791 1631 molem
1809 1601 1998 1648 aequans.

172 1648 398 1690 Differentiae
503 1644 780 1693 Differentiae
807 1645 1041 1695 bubonum
1059 1665 1113 1695 ex
1136 1648 1301 1713 triplici
1328 1649 1472 1714 capite
1500 1665 1761 1722 repetuntur
1780 1682 1793 1702 ‚
1832 1658 1891 1695 10.
1921 1653 1959 1695 A
1981 1647 2121 1695 modo
2138 1682 2151 1702 ,
2178 1667 2270 1714 quo

173 1704 376 1746 BubOnum·
440 1709 662 1758 invadunt
689 1731 699 1757 :
722 1712 811 1757 Alii
838 1714 961 1760 enim
979 1713 1162 1777 impurae
1182 1714 1458 1779 copulationi
1476 1712 1560 1762 soli
1580 1720 1626 1762 δε
1644 1714 1903 1761 immediate
1923 1712 2241 1779 superveniunt
2255 1749 2269 1770 ,

440 1775 493 1836 &f
519 1776 696 1823 morbum
723 1778 956 1839 effemialem
976 1799 990 1823 .·
1014 1778 1106 1825 Alii
1125 1780 1235 1825 verb
1252 1780 1535 1843 gonorrhoeae
1563 1780 1795 1827 virulentae
1825 1779 2049 1845 suppressae
2071 1779 2270 1845 parcius-

438 1857 497 1886 ve
525 1839 700 1888 fluentis
718 1875 730 1893 ‚
757 1859 832 1889 aut
849 1842 1177 1890 ulcusculorum
1197 1845 1319 1909 penis
1337 1844 1652 1892 cancrosomm
1671 1845 1857 1892 comites
1875 1844 1974 1892 sunt
1987 1878 2002 1898 ,
2027 1850 2072 1891 δέ
2092 1845 2269 1894 morbum

429 1906 771 1969 symptomaticum
789 1926 800 1952 ς
830 1907 904 1952 alii
926 1907 1108 1954 demum
1129 1909 1240 1955 citra
1255 1909 1391 1956 ullum
1420 1910 1590 1957 coitum
1611 1911 1813 1975 proxime
1834 1907 2112 1975 praegreffum
2133 1908 2269 1974 spon-

441 1969 485 2017 te
516 1971 785 2033 contingunt
802 2004 814 2023 ‚
843 1977 890 2018 &
907 1972 1069 2036 signum
1091 1975 1248 2019 latentis
1270 1976 1537 2022 luis‘venereae
1559 1977 1954 2040 pathognomom'cum
1977 1975 2262 2022 constituunt.

516 2043 579 2082 20.
617 2039 655 2081 A
685 2036 898 2100 qualitate
914 2070 928 2090 ,
952 2054 1086 2100 quam
1110 2056 1194 2102 prae
1220 2037 1263 2085 se
1290 2037 1442 2086 ferunt
1463 2059 1472 2086 ε
1495 2041 1586 2086 Alii
1603 2040 1724 2087 enim
1754 2037 1943 2085 multum
1973 2038 2132 2086 dolent
2153 2073 2165 2091 ‚
2191 2057 2267 2087 ca-

435 2099 534 2153 lent
550 2133 563 2154 ‚
583 2100 754 2165 pulsant
785 2107 831 2148 &
856 2102 1107 2149 renituntur
1127 2136 1140 2156 ‚
1172 2108 1219 2150 &
1239 2104 1548 2169 phlegmonodaei
1573 2126 1587 2150 .·
1620 2104 1711 2151 Alii
1741 2102 1848 2151 verb
1877 2103 2057 2150 modice
2087 2104 2233 2151 calent
2250 2139 2264 2158 ‚

437 2163 625 2217 dolent,
652 2163 824 2231 pulsant
843 2200 856 2220 ,
885 2167 1137 2215 renituntur
1153 2202 1167 2220 ,
1192 2168 1283 2215 imo
1306 2168 1452 2234 potius
1480 2168 1635 2216 molles
1657 2168 1896 2234 prementis
1923 2169 2056 2232 digiti
2086 2170 2267 2234 vestigia

439 2235 489 2277 δε
508 2230 749 2278 admittunt
787 2237 834 2278 δε
870 2230 1045 2280 servant
1063 2267 1076 2286 ‚
1110 2238 1156 2280 δε
1184 2235 1447 2280 oedemasodaei
1467 2255 1481 2281 .·
1509 2234 1598 2281 Alii
1622 2233 1817 2299 denique
1843 2233 2011 2281 doloris
2031 2267 2043 2286 ‚
2058 2234 2217 2281 caloris
2232 2269 2246 2288 ,

436 2292 695 2360 pulsationis
718 2313 919 2363 expertes
951 2297 1053 2345 duri
1085 2295 1186 2345 sunt
1206 2304 1252 2346 &
1270 2299 1417 2349 valide
1445 2300 1697 2348 renituntur
1720 2333 1735 2354 ‚
1760 2305 1806 2347 δε
1831 2299 2063 2359 skirrhodaei
2088 2316 2265 2347 nuncu-

440 2375 615 2426 pantur.

451 2433 457 2439 '
506 2433 567 2487 3⁰.
594 2422 666 2472 Ab
685 2425 807 2473 exitu
824 2460 838 2479 ,
865 2444 999 2491 quem
1030 2427 1204 2475 varium
1240 2429 1408 2477 habent
1440 2449 1450 2476 z
1485 2429 1577 2476 Alii
1603 2429 1725 2477 enim
1744 2429 1816 2477 vel
1839 2426 1994 2492 sponte
2016 2426 2088 2474 vel
2116 2444 2271 2476 reme-⁴

437 2488 614 2536 diorum
632 2524 645 2543 ‚
666 2508 758 2555 quae
781 2490 1051 2540 adhibentur
1067 2527 1080 2546 ,
1103 2495 1285 2558 energia
1304 2493 1459 2542 senfim
1478 2495 1761 2543 resolvuntur
1780 2500 1826 2541 &
1843 2491 2112 2540 evanescunt
2135 2513 2147 2539 ι
2167 2493 2257 2541 Alii

435 2555 547 2602 verb
573 2555 621 2601 in
644 2553 927 2621 suppuratum
948 2573 1180 2605 vertuntur
1199 2594 1212 2613 ,
1231 2578 1280 2606 ac
1316 2578 1425 2625 pure
1456 2578 1534 2625 per
1555 2577 1805 2624 aperturam
1829 2558 2028 2606 cauterio
2053 2558 2125 2605 vel
2145 2557 2262 2604 inci-

433 2618 556 2667 sione
578 2636 770 2684 paratam
807 2621 940 2670 semel
968 2640 1183 2671 evacuato
1216 2625 1470 2675 cicatricem
1503 2626 1723 2690 recipiunt
1745 2645 1755 2671 ε
1776 2625 1878 2685 Alii,
1895 2622 2075 2670 tandem
2114 2637 2260 2669 matu-

435 2685 632 2732 tantiam
651 2690 696 2733 ὃ(
717 2686 1043 2736 emollientium
1070 2689 1164 2735 vim
1187 2689 1373 2738 eludunt
1392 2724 1405 2743 ,
1427 2707 1476 2737 ac
1500 2689 1604 2736 duri
1627 2696 1673 2737 &
1693 2690 1935 2739 retinentes
1956 2685 2215 2753 perdurant.

1060 2821 1634 2878 §.11.CAUSAE.

164 2944 288 2987 Causae
311 2950 386 2988 Bu-
488 2942 741 3006 Inguinales
770 2944 986 3009 glandulae
1008 2961 1180 2995 tumere
1204 2964 1296 2994 non
1322 2948 1499 3014 poffunt
1527 2949 1619 3013 post
1650 2947 1873 3012 impurum
1900 2944 2189 2992 concubitum
2209 2947 2257 2990 δε

167 2993 313 3040 bonum.
430 3007 479 3053 in
500 3007 729 3056 bubonem
747 3010 947 3057 indurari
966 3044 978 3063 ‚
1004 3008 1082 3057 nist
1110 3012 1279 3078 limpha
1296 3046 1309 3065 ‚
1329 3031 1424 3078 quae
1451 3014 1476 3059 a
1505 3012 1800 3060 vicinioribus
1820 3010 2013 3076 partibus
2029 3009 2132 3056 illuc
2150 3025 2255 3054 con-

430 3072 610 3120 vehitur
635 3091 716 3119 ceu
744 3074 791 3119 iu
811 3075 1109 3122 diversorium
1128 3075 1368 3125 commune
1387 3112 1401 3131 ,
1423 3083 1470 3124 δέ
1489 3091 1584 3142 quae
1612 3096 1690 3142 per
1713 3077 1880 3124 medias
1909 3076 2085 3122 illarum
2115 3072 2252 3119 cellu-

430 3136 492 3183 las
517 3136 605 3185 sive
635 3134 840 3185 vesiculas
861 3137 995 3186 debet
1025 3140 1286 3189 transfluere
1304 3176 1317 3194 ,
1348 3157 1395 3188 ut
1423 3142 1510 3187 alib
1545 3142 1787 3189 deducatur
1807 3175 1819 3193 ‚
1849 3140 2021 3187 ibidem
2057 3136 2219 3184 haereat
2238 3170 2253 3190 ‚

431 3199 596 3264 stagnet
618 3206 662 3250 ὃς
697 3204 954 3252 cumuletur.
985 3205 1073 3253 Sed
1101 3205 1271 3271 limpha.
1301 3207 1350 3254 in
1381 3204 1600 3274 glandulis
1626 3203 1927 3271 inguinalibus
1958 3203 2123 3250 haerere
2157 3218 2253 3252 non
