2477 3643
440 139 530 188 322
756 84 1301 170 DaMoRssis
1369 108 1901 172 VENEREI&

436 220 493 251 na
513 237 526 258 ,
561 199 746 269 simplici
784 201 966 269 simplum
986 235 998 256 ,
1027 197 1259 261 multiplex
1292 197 1530 266 multiplici
1548 217 1560 255 ς
1581 198 1659 261 νεὶΙ
1686 199 1715 247 si
1742 197 1942 248 remedia
1975 199 2269 274 repugnantia

435 267 605 316 fuerint
623 300 635 320 ,
664 266 815 315 saltem
842 284 888 314 ut
911 268 1026 334 prius
1054 264 1293 333 profligato
1314 263 1579 311 morborum
1611 264 1752 312 altero
1771 297 1785 318 ,
1804 264 1882 328 qui
1907 279 2059 312 curatu
2089 265 2269 314 facilior

434 333 522 381 esse
551 331 813 387 videbitur,
849 332 981 380 liceat
1018 330 1127 377 inde
1163 330 1321 381 alteri,
1362 330 1442 393 qui
1484 329 1757 396 pertinacior
1800 330 1860 377 est
1885 361 1900 383 ,
1942 329 2066 376 tanto
2096 329 2269 379 facilius

437 398 628 447 mederi.

475 538 516 588 ς.
550 530 585 574 Ι.
636 527 736 572 AN
770 526 990 572 AE-GER
1029 525 1176 571 LUE
1214 524 1572 572 VENEREA
1603 526 1800 572 VERE
1836 526 2236 573 LABORET÷

158 666 217 702 De
237 662 391 716 praesen-
505 655 732 708 Iudicium
757 655 815 701 de
847 653 1075 719 praesentifi
1094 653 1176 700 luis
1197 669 1397 700 venereae
1433 651 1540 698 solet
1566 651 1651 698 esse
1678 652 1941 719 plerumque
1968 659 2015 701 &
2034 670 2143 701 ance
2176 670 2194 699 s
2223 657 2271 700 δε

156 718 207 757 ¹53³
236 718 306 777 lul-5
325 728 389 773 ve·
438 719 621 767 difficile
638 755 651 773 ,
678 729 738 765 10.
778 720 916 779 Quod
944 719 1236 783 symptomata
1254 719 1336 764 luis
1355 735 1555 764 venereae
1576 751 1588 769 ,
1616 734 1711 781 quae
1742 717 1871 784 supra
1901 719 2112 767 recensita
2139 671 2273 772 silut,

159 783 269 831 ”51⁸ae
297 767 394 855 ”¹3¹3
439 786 647 851 pleraque
679 804 783 831 cum
815 784 909 831 aliis
939 802 1122 848 quoque
1148 783 1317 829 morbis
1337 784 1397 828 ita
1416 784 1676 828 communia
1694 781 1775 828 sint
1791 818 1804 837 ,
1832 800 1881 830 ut
1910 784 1967 830 ad
1995 785 2116 831 luem
2135 801 2275 830 vene·

158 833 375 914 guffiffiiglg
439 869 559 897 ream
586 851 711 897 nullo
745 850 912 915 potiori
943 855 1039 911 jure
1060 848 1195 913 quam
1217 849 1271 893 ad
1290 848 1475 893 morbos
1502 848 1611 892 alios
1640 848 1867 911 pertinere
1895 849 2133 896 videantur
2153 881 2166 901 ,
2195 865 2276 896 ne-

160 926 242 967 esse.
438 933 527 981 que
553 916 666 962 adeo
695 915 852 981 possint
880 915 1000 961 luem
1020 931 1258 962 veneream
1281 912 1428 978 potius
1445 913 1581 976 quam
1600 913 1782 960 morbos
1806 914 1915 960 alios
1931 914 2148 960 indicare.

519 982 582 1026 2⁰.
627 981 765 1040 Quod
799 979 1094 1045 symptomata
1129 992 1318 1031 caetera,
1345 996 1533 1025 numero
1563 995 1700 1042 pauca
1721 1011 1734 1032 ,
1769 996 1864 1042 quae
1899 979 1962 1025 lui
1995 979 2057 1026 ita
2095 979 2277 1044 propria

439 1045 540 1092 sunt
558 1079 570 1099 ,
598 1064 645 1093 ut
684 1045 765 1092 soli
791 1046 1063 1093 conveniant
1083 1078 1095 1098 ,
1124 1044 1381 1091 inveteratae
1422 1042 1592 1089 tantum
1611 1076 1623 1094 ,
1652 1041 1729 1090 sed
1758 1044 1858 1090 raro
1890 1044 2125 1108 incipienti
2156 1045 2277 1091 acci-

437 1111 548 1157 dant
566 1145 577 1163 ,
602 1129 733 1176 atque
752 1111 866 1158 adeo
886 1111 1184 1157 inveteratam
1203 1109 1389 1172 quidem
1409 1108 1715 1156 demonstrent
1731 1142 1745 1162 ‚
1765 1096 1926 1156 nffllius
1947 1110 2058 1156 vero
2074 1108 2171 1155 usus
2190 1110 2278 1158 esse

397 1190 400 1196 ·
435 1175 596 1240 possint
632 1178 688 1223 ad
722 1192 948 1224 recentem
971 1175 1327 1239 &incipientem
1359 1173 1709 1238 designandam,
1739 1175 1866 1239 quod
1894 1190 2043 1222 tamen
2064 1191 2280 1222 votorum

433 1241 607 1292 summa
631 1241 751 1289 esset.
1280 1272 1284 1277 -

507 1308 568 1368 3⁰.
599 1308 737 1366 Quod
758 1323 810 1353 ea
837 1305 889 1351 sit
921 1304 1003 1351 luis
1023 1321 1224 1351 venereae
1257 1303 1433 1351 indoles
1452 1338 1464 1357 ‚
1492 1320 1540 1350 ut
1560 1303 1693 1352 semel
1725 1320 1944 1370 concepta
1963 1305 2121 1351 nativa:
2138 1323 2281 1369 aegro·

436 1372 628 1418 tantium
648 1371 883 1436 temperiei
916 1371 1179 1435 plerumque
1214 1370 1276 1414 ita
1309 1368 1398 1415 sese
1429 1369 1743 1416 accommodet
1762 1403 1775 1422 ,
1806 1386 1853 1415 ut
1880 1369 2066 1416 morbos
2094 1370 2278 1418 eosdem

438 1438 681 1484 mentiatur
714 1436 874 1500 quibus
894 1435 998 1498 aegri
1033 1436 1134 1481 ante
1160 1432 1483 1480 afficiebantur.
1513 1436 1556 1481 Si
1580 1435 1677 1497 quis
1697 1452 1742 1479 v.
1758 1451 1801 1497 g.
1837 1436 2050 1499 pulmone
2070 1469 2083 1487 ,
2105 1437 2280 1500 capite,

439 1502 581 1548 oculis
600 1536 611 1555 ‚
632 1502 791 1566 hepate
813 1506 900 1546 δίε.
924 1500 1025 1546 ante
1047 1499 1322 1545 laboraverit
1342 1532 1355 1550 ‚
1375 1499 1560 1545 admisso
1584 1499 1717 1545 semel
1739 1500 1950 1563 contagio
1970 1500 2127 1546 iisdem
2146 1503 2193 1546 in
2212 1501 2282 1548 lo-

437 1566 499 1613 cis
541 1568 726 1630 perinde
764 1566 1044 1612 laboraturus
1066 1566 1151 1617 est,
1178 1564 1255 1611 sed
1285 1565 1417 1629 paulo
1455 1563 1685 1627 urgentius
1715 1582 1726 1617 ;
1757 1564 1877 1611 unde
1909 1563 1958 1609 fit
1982 1580 2030 1611 ut
2064 1565 2121 1612 de
2155 1583 2282 1612 novo

436 1632 603 1678 morbo
631 1632 751 1679 nulla
790 1631 839 1677 sit
869 1628 942 1676 sus
969 1630 1057 1676 icio
1078 1663 1090 1681 ‚
1119 1630 1417 1692 credaturque
1442 1646 1557 1693 aeger
1594 1646 1746 1677 vetere
1782 1628 1956 1676 tantum
1987 1629 2152 1676 morbo
2184 1631 2282 1678 lan-

435 1714 572 1761 gnere
588 1732 600 1750 ,
622 1698 698 1761 qui
722 1650 1094 1743 111veteras2endo
1115 1695 1370 1740 invaluerit.

495 1770 564 1820 40.
598 1762 736 1821 Quod
762 1777 1025 1824 aegrotantes
1055 1759 1161 1824 saepe
1192 1760 1338 1806 celent
1366 1758 1515 1805 morbi
1546 1774 1718 1824 partem
1737 1792 1750 1812 ,
1773 1757 1926 1806 saltem
1954 1758 2105 1806 morbi
2136 1759 2281 1824 origi-

431 1836 542 1873 'nem
561 1833 603 1873 ὃς
627 1826 902 1890 progressum
928 1825 1197 1872 dissimulent
1218 1859 1230 1877 ,
1251 1841 1307 1871 ne
1329 1824 1501 1871 causam
1522 1840 1735 1888 retegant.
1772 1825 1842 1871 Sic
1860 1842 2017 1871 verum
2034 1826 2109 1872 vix
2125 1842 2282 1871 extor-

440 1909 576 1955 queas
603 1892 656 1937 ab
678 1890 1037 1938 adolescentibus
1055 1924 1067 1942 ,
1088 1890 1167 1953 qui
1201 1890 1224 1935 a
1259 1907 1442 1955 parente
1473 1890 1545 1936 vel
1565 1890 1780 1953 Magistro
1807 1889 1888 1935 fibi
1912 1890 2072 1936 timent
2090 1908 2102 1942 ·,
2123 1890 2178 1936 ab
2208 1890 2282 1935 in-

439 1957 591 2019 nuptis
624 1954 820 2002 soeminis
841 1990 853 2008 ,
877 1973 985 2018 quas
1010 1955 1149 2019 pudet
1175 1955 1349 2019 culpam
1375 1954 1610 2007 confiteri3
1636 1955 1729 1999 imo
1750 1955 1858 1999 verb
1893 1954 1948 1999 ab
1973 1955 2134 2000 adultis
2161 1954 2282 2001 seni-

443 2019 584 2068 busve
603 2022 680 2084 qui
701 2020 764 2067 sui
792 2020 895 2083 juris
923 2019 1022 2065 sunt
1041 2053 1054 2072 ‚
1078 2037 1190 2083 quos
1211 2021 1331 2084 piget
1358 2036 1696 2082 nonnumquam
1725 2021 1970 2065 anteaCtam
2001 2019 2141 2066 vitam
2172 2037 2281 2067 can-

442 2085 549 2132 dide
572 2088 772 2149 relegere
791 2120 802 2139 ‚
833 2090 878 2131 δε
910 2084 1176 2144 juvenilium
1190 2101 1396 2131 errorum
1418 2083 1656 2130 reminisci.

165 2165 209 2203 ln
224 2160 397 2216 judican-
509 2155 561 2197 In
580 2150 631 2198 ea
649 2169 796 2197 rerum
815 2149 1003 2212 ambage
1020 2167 1106 2195 una
1130 2148 1320 2214 superest
1342 2149 1454 2194 ratio
1479 2149 1715 2195 veritatem
1734 2144 1971 2212 fugitivam
1993 2146 2284 2214 expiscandij

161 2216 211 2253 do
225 2216 332 2252 0²01&
344 2227 398 2252 at·
443 2233 603 2280 nempe
631 2214 660 2261 si
692 2215 899 2263 Medicus
928 2214 1099 2261 sedulus
1122 2220 1166 2260 &
1199 2214 1326 2278 sagax
1349 2214 1446 2260 veri
1469 2213 1705 2277 indagator
1734 2215 1789 2259 ad
1819 2213 2044 2277 sequentia
2063 2213 2185 2277 signa
2200 2232 2281 2278 pa-

165 2267 383 2357 ‘ffdfflzldssm
445 2281 595 2328 rallela
613 2314 625 2333 ‚
655 2299 748 2345 quae
769 2282 816 2326 in
840 2280 1066 2344 duplicem
1087 2279 1296 2326 ordinem
1319 2277 1570 2341 digessimus
1587 2312 1599 2331 ,
1633 2279 1873 2342 diligenter
1894 2280 2116 2341 utrimque
2138 2295 2281 2325 atten-

162 2332 279 2425 egui-La
348 2334 382 2358 ι’
444 2345 731 2409 dat-,singula
756 2346 921 2392 sincere
949 2343 1154 2391 discutiat
1176 2379 1188 2397 ,
1214 2345 1451 2408 distinguat
1469 2377 1482 2395 ,
1513 2344 1722 2396 aestimet3
1747 2349 1791 2390 ὃ(
1826 2344 1936 2407 quid
1961 2343 2017 2389 de
2039 2343 2122 2388 luis
2143 2360 2281 2389 vene-

445 2429 528 2458 reae
557 2411 786 2476 praesentia
806 2410 1081 2475 opinandum
1102 2409 1152 2455 sit
1175 2426 1360 2457 conetur
1380 2409 1618 2456 collatione
1640 2425 1936 2472 utrorumque
1964 2407 2118 2454 mutua
2148 2408 2281 2455 colli-

446 2493 550 2539 gere
567 2511 580 2529 ,
602 2477 725 2541 quod
742 2477 765 2522 a
785 2475 965 2540 singulis
982 2509 995 2529 ‚
1022 2474 1052 2520 si
1074 2472 1249 2522 seorsim
1270 2475 1570 2539 speffiharentur
1588 2508 1601 2526 ‚
1626 2474 1700 2519 vix
1722 2472 1859 2538 posset
1879 2473 1998 2520 elici.

207 2596 210 2599 ,
239 2551 371 2577 uotum
503 2542 631 2588 Prior
655 2542 770 2589 ordo
789 2541 1016 2605 signorum
1035 2558 1191 2586 eorum
1219 2542 1276 2586 est
1293 2574 1303 2590 ‚
1324 2557 1418 2603 quae
1441 2538 1494 2584 ab
1513 2537 1742 2585 effectibus
1775 2538 1949 2586 seminii
1980 2536 2164 2585 venerei
2197 2536 2280 2584 de-

165 2594 236 2682 ff‘a
253 2595 399 2651 alcmon-
445 2606 668 2653 ducuntur
689 2613 735 2653 δέ
754 2624 848 2670 quae
876 2604 1132 2671 praesentem
1159 2606 1265 2665 aegri
1294 2606 1449 2649 statum
1479 2604 1783 2649 demonstrant
1801 2637 1813 2657 ,
1852 2603 1971 2649 unde
2007 2601 2247 2653 {wesen-rma*
2263 2639 2282 2655 ,

166 2657 368 2733 ἓῑξζῃέοᾶηζ,
437 2675 508 2732 stu
531 2671 865 2728 demonstrativa3
896 2670 1110 2736 posterior
1138 2667 1248 2716 verb
1273 2687 1431 2715 eorum
1456 2686 1550 2731 quae
1577 2667 1868 2714 desumuntur
1897 2669 1920 2713 a
1950 2666 2082 2712 causis
2108 2666 2282 2712 seminii

169 2747 389 2786 memorati·
446 2734 643 2796 ejusdem
666 2742 710 2781 δέ
727 2754 820 2799 quae
837 2735 1107 2798 praeteritum
1121 2735 1223 2798 aegri
1240 2736 1396 2780 statum
1414 2748 1788 2786 commemorant,
1802 2732 1922 2779 unde
1940 2732 2183 2793 ἐγαμσηςικαὲ
2203 2730 2280 2778 seu

169 2814 229 2841 Va·
447 2806 797 2846 commemorativa
829 2800 1054 2846 dicuntur.
2267 2853 2269 2855 ,

168 2885 292 2919 Primb.
321 2886 403 2921 De-
488 2866 519 2910 P
537 2869 576 2911 R
593 2869 609 2910 Ι
629 2868 679 2910 M
697 2869 756 2912 O.
795 2865 931 2928 Signa
955 2863 1302 2911 demonstrativa
1317 2861 1504 2927 duplicis
1518 2859 1698 2924 generis
1720 2860 1817 2906 sunt
1832 2879 1844 2915 3
1860 2861 1998 2908 altera
2015 2859 2200 2923 quidem
2217 2856 2289 2904 lui

170 2934 384 2990 monstrati·
450 2944 648 2976 venerere
674 2926 734 2976 ita
755 2931 958 2995 propria,
984 2945 1032 2975 ut
1053 2928 1130 2975 soli
1157 2929 1427 2976 conveniant
1447 2928 1519 2974 vel
1540 2926 1682 2973 ferme
1704 2924 1817 2979 soli,
1849 2931 1894 2973 &
1923 2926 2030 2972 ideo
2054 2925 2295 2989 pathogno--

174 2985 403 3043 va.¹¹³¹³t›vssl
448 2999 604 3040 monica
624 2994 674 3041 ὅθ’
695 2999 871 3040 univoca
901 3017 910 3041 ς
945 2994 1082 3041 altera
1109 2995 1217 3041 verb
1238 2994 1300 3040 lui
1321 3012 1422 3039 cum
1446 2992 1612 3038 caeteris
1643 2991 1813 3038 morbis
1841 2991 1902 3037 ita
1923 2990 2178 3038 communia
2195 3021 2208 3040 ‚
2231 3000 2278 3032 ut

167 3037 405 3129 ἒῃζῗξέζει
448 3060 496 3104 in
527 3058 708 3105 diversis
746 3060 911 3106 morbis
943 3060 1128 3124 perinde
1161 3059 1458 3107 observentur
1480 3091 1493 3110 ,
1527 3062 1574 3103 δε
1605 3056 1713 3103 ideo
1744 3061 1950 3119 aequivoca
1985 3054 2274 3119 appellantur.

205 3100 228 3140 q
363 3117 372 3128 ’
450 3124 607 3169 Priora
633 3122 686 3169 ab
714 3123 941 3170 effectibus
960 3124 1252 3171 desumuntur
1271 3158 1284 3177 ‚
1303 3124 1378 3186 qui
1411 3122 1522 3167 fiunt
1542 3121 1655 3168 vitio
1681 3121 1923 3167 humorum
1952 3137 2052 3165 cum
2082 3131 2277 3163 venereo

449 3188 660 3254 contagio
677 3190 869 3238 maxime:
891 3189 1211 3253 analogorum,
1235 3195 1281 3239 &
1311 3204 1423 3254 quos
1449 3185 1577 3254 supra
1606 3184 1905 3237 recensuimus
1930 3186 2041 3246 Cap.
2058 3185 2128 3228 11.
2152 3181 2280 3244 prio!
