2477 3643
704 120 1675 169 L1nz1t111.CAvu·r11.
1967 133 2052 185 381

230 201 417 265 hujusce
441 200 643 248 methodi
664 200 743 246 usu
758 235 770 253 ,
795 201 872 246 nisi
892 199 1040 246 forsan
1062 200 1198 246 nimia
1225 201 1346 246 croci
1365 200 1640 262 astringentis
1667 200 1757 247 dosi
1779 203 2058 264 gonorrhoeae

243 270 382 316 fluxus
402 266 529 313 citius
548 264 836 312 cohiberetur
852 299 863 317 ‚
887 264 962 312 sed
982 266 1035 312 ab
1056 282 1210 313 errore
1230 281 1320 312 tam
1340 264 1572 312 manifesto
1595 264 1673 311 fibi
1694 282 1853 312 cavere
1877 266 2060 316 difficile

244 349 336 379 non
362 333 433 378 est.

305 402 343 441 V
361 402 408 442 11
427 402 458 443 Ι.
499 394 703 458 Denique
725 393 801 440 usu
821 409 1045 457 receptum
1066 396 1125 440 e'st
1143 395 1259 458 apud
1281 395 1487 441 Medicos
1508 397 1524 452 (
1537 399 1592 455 a)
1613 392 1948 458 Chirurgosque
1969 411 2059 443 non

243 478 404 525 paucos
423 478 502 526 per
523 460 749 506 octiduum
773 477 799 521 3
817 463 843 520 j.
875 459 1089 506 exhibere
1107 460 1261 523 opiatae
1281 459 1515 524 sequentis.

312 541 364 581 133.
461 525 696 570 Terebinth.
713 529 759 569 V
759 540 868 568 enetae
884 541 912 587 5
930 525 989 569 iv.

459 590 562 635 Rhez'
583 592 687 634 elcesi.
711 587 760 634 (ῥ’
779 592 990 652 petiverat.
1012 604 1039 650 3
1062 587 1122 648 iij.

458 657 674 699 Mercurii
697 655 822 698 dulcis
846 670 872 715 5
890 656 915 712 j.

367 722 446 763 M.
458 719 594 777 simul.
615 722 666 762 F.
687 719 810 776 maffa
832 722 874 762 in
894 719 973 761 0620
994 716 1096 775 dosbs
1113 717 1352 762 dividenda.

300 781 444 838 Quod
476 781 575 826 lane
609 781 796 828 remedii
829 798 966 844 genus
997 785 1041 825 &
1070 797 1212 825 tutum
1244 783 1301 827 est
1332 786 1377 826 &
1408 778 1591 826 salutare
1614 812 1625 830 ‚
1656 778 1794 826 modo
1827 777 1958 825 tertio
1988 777 2060 824 vel

247 845 304 892 ad
325 846 541 891 summum
562 845 755 892 secundo
779 845 926 890 morbi
946 844 1082 889 stadio
1106 845 1367 891 exhibeatur
1383 878 1394 896 ,
1418 844 1518 889 cum
1539 843 1794 891 remittente
1812 842 1996 891 fervore
2015 847 2062 888 δε

242 910 418 971 dysuriCi
437 928 544 974 opus
558 912 616 958 est
631 927 677 955 ut
692 911 839 956 ulcera
852 910 1168 972 detergantur,
1187 915 1232 955 ἃ
1253 910 1425 956 detersa
1439 908 1629 954 obducti
1646 909 1853 955 cicatrice
1868 907 2061 954 soliden-

246 991 334 1020 tur.
355 979 562 1022 Attamen
578 975 696 1022 null&
712 976 883 1021 ratione
898 973 1220 1039 praeferendum
1237 974 1322 1020 effe
1341 973 1566 1021 censemus
1583 973 1827 1019 levioribus
1845 973 2062 1018 inunctio-

245 1040 373 1084 nibus
394 1039 727 1085 mercurialibus
749 1074 761 1092 ‚
795 1056 889 1102 quat
911 1040 1089 1085 externe
1118 1039 1364 1084 illiniantur
1396 1039 1556 1084 eodem
1585 1037 1679 1101 ipso
1713 1053 1915 1098 tempore
1936 1070 1949 1089 ,
1969 1054 2061 1100 quo

244 1103 479 1149 balsamica
510 1123 589 1150 ore
620 1104 886 1150 exhibentur
916 1108 1037 1163 juxta
1073 1103 1338 1149 methodum
1360 1102 1485 1167 [ἶφι-εὶ
1505 1101 1769 1166 propositam
1791 1136 1803 1154 ,
1834 1101 1954 1147 unde
1984 1119 2060 1147 ea-

241 1169 347 1214 dem
378 1187 449 1214 om
459 1170 528 1214 nia
555 1169 856 1214 emolumenta
876 1168 1094 1213 accedunt
1112 1201 1124 1218 ‚
1145 1185 1238 1230 quae
1259 1168 1312 1213 ab
1334 1167 1480 1231 opiatzi
1499 1201 1511 1218 ,
1540 1166 1614 1213 sed
1636 1168 1825 1213 certiora
1845 1172 1889 1213 &
1913 1163 2060 1212 effica-

241 1233 365 1279 ciora
380 1268 392 1286 ‚
414 1234 587 1281 minore
606 1233 722 1278 noxst
737 1267 748 1285 ,
771 1238 816 1279 &
835 1232 923 1278 sine
944 1232 1034 1278 ullo
1057 1232 1293 1278 ventriculi
1312 1233 1492 1278 damno.

342 1371 382 1418 ς.
430 1366 502 1407 ΙΙ.
550 1363 645 1407 DE
696 1363 1320 1409 COMMENTITIA
1370 1363 1954 1408 GONORRHOEAE

924 1428 1408 1472 PROPHYLAx1.

300 1555 499 1601 Secunda.
535 1556 632 1606 Jam
656 1555 763 1601 verb
779 1569 827 1599 ut
841 1554 897 1601 de
920 1553 1181 1619 prophylaxi
1202 1554 1483 1617 gonorrhoeae
1506 1567 1854 1617 caeterorumque
1878 1553 2062 1600 morbo-

243 1637 344 1665 rum
371 1637 669 1666 venereorum
698 1637 834 1682 pauca
863 1619 1140 1682 proferamus
1160 1652 1173 1670 ‚
1208 1620 1374 1664 constat
1407 1618 1678 1680 antiquiores
1713 1618 1918 1664 Medicos
1938 1652 1951 1670 ,
1982 1617 2060 1664 ubi

245 1683 439 1748 primum
459 1684 737 1747 exploratum
756 1683 948 1730 habuere
968 1682 1221 1730 affectiones
1239 1700 1394 1729 omnes
1415 1681 1657 1728 istiusmodi
1676 1682 1769 1728 solo
1787 1683 1964 1729 veneris
1984 1682 2063 1729 usu

243 1747 480 1799 contrahi,
509 1749 555 1792 in
580 1748 628 1793 id
652 1748 777 1793 omni
801 1765 883 1811 ope
909 1764 1040 1811 atque
1063 1746 1198 1812 operti
1218 1747 1325 1792 olim
1350 1746 1594 1792 incubuisse
1624 1763 1672 1792 ut
1689 1747 1935 1810 ingressuro
1956 1765 2064 1793 con-

249 1814 369 1875 tagio
400 1813 491 1858 vias
518 1829 609 1858 arte
635 1812 982 1876 praecluderent,
1011 1829 1142 1876 atque
1163 1811 1214 1857 ea
1233 1812 1404 1857 ratione
1432 1812 1626 1857 orituros
1652 1812 1759 1858 inde
1782 1811 1965 1859 morbos
1994 1830 2063 1859 re-

249 1877 407 1923 mediis
438 1893 797 1923 averruncarent.
837 1879 979 1922 Potest
1010 1878 1057 1921 in
1088 1877 1342 1940 exemplum
1373 1894 1481 1922 unus
1508 1877 1638 1921 instar
1665 1876 1871 1922 omnium
1901 1877 2063 1923 adduci

246 1941 432 1987 Gabriel
456 1941 668 2005 Fallopius·
685 1974 698 1994 ,
725 1942 802 2004 qui
825 1941 985 2004 Operis
1007 1941 1073 1987 sui
1097 1943 1143 1987 de
1163 1940 1323 1988 Morbo
1341 1944 1504 1988 Gallico
1529 1944 1657 2004 capit-e
1678 1945 1744 1999 89.
1770 1940 1826 1986 fic
1848 1940 2062 2005 praefatur.

252 2011 267 2062 (
284 2005 336 2065 b)
361 2012 448 2069 Ego
464 2039 476 2058 ‚
504 2006 648 2069 inquit
666 2039 679 2057 ,
696 2007 804 2051 nihil
815 2006 948 2066 ftciffl’
966 2008 1112 2052 videor
1133 2044 1147 2059 ,
1166 2006 1245 2066 nist
1262 2007 1375 2051 doceo
1395 2023 1467 2049 vos
1487 2005 1674 2067 quomodo
1695 2009 1782 2067 quis
1802 2006 1949 2051 videns
1966 2010 2066 2070 pul-

245 2071 486 2117 cherrimam
504 2072 681 2130 strenam
699 2108 714 2123 ,
741 2070 791 2117 ὦ*
816 2074 939 2116 coiens
968 2088 1055 2115 cum
1082 2069 1131 2115 eci
1152 2109 1166 2124 ,
1191 2073 1307 2115 etiam
1332 2069 1478 2129 infinffici
1496 2107 1510 2122 ‚
1542 2069 1567 2114 ἰι
1592 2072 1701 2115 carie
1727 2068 1776 2116 ὠ
1803 2072 1866 2115 lue
1894 2072 2066 2118 Gallici

245 2138 523 2199 praefirvetur.
564 2140 602 2180 E
603 2152 653 2198 go
673 2138 774 2179 enim
790 2135 946 2198 semper
960 2134 1028 2192 fui
1046 2136 1162 2193 hujus
1178 2135 1375 2193 finientiae
1392 2172 1405 2187 ,
1436 2133 1543 2197 quiid
1562 2134 1666 2195 adsit
1684 2137 1787 2178 ratio
1803 2138 2067 2198 praecavendi

248 2217 298 2245 ne
316 2215 390 2263 per
413 2203 636 2261 contagium
661 2199 880 2259 hujusmodi
906 2200 1107 2260 ulcufhula
1135 2203 1387 2258 (venerea)
1418 2202 1611 2243 oriantur.
1647 2197 1828 2244 Deinde
1848 2199 1995 2245 multis
2013 2218 2066 2247 ea

249 2263 449 2310 remedia
477 2262 757 2327 prosequitur
774 2297 786 2314 ,
812 2280 909 2326 qua‘.
939 2262 992 2308 ad
1024 2263 1104 2308 luis
1131 2263 1439 2326 prophylaxim
1466 2262 1612 2308 valere
1641 2278 1793 2326 putav,
1825 2262 2066 2328 laudatque

248 2329 370 2375 *inter
406 2344 562 2373 caetera
590 2327 827 2373 linteolum
859 2328 1045 2373 decocto
1078 2328 1382 2374 remediorum
1414 2327 1771 2373 vulnerariorum
1791 2361 1802 2379 ,
1824 2328 2066 2392 astringen-

249 2393 363 2438 tium
383 2425 395 2444 ,
426 2392 780 2438 Guaiacinorum
811 2397 856 2438 δε
890 2391 1228 2437 Mercurialium
1262 2392 1483 2437 imbutum
1503 2425 1515 2443 ,
1549 2391 1677 2453 quod
1707 2390 1867 2437 balano
1901 2395 2066 2457 apponi

253 2458 326 2503 vel
361 2457 581 2520 principio
609 2456 793 2501 urethrae
819 2456 989 2501 intrudi
1020 2456 1154 2516 jubet.
1191 2456 1267 2501 Ait
1297 2472 1443 2502 autem
1461 2459 1505 2516 se
1523 2456 1656 2515 feciffe
1683 2460 1991 2519 experimentum
2021 2463 2066 2504 in

253 2537 405 2568 centum
437 2521 485 2568 «ἔθ’
514 2522 621 2566 mille
645 2520 890 2574 hominibus,
910 2521 960 2567 &
979 2525 1117 2567 Deum
1134 2518 1296 2578 testatur
1321 2523 1580 2567 immortalem
1597 2522 1749 2565 nullum
1780 2536 1909 2566 eorum
1938 2522 2066 2581 infec-

246 2603 333 2633 tum
375 2587 478 2646 affe.

319 2653 437 2696 Cum
471 2648 667 2712 Fallopio
707 2648 925 2695 consentit
954 2651 1107 2695 Petrus
1139 2648 1336 2712 Angelus
1370 2648 1567 2711 Agathus
1587 2681 1600 2699 ‚
1637 2648 1714 2711 qui
1747 2648 1930 2713 Fallopii
1955 2667 2065 2714 opus

252 2714 442 2764 Scholiis
472 2719 517 2759 δε
539 2712 917 2759 Annotationibus
936 2713 1055 2759 auxit
1074 2730 1190 2759 anno
1216 2723 1337 2775 1564.
1370 2713 1463 2777 Ipse
1483 2713 1602 2759 enim
1624 2713 1834 2777 proponit
1855 2729 2064 2777 tanquam

251 2779 356 2825 vere
385 2777 757 2841 prophylacticum
786 2796 877 2823 non
898 2779 945 2823 in
968 2778 1071 2823 viris
1091 2778 1230 2823 mod-b
1245 2812 1257 2829 ‚
1285 2777 1361 2824 sed
1392 2778 1439 2822 in
1459 2777 1717 2823 mulieribus
1735 2795 1917 2840 quoque
1937 2778 2063 2824 usum

250 2859 346 2889 tum
366 2842 493 2888 lintei
512 2842 628 2887 haud
648 2841 839 2887 diffimili
859 2842 1041 2887 decocto
1059 2841 1219 2887 imbuti
1238 2874 1250 2892 ,
1268 2859 1360 2903 quo
1385 2841 1563 2887 balanus
1589 2856 1662 2886 aut
1691 2841 1822 2886 vulva
1843 2841 2064 2903 obtegan-

250 2924 324 2954 tur
354 2908 444 2970 post
474 2924 581 2969 opus
601 2939 613 2957 ,
640 2922 734 2951 tum
775 2905 1014 2966 suffumigii
1044 2905 1312 2950 mercurialis
1330 2937 1341 2956 ‚
1378 2922 1467 2967 quo
1504 2903 1728 2950 suffiantur
1759 2903 2062 2953 loch-venerei

252 2973 347 3037 post
366 2987 474 3035 opus
496 2969 623 3016 eloti.
647 2969 716 3015 Sic
737 2985 846 3031 ergo
867 2967 1099 3032 gratiffima
1117 2967 1215 3014 sane
1244 2968 1561 3014 incolumitatis
1586 2968 1678 3033 spes
1703 2967 1869 3015 ostensa
1886 2971 1944 3016 est
1975 2970 2062 3016 ho·-

312 3082 322 3126 (
339 3093 360 3114 a
377 3082 386 3125 )
425 3083 576 3115 Devaux
595 3075 627 3111 in
648 3073 949 3113 Annotationibus
966 3076 1013 3109 ad
1033 3074 1108 3111 Lib.
1129 3087 1159 3117 3.
1177 3074 1299 3111 Carol.
1320 3074 1492 3112 Mufitani
1513 3079 1564 3111 De
1580 3075 1702 3112 morbis
1717 3075 1871 3113 venereis
1885 3103 1892 3115 ‚
1913 3083 1986 3123 cap.
2006 3091 2037 3114 2.

311 3136 322 3178 (
340 3130 360 3166 b
377 3134 387 3181 J
422 3127 602 3179 Fallopius
628 3126 711 3163 ideo
739 3126 873 3162 duriter
892 3125 1038 3176 vapulat
1064 3125 1200 3174 judicio
1218 3126 1365 3164 Henrici
1384 3126 1568 3179 Stephani.
1586 3127 1747 3177 Apologie
1768 3135 1851 3176 pour
1867 3126 2060 3176 He'rodote,

252 3184 333 3222 Liv.
350 3195 382 3221 1.
399 3183 500 3232 εἰναι).
521 3195 584 3220 ιι.
610 3178 669 3235 {ed
686 3192 728 3218 an
745 3182 826 3230 jure
845 3190 890 3217 an
905 3178 1036 3230 injuria
1051 3176 1142 3218 infra
1160 3177 1351 3218 videbitur.

1731 3234 1768 3277 Z
1798 3245 1845 3293 11)

2109 406 2220 446 vm.
2238 411 2334 448 Tan«

2108 460 2186 496 dem
2203 461 2306 497 usum

2110 511 2331 549 terebinthi-—

2112 576 2162 600 nae
2192 576 2275 600 cum

2110 615 2306 653 Mercurio

2107 665 2201 703 dulci
2215 694 2225 710 ,
2241 667 2339 719 quod

2109 719 2256 757 remedii
2270 731 2341 769 ge-

2110 783 2172 807 nus
2193 783 2317 808 tutum

2107 822 2156 859 est
2173 849 2185 866 ‚
2209 828 2243 861 &
2267 835 2342 874 po·-

2109 875 2174 911 test
2199 875 2316 911 intet-

2109 927 2196 962 dum
2215 926 2301 964 utile

2109 976 2192 1017 effe.

2114 1557 2343 1609 Prophylac-

2112 1609 2184 1646 tica
2200 1612 2265 1647 luis
2283 1623 2350 1647 ve-

2111 1674 2149 1697 ne
2157 1674 2218 1698 rtae
2229 1673 2345 1699 reme*-

2112 1713 2169 1749 dia
2190 1727 2258 1749 non
2277 1713 2344 1749 mi-

2113 1765 2190 1801 nori
2207 1765 2344 1817 dilige-

2109 1817 2163 1853 tia
2187 1819 2344 1869 conqui-

2114 1869 2178 1906 fita
2207 1868 2285 1905 sunt
2300 1897 2312 1912 ‚

2113 1920 2221 1972 quam
2252 1920 2341 1957 the-

2114 1984 2311 2025 tapeutica‚
