2477 3643
699 144 1524 202 ·PRAEFAT10.

200 246 218 307 (
240 257 299 293 ut
318 236 593 292 Medicum
613 243 669 292 δε
692 238 967 292 concivem
995 236 1180 303 decet)
1213 233 1586 289 incolumitate
1606 236 1726 291 vere
1753 239 2027 297 sollicitUS.

196 314 565 383 Quamobrem
587 312 694 385 spes
715 311 784 365 est
802 312 1017 366 Librum
1036 312 1238 365 huncce
1258 310 1487 363 nostrum
1510 355 1523 377 ,
1543 312 1578 364 fi
1597 313 1768 366 minus
1799 315 2026 388 diligen-

195 406 275 443 ter
304 388 663 453 elucubratus,
696 406 856 459 atque
879 387 1008 440 adeo
1032 385 1184 440 laude
1217 385 1399 458 parum
1421 385 1608 457 dignus
1633 387 1730 440 effe
1756 388 2025 459 videatur,

197 482 375 518 tamen
400 463 527 535 quia
547 462 887 516 benevolenti
908 462 1088 515 animo
1107 460 1428 533 conscriptus
1443 505 1458 527 ‚
1481 460 1633 516 nobis
1654 464 2026 537 apponendum

193 537 294 592 effe
318 538 512 610 gratiae.

267 613 644 666 Remediorum
675 610 926 665 formulas
964 609 1195 684 protuli,
1227 627 1590 684 quotcumque
1621 612 1711 665 usu
1752 614 1913 686 vulgo
1945 634 2025 669 re-

195 707 357 761 ceptae
388 687 503 739 sunt
524 731 537 754 ‚
572 696 625 741 δε
656 687 711 739 in
736 689 930 740 multos
955 707 1017 739 ex
1041 706 1192 757 aequo
1221 685 1476 757 quadrare
1498 686 1726 761 possunt.
1769 690 2020 760 Caeoems,

196 782 325 834 quas
358 782 450 835 pro
485 761 654 815 morbi
689 762 873 814 natura
910 770 964 816 &
1003 762 1198 832 gradu,
1236 779 1325 814 aut
1363 781 1456 833 pro
1492 763 1859 833 agrotantium
1896 764 2026 817 viri-

193 837 287 890 bus
323 845 377 891 &
412 856 565 890 astate
601 837 801 889 variare
836 836 1094 888 necessum
1129 835 1228 901 est,
1269 835 1492 908 prudens
1529 838 1675 889 omifi
1700 883 1713 906 ‚
1749 858 1814 890 ne
1843 841 2022 908 junio-

191 912 331 965 ribus
364 911 592 964 Medicis
629 912 790 964 esl'ent
827 909 1148 964 offendiculo
1174 954 1187 976 ,
1223 916 1250 963 a
1286 910 1473 982 quibus
1510 911 1564 964 in
1601 912 1771 966 obviis
1807 913 2023 985 quibus-

190 1005 418 1057 cumque
451 986 594 1057 aegris
629 988 778 1039 nullo
814 985 1113 1038 discrimine
1143 987 1451 1057 plerumque
1484 985 1871 1041 adhiberentur.
1920 986 2021 1041 Sed

189 1060 447 1134 praecipua
474 1069 527 1114 ὅ(
560 1060 938 1132 praesentissima
962 1060 1190 1112 remedia
1215 1058 1494 1131 diligenter
1518 1062 1781 1129 recensui,
1817 1081 1931 1134 quae
1955 1061 2023 1116 ad

189 1136 386 1207 fingula
410 1135 708 1186 morborum
734 1153 922 1206 genera
946 1137 1124 1187 valent
1140 1178 1152 1200 ‚
1178 1134 1240 1185 ab
1264 1134 1637 1188 infirmioribus
1663 1135 1727 1188 ad
1748 1139 2021 1189 vehemen-

188 1209 325 1263 tiora
355 1208 732 1281 progrediendo
770 1209 995 1282 apposita
1018 1209 1335 1280 singulorum
1355 1208 1459 1261 dosi
1483 1234 1494 1266 ;
1533 1209 1673 1262 unde
1694 1210 1829 1263 nihil
1856 1229 2020 1283 nego-

122 1289 123 1292 ’
188 1283 254 1338 tii
288 1283 524 1337 futurum
558 1284 627 1336 est
659 1282 942 1347 formulas,
973 1284 1005 1335 fi
1043 1284 1156 1337 usus
1190 1281 1385 1350 fuerit,
1423 1303 1487 1335 ex
1511 1303 1563 1336 re
1596 1293 1651 1338 δε
1683 1305 1746 1338 ex
1784 1294 2018 1359 tempore

190 1358 476 1412 conficere:
521 1361 595 1411 At
628 1358 859 1411 monitos
883 1358 1043 1412 velim
1074 1358 1302 1426 juniores
1334 1357 1573 1412 Medicos
1590 1403 1605 1426 ,
1626 1377 1683 1412 ut
1706 1366 1931 1414 mixturae
1960 1362 2019 1421 ω’·

186 1438 547 1509 compofitiones
574 1454 637 1486 ex
656 1440 832 1508 paucis
854 1434 1049 1506 semper
1073 1433 1368 1486 conflentur
1406 1437 1490 1500 (a)
1528 1437 1762 1487 remediis
1786 1456 1850 1487 ex
1874 1436 2016 1488 camd

184 1528 281 1562 non
314 1529 376 1561 ex
413 1507 689 1581 conseffura*
727 1510 992 1581 afflcmptis.
1051 1507 1308 1580 Indigesta
1342 1507 1485 1560 enim
1522 1517 1576 1562 δε
1612 1508 1904 1581 promiscua
1939 1529 2011 1561 re,

186 1581 483 1635 mediorum
514 1580 751 1654 farrago,
792 1583 894 1652 qua
928 1583 1176 1634 nonrmlli
1212 1581 1464 1635 formulas
1509 1583 1596 1648 (b)
1643 1584 2017 1658 inexplicabiles

186 1656 467 1710 offerciunt
490 1699 503 1722 ‚
535 1676 644 1709 non
680 1655 839 1709 modo
862 1700 875 1724 ‚
908 1675 966 1709 ut
1000 1656 1202 1710 Plinius
1242 1665 1330 1723 (c)
1368 1656 1441 1708 ait
1464 1700 1478 1723 ‚
1513 1659 1764 1724 ostentatio
1794 1665 1922 1713 artis
1958 1660 2015 1717 &-

178 1733 467 1805 pertentaſse
487 1733 706 1800 scientiae
723 1737 1006 1784 venditatio
1036 1735 1102 1799 est
1119 1773 1132 1792 ‚
1165 1731 1297 1802 quin
1317 1731 1477 1782 etiam
1499 1772 1511 1790 ‚
1534 1748 1591 1782 ut
1616 1730 1758 1784 idem
1787 1732 1915 1784 alibi
1938 1731 2020 1786 di-

186 1806 262 1858 cit
284 1850 297 1873 ‚
338 1809 438 1872 (d)
476 1807 781 1872 impudc'ntia
805 1846 818 1867 ,
861 1812 948 1870 (e)
980 1807 1162 1877 frctus,
1205 1809 1293 1876 (f)
1328 1807 1536 1875 peffidia
1572 1808 1672 1871 est,
1708 1825 1823 1876 quae
1855 1825 2018 1878 aegro-

188 1879 422 1932 tantibus
451 1876 557 1930 fere
589 1898 878 1950 numquam
913 1898 1021 1930 non
1057 1897 1243 1945 nocet,
1277 1878 1396 1931 cum
1426 1877 1622 1949 semper
1655 1878 1819 1932 nimia
1850 1890 1901 1934 &
1939 1881 2016 1934 in-

186 1954 342 2007 utilia
370 1998 383 2020 ,
418 1950 674 2025 saepissime
712 1951 972 2025 proposito
996 1952 1149 2026 scopo
1173 1952 1436 2007 contraria
1467 1952 1695 2006 remedia
1719 1956 1777 2006 ea
1809 1956 2016 2009 ratione

187 2027 521 2084 inculcentur
552 2035 605 2082 δε
639 2045 972 2100 oggerantur.

258 2175 328 2228 V.
366 2185 420 2231 δε
454 2177 561 2230 VI.
599 2175 891 2230 Videbatur
925 2196 1110 2231 manus
1143 2196 1372 2231 extrema
1401 2177 1567 2251 Operi
1603 2184 1705 2245 jam
1738 2178 1975 2253 imposita
1997 2224 2012 2249 ‚

185 2247 308 2303 cum
328 2251 590 2324 optimum
612 2251 724 2304 fore
754 2250 1016 2319 judicavi,
1040 2262 1092 2307 &
1120 2253 1569 2323 Chronologicam
1593 2256 1881 2306 Austorum
1905 2274 2014 2307 om-

185 2323 368 2393 nium,
404 2325 497 2398 qui
531 2325 592 2379 de
618 2326 803 2379 eodem
833 2345 1142 2398 argumento
1174 2326 1444 2399 scripsere,
1481 2328 1863 2381 Bibliothecam
1896 2329 2030 2395 sub--
2094 2336 2098 2339 ’
2124 2360 2132 2370 -

184 2398 367 2469 jungi,
401 2419 458 2452 ut
495 2420 602 2453 uno
635 2401 777 2472 quafi
813 2400 1014 2453 intuitu
1052 2402 1359 2472 cognoscere
1395 2402 1574 2455 liceret
1598 2447 1611 2469 ‚
1650 2403 1778 2474 quid
1808 2403 1870 2455 de
1910 2404 2008 2458 luis

185 2490 415 2526 venereae
438 2474 672 2546 origine,
704 2476 888 2527 natura
908 2520 922 2542 ,
953 2475 1191 2528 remediis
1226 2476 1359 2529 varii
1391 2474 1532 2528 varie
1561 2477 1808 2531 senserint
1839 2478 2005 2531 diver-

185 2545 242 2599 fis
271 2549 622 2619 temporibus;
662 2548 793 2622 quid
826 2550 880 2601 in
911 2549 1268 2622 promovenda
1300 2551 1443 2603 illius
1479 2551 1749 2604 curatione
1779 2552 1805 2605 ὲ
1841 2553 2010 2624 fingu-

182 2620 247 2674 lis
283 2622 558 2692 praestitum
594 2624 679 2683 fit;
711 2644 818 2676 uno
851 2624 1008 2677 verbo
1039 2645 1102 2677 ex
1133 2625 1321 2696 quibus
1359 2625 1658 2696 ambagibus
1694 2637 1747 2682 &
1785 2647 2012 2698 quorum

183 2695 501 2767 potissimum
545 2697 711 2751 studio
752 2699 1054 2751 morborum
1097 2699 1313 2753 illorum
1354 2701 1620 2772 therapeia
1661 2702 1832 2774 qualis
1870 2722 2012 2754 nunc

184 2769 276 2821 usu
311 2770 452 2841 viget
476 2816 488 2838 ‚
525 2771 589 2825 ad
620 2792 740 2826 eum
776 2773 1104 2846 perfcffionis
1140 2773 1343 2847 apicem
1374 2775 1667 2847 pervenerit
1690 2820 1706 2844 ‚
1735 2796 1842 2848 quo
1871 2795 2013 2829 nunc

185 2842 310 2894 stare
346 2845 585 2900 videtur?

258 2918 334 2969 Eo
369 2918 549 2989 itaque
581 2920 796 2973 confilio
828 2922 1075 2975 Auelores
1109 2921 1427 2988 istiusmodi,
1473 2939 1740 2994 quotquot
1776 2922 2009 2976 nancisci

185 2989 369 3044 datum
400 2993 468 3043 est
486 3037 499 3058 ,
531 2993 810 3065 diligenter
832 2996 1041 3060 evolvi,
1067 2997 1198 3066 legi,
1224 2997 1445 3067 perlegi3
1472 3003 1812 3068 quaecumqu‘e
1839 3018 2005 3064 nova,

186 3064 461 3136 singularia
482 3111 495 3134 ‚
524 3087 634 3119 rara
656 3110 668 3132 ‚
707 3067 985 3120 notatione
1019 3068 1175 3139 digna
1207 3069 1313 3121 visa
1344 3070 1459 3122 sunt
1481 3113 1494 3132 ,
1529 3070 1704 3123 sedulo
1739 3071 1765 3124 ὲ
1797 3071 2007 3141 singulis

189 3141 411 3213 excerpsi
441 3168 452 3201 ;
490 3143 671 3195 cuncta
703 3141 1035 3196 membratim
1070 3143 1242 3215 digeffi
1263 3185 1276 3210 ,
1308 3144 1405 3196 suis
1439 3164 1657 3217 quaeque
1687 3147 2009 3217 temporibus

185 3211 430 3282 reddidi,
464 3236 523 3270 ac
556 3216 615 3269 in
651 3215 779 3271 duos
818 3216 947 3272 alios
985 3217 1169 3275 Libros
1205 3218 1477 3287 distribui,
1519 3230 2013 3295 quintumscxmm-

1960 156 2054 222 vij*

2101 1467 2113 1513 (
2129 1481 2152 1503 a
2170 1470 2182 1515 j
2208 1469 2296 1508 Plin-

2063 1519 2195 1566 Histor.
2221 1536 2296 1559 na-

2062 1580 2132 1608 tur.
2146 1575 2247 1611 Liba.
2258 1588 2297 1617 2.

2062 1632 2136 1673 cap.
2153 1640 2219 1671 24.
