2477 3643
453 135 544 195 με
827 133 921 182 DE
989 94 1938 188 MORJSISVENEREIS.

454 210 706 283 purgante,
735 210 809 260 vel
831 211 905 261 die
924 210 1186 278 insequente
1206 211 1452 263 cathartico
1466 215 1669 281 *quodam
1686 234 1765 267 ore
1781 215 2002 267 exhibito.

519 277 816 343 Quacumque
837 277 912 326 die
933 277 1183 325 remedium
1202 277 1466 334 adhibetur,
1493 279 1618 329 diaeta
1643 281 1802 332 eadem
1822 280 2041 332 servanda
2060 282 2119 332 est
2135 315 2148 336 ,
2169 299 2219 332 ac
2252 281 2286 335 fi

455 343 751 392 catharticum
769 341 1031 408 assumptum
1049 341 1197 390 fuisset
1217 361 1227 388 ι
1250 342 1429 392 Scilicet
1478 347 1540 393 ost
1560 346 1717 395 horam
1740 348 1917 397 tertiam
1939 345 2156 409 jusculum
2182 349 2286 399 leve

453 408 788 458 exsorbendum
806 409 865 455 est
879 441 893 461 ,
913 405 1096 471 totaque
1115 405 1190 455 die
1209 408 1359 474 tepide
1379 414 1424 457 &
1465 411 1630 476 argiter
1657 413 1906 479 potandum
1927 413 2000 463 est.

547 629 1064 674 PRAECEDENTIUM
1131 639 1572 690 nssMrntoRuM
1624 643 2189 678 AthuisTRArro.

513 737 547 778 Ι.
581 731 867 779 Praemittitur
887 731 1145 797 praeparatio
1165 747 1518 798 temperamento
1537 736 1790 799 aegrotantis
1808 736 1972 784 idonea
1988 757 1999 790 3
2015 756 2176 804 nempe
2191 735 2287 785 seco'

454 795 499 843 ῑὲι
517 797 631 844 vena
653 814 931 862 purgatoque
951 815 1140 862 corpore
1158 797 1377 845 iterantur
1396 819 1475 865 per
1497 802 1591 848 dies
1619 802 1792 867 aliquot
1821 819 2081 868 apozemata
2109 819 2284 868 tempe-

455 862 602 908 tantia
623 867 667 908 δέ
689 863 905 911 diluentia
924 881 1025 910 cum
1046 862 1329 911 hume<stante
1348 865 1489 912 diaetfi.

511 932 582 974 ΙΙ.
622 928 899 976 Exhibentur
920 928 1063 993 pilulae
1082 946 1321 994 purgantes
1341 930 1395 977 ad
1414 948 1477 995 gr.
1499 935 1527 994 j.
1548 932 1592 992 ij.
1614 932 1686 979 vel
1705 932 1767 993 iij.
1791 932 1919 978 mane
1940 936 2088 994 jejuno
2109 933 2286 979 ventri-

450 992 555 1038 culo
573 1027 587 1046 ‚
612 1011 714 1040 cum
739 992 876 1040 solito
899 995 1186 1058 purgantium
1205 996 1425 1059 regimine
1441 1031 1454 1050 ,
1474 1016 1523 1044 ac
1540 997 1572 1044 fi
1591 998 1741 1046 alvum
1760 997 1858 1044 satis
1874 998 2055 1063 copiose
2075 1016 2166 1045 non
2186 1015 2287 1044 rno-

448 1074 586 1107 veant
605 1093 618 1112 ‚
649 1077 807 1106 enema
826 1076 1020 1123 purgans
1042 1059 1217 1124 vesperi
1242 1062 1456 1124 injicitur.
1885 1069 1888 1072 '
2254 1110 2262 1114 -

514 1128 615 1169 III.
657 1123 887 1171 Exhibitio
906 1125 1143 1190 pilularum
1163 1126 1348 1174 iteratur
1366 1127 1499 1174 initio
1518 1144 1680 1192 quarto
1701 1126 1772 1175 vel
1793 1126 1955 1192 quinto
1974 1144 2157 1193 quoque
2179 1125 2284 1182 die3

451 1186 618 1236 deinde
641 1192 803 1236 oetavo
825 1225 837 1244 ‚
856 1190 1036 1237 decimo
1056 1190 1216 1254 quinto
1235 1226 1247 1244 ,
1273 1192 1366 1238 imo
1389 1193 1615 1257 trigesimo
1635 1193 1822 1240 tantum.

506 1259 595 1301 IV.
628 1254 756 1301 Dosis
784 1256 1020 1321 pilularum
1038 1256 1238 1319 qualibet
1257 1258 1539 1308 exhibitione
1557 1276 1743 1323 augetur
1757 1292 1771 1312 ‚
1797 1257 1873 1306 sed
1896 1257 2022 1305 caute
2043 1262 2088 1304 δε
2109 1275 2193 1322 pro
2214 1275 2286 1304 ra-

450 1318 579 1367 tione
609 1319 789 1367 effectfis
813 1321 1100 1386 praecedentis
1118 1322 1422 1370 exhibitionis.

508 1391 562 1432 V.
599 1386 645 1431 Si
665 1386 809 1449 pilulae
839 1387 988 1432 alvum
1015 1385 1116 1432 satis
1144 1405 1235 1433 non
1260 1387 1511 1435 subducant
1528 1423 1542 1443 ,
1562 1405 1674 1454 opus
1691 1388 1776 1436 erit
1796 1387 1871 1435 die
1898 1385 2109 1451 sequente
2128 1386 2284 1452 potio-

445 1464 551 1497 nem
570 1466 836 1513 purgantem
861 1450 936 1497 sed
957 1449 1169 1501 blandam
1195 1453 1451 1518 propinare.

508 1520 547 1560 V
565 1520 598 1560 Ι.
639 1515 811 1561 Diebus
831 1515 886 1561 ab
905 1515 1185 1564 exhibitione
1206 1518 1446 1582 pilularum
1466 1517 1614 1565 vacuis
1633 1517 1923 1565 adhibebitur
1943 1515 2087 1582 pulvis
2107 1516 2285 1580 liquans

446 1577 501 1626 ad
523 1597 659 1644 grana
676 1580 738 1643 iij.
765 1598 868 1627 cum
888 1581 935 1643 ij
965 1581 1112 1645 granis
1131 1584 1410 1646 putaminum
1429 1602 1622 1631 ovorum
1653 1583 1987 1648 pulveratorum
2019 1582 2067 1628 in
2096 1582 2285 1628 infanti-

446 1645 527 1692 bus
549 1665 558 1691 :
583 1647 656 1691 Ad
678 1663 816 1709 grana
837 1650 896 1710 vj.
926 1664 1028 1693 cum
1054 1648 1201 1711 granis
1221 1668 1264 1696 v.
1284 1650 1550 1697 eorumdem
1570 1649 1850 1714 putaminum
1869 1649 1914 1693 in
1935 1649 2082 1712 pueris
2104 1647 2285 1695 duode-

443 1711 534 1756 cim
551 1728 771 1759 annorum
791 1746 803 1764 ‚
822 1729 918 1776 quae
937 1712 1151 1759 conserva
1170 1730 1244 1759 aut
1262 1714 1422 1781 syrupo
1453 1716 1616 1780 quovis
1631 1748 1646 1769 ‚
1672 1715 1746 1763 vel
1764 1713 1897 1780 pulpa
1916 1713 2042 1778 pomi
2071 1713 2186 1761 costi
2207 1731 2286 1761 ex·-

445 1775 669 1840 cipiuntur
692 1782 738 1822 δέ
756 1777 804 1822 in
833 1776 929 1824 boli
948 1776 1139 1824 formam
1160 1797 1510 1844 componuntur.

507 1846 578 1886 VI
597 1846 630 1887 Ι.
666 1842 814 1889 Pulvis
833 1843 908 1890 ille
928 1843 1159 1908 usurpatur
1186 1844 1254 1891 bis
1279 1846 1326 1892 in
1349 1847 1424 1894 die
1445 1846 1573 1893 mane
1600 1848 1750 1907 jejuno
1775 1842 2026 1891 ventriculo
2047 1876 2059 1894 ,
2079 1847 2126 1889 ἅτ
2148 1860 2284 1907 quar·

443 1904 490 1952 ta
508 1905 616 1952 hora
636 1908 728 1970 post
748 1908 984 1970 prandium
1000 1926 1012 1962 3
1035 1909 1127 1954 imo
1145 1909 1280 1956 etiam
1296 1945 1309 1964 ,
1326 1911 1356 1956 si
1375 1912 1558 1959 morbus
1578 1927 1733 1974 urgeat
1747 1943 1761 1963 ‚
1781 1908 1950 1975 poterit
1968 1907 2173 1956 exhiberi
2190 1925 2282 1957 ter-

445 1969 561 2016 tium
581 1972 719 2017 tribus
739 1972 862 2019 horis
879 1975 974 2037 post
989 1991 1178 2020 coenam.

510 2040 615 2080 VII
635 2040 666 2080 1.
699 2038 889 2094 Quoties
907 2037 1144 2083 iterabitur
1163 2039 1261 2084 usus
1277 2038 1513 2102 pilularum
1532 2073 1544 2092 ‚
1562 2040 1618 2086 de
1643 2039 1804 2103 quibus
1822 2038 1947 2101 supra
1966 2071 1979 2090 ‚
2008 2035 2138 2083 toties
2167 2035 2282 2085 dofis

443 2098 641 2165 pulveris
672 2099 881 2163 liquantis
909 2106 955 2147 <Sc
980 2102 1178 2166 pulveris
1207 2102 1395 2150 alKalini
1422 2105 1626 2167 augenda
1658 2104 1808 2166 granis
1832 2103 2002 2166 aliquot
2024 2119 2108 2166 pro
2136 2102 2281 2166 gradu

444 2163 624 2217 morbi,
647 2180 722 2210 aut
741 2164 901 2212 effectu
916 2183 1052 2229 quern
1073 2170 1159 2226 jam
1181 2168 1474 2230 praestiterint.

505 2233 598 2276 IX.
634 2231 732 2276 Post
762 2230 1029 2278 devoratum
1058 2231 1289 2296 pulverem
1319 2232 1567 2296 liquantem
1606 2230 1912 2280 exsorbendus
1943 2229 2044 2277 vice
2081 2229 2280 2292 qualibet

443 2294 617 2342 haustus
643 2294 820 2359 ptisanae
838 2330 851 2349 ‚
880 2296 954 2343 vel
973 2296 1084 2344 levis
1109 2296 1286 2345 decoffi
1314 2299 1456 2345 carnis
1482 2298 1678 2347 vitulinae
1695 2331 1710 2352 ‚
1743 2297 1815 2345 vel
1840 2295 1965 2359 quod
1985 2297 2182 2361 praestat,
2200 2297 2282 2353 deff

444 2360 562 2407 codri
590 2359 749 2406 radicis
767 2361 939 2409 Chinae.
2069 2424 2071 2427 .

505 2429 565 2471 X.
609 2424 779 2473 Diebus
807 2426 967 2473 iisdem
989 2425 1280 2474 exhibebitur
1311 2427 1518 2491 quotidie
1535 2426 1668 2474 bisin
1693 2426 1768 2474 die
1785 2459 1798 2479 ‚
1826 2441 1989 2489 nempe
2017 2426 2111 2489 post
2140 2435 2281 2491 pram-³

440 2489 628 2537 flium&
649 2492 740 2554 post
753 2509 926 2538 coenam
943 2492 1132 2538 tinetura
1146 2491 1325 2539 aurifica
1344 2493 1401 2539 acl
1420 2509 1533 2557 gutt.
1555 2493 1628 2555 xij.
1646 2492 1717 2539 vel
1737 2510 1810 2539 xv.
1826 2507 1899 2537 aur
1919 2489 2143 2537 elixirium
2160 2492 2280 2538 auri·

442 2555 578 2601 ficum
596 2555 648 2601 ad
665 2571 776 2619 gutt·
799 2574 871 2604 xx.
886 2557 959 2605 vel
979 2575 1081 2604 xxv.
1101 2557 1148 2603 in
1163 2557 1386 2604 cochleari
1403 2559 1497 2606 vini
1513 2557 1585 2604 vel
1599 2558 1708 2605 levis
1728 2556 1904 2603 decoCti
1925 2554 2087 2602 radicis
2102 2556 2275 2603 Chinae.

506 2625 596 2666 XI.
640 2621 764 2668 Licet
787 2622 985 2670 remedia
1008 2622 1086 2669 illa
1116 2640 1401 2688 quocumque
1427 2639 1627 2688 tempore
1656 2622 1960 2671 intermittere
1980 2654 1994 2674 ‚
2024 2620 2054 2666 fi
2084 2621 2146 2667 ita
2174 2622 2197 2668 ὲ
2226 2637 2275 2669 re

443 2682 531 2732 esse
562 2685 781 2733 videatur.

507 2753 628 2795 XII.
650 2751 695 2796 Si
707 2751 756 2798 fit
768 2751 1074 2798 remediorum
1088 2751 1267 2799 cessatio
1284 2786 1297 2806 ‚
1312 2752 1422 2798 utile
1438 2754 1497 2798 est
1513 2769 1595 2818 pro
1617 2749 1722 2797 nota
1738 2749 1989 2815 aegrotantis
2005 2764 2274 2815 temperatu-

442 2813 491 2860 rz'i
510 2814 580 2861 vel
602 2832 733 2878 aquas
753 2816 988 2862 minerales
1008 2816 1286 2878 chalybeatas
1302 2851 1317 2871 ‚
1345 2833 1392 2864 ut
1410 2816 1649 2882 Forgenses
1666 2832 1740 2863 aut
1759 2815 1966 2863 Paffiacas
1981 2849 1995 2869 ‚
2010 2816 2082 2862 vel
2109 2816 2173 2863 lac
2195 2817 2276 2870 afi-v

439 2880 598 2926 ninum
621 2895 695 2926 aut
714 2881 948 2945 caprillum
971 2881 1205 2946 praescribi.

503 2949 576 2990 XI
593 2950 609 2990 Ι
627 2949 659 2990 Ι.
694 2946 819 3004 Quin
847 2946 940 2992 imo
968 2947 997 2992 fi
1027 2947 1090 2993 ita
1106 2947 1255 2996 lubeat
1273 2982 1285 3001 ,
1307 2947 1475 3014 poterit
1497 2946 1597 2993 usus
1616 2945 1797 2993 illorum
1829 2945 2137 2993 remediorum
2168 2961 2268 2992 cum

439 3007 521 3056 usu
543 3027 754 3074 aquarum
789 3011 1069 3058 mineraliurn
1089 3028 1161 3059 aut
1189 3013 1308 3060 laetis
1340 3013 1583 3076 conjungi,
1615 3012 1753 3058 modo
1786 3028 1841 3058 eo
1869 3011 1971 3064 die,
2003 3029 2095 3074 quo
2127 3009 2269 3074 pilulae

439 3090 679 3139 purgantes
710 3076 980 3124 exhibentur
999 3111 1012 3130 ,
1043 3078 1252 3125 remediis
1277 3079 1372 3125 aliis
1404 3077 1731 3125 interdicatur:
1756 3077 1939 3123 Caeteris
1969 3075 2079 3122 vero
2111 3074 2270 3120 diebus

440 3139 582 3203 pulvis
609 3139 780 3202 liquans
810 3142 1128 3205 pomeridianis
1151 3148 1197 3193 &
1218 3143 1479 3210 vespertinis
1515 3142 1686 3192 tanturn
1704 3142 1827 3191 horis
1849 3140 2139 3191 exhibeatur,
2168 3154 2268 3193 ma·⁴

438 3204 557 3253 xime
577 3203 608 3251 fi
628 3205 695 3253 lac
715 3204 963 3273 usurpetur.
1683 3207 1689 3213 ’
