2477 3643
659 148 1656 200 L13221V.‘CA12111111.
1862 164 2013 222 ‘'3-11'·

204 253 214 267 v
245 234 311 277 202
348 226 456 276 Offa
475 223 642 280 cariosa
665 225 936 290 quandoque
959 242 1190 273 manatura
1215 225 1301 273 effe
1332 225 1483 273 icho're
1505 225 1780 275 foetidiffimo
1809 247 1863 278 ex
1895 253 2002 284 con-

176 293 305 340 cursu
325 293 459 339 causae
478 292 667 356 geminae
687 325 698 343 ‚
726 290 894 336 scilicet
914 292 942 335 fi
965 309 1058 354 quae
1085 292 1202 339 carie
1223 306 1450 338 tentantur
1469 292 1679 339 molliora
1699 293 1780 340 sint
1800 301 1845 341 6<
1868 297 1998 362 spon,

172 357 295 422 giosa
312 392 324 410 ‚
346 358 549 420 adeoque
569 355 769 421 pluribus
786 354 892 402 valis
920 355 1179 419 sanguiferis
1205 356 1274 402 vel
1299 356 1569 420 limphaticis
1602 357 1861 413 abundent3
1891 369 1936 409 &
1967 366 1997 412 fi

168 422 345 485 languis
376 422 590 485 liquidior
623 419 892 484 serosiorque
913 421 1124 485 limpham
1146 421 1401 468 uberiorem
1422 420 1623 486 suggerat
1645 441 1655 469 t
1686 426 1862 472 Contra
1883 430 1992 475 veto

169 488 444 551 quandoque
466 486 576 532 sicca
593 485 692 532 fore
728 487 860 531 causae
881 486 1129 532 alterutrius
1147 485 1324 534 defectu
1341 520 1354 539 ,
1382 485 1548 534 scilicet
1564 487 1594 533 fi
1612 488 1701 534 offa
1716 493 1995 552 quaecariem

167 551 364 599 sentiunt
385 552 566 598 duriora
591 550 672 597 smt
687 585 698 604 ,
721 551 768 596 in
790 551 951 614 quibus
986 550 1085 597 vasa
1111 551 1194 597 sint
1224 552 1432 616 pauciora
1450 570 1462 605 3
1482 570 1556 599 aut
1576 552 1606 598 fi
1625 553 1799 618 sanguis
1824 556 1992 621 spiffioi·

169 614 416 680 ficciorque
437 617 653 681 limpham
677 617 926 680 parciorem
946 614 1210 680 suppeditet.

233 692 296 741 3⁰.
323 680 546 727 (aterum
574 683 739 728 cariem
756 681 1125 745 qualemcumque
1146 679 1285 726 modo
1305 680 1598 728 universalem
1631 681 1731 730 fore
1752 690 1795 731 δέ
1813 685 1859 730 in
1888 703 1988 735 toto

165 745 257 792 osse
277 780 290 799 ,
317 744 347 790 fi
365 747 631 793 antecedens
653 748 809 791 vitium
829 746 1062 808 generale,
1083 747 1223 791 mode>
1244 746 1351 791 vero
1378 747 1690 810 particularem
1711 755 1755 796 δέ
1782 751 1828 795 in
1855 770 1988 816 pecu..

163 809 265 857 liari
284 810 381 857 offis
409 812 511 857 loco
528 847 539 864 ‚
569 811 598 856 fi
622 812 779 867 vitium
803 810 1064 874 particulare
1098 810 1236 856 fuerit
1266 827 1275 854 z
1301 811 1447 855 Modo
1473 828 1704 860 externam
1731 820 1777 861 δεῖ
1813 816 1989 882 superfi-

165 876 350 922 ciariam
367 910 380 929 ,
411 876 441 922 si
463 893 643 923 externa
674 875 845 922 tantum
874 893 970 939 pars
1004 873 1099 920 offis
1122 875 1176 921 ab
1196 873 1379 922 exostosi
1404 877 1626 924 exteriore
1645 912 1659 931 ,
1694 879 1766 926 vel
1793 882 1988 945 periostii

167 939 525 988 inflammatione
541 961 549 993 3
568 942 704 987 modo
721 943 941 986 internam
959 939 1011 992 ‚fi
1026 940 1216 986 interior
1233 939 1330 985 offis
1345 941 1506 986 cavitas
1525 941 1580 987 ab
1601 944 1804 990 indurata
1822 948 1890 993 vel
1909 966 1988 1012 pu·-

167 1005 387 1058 trescente
417 1006 610 1052 medulla
640 1005 817 1051 labefiat
850 1023 861 1057 3
897 1005 1034 1050 modo
1064 1004 1246 1051 demum
1269 1006 1492 1051 internam
1524 1003 1647 1053 fimul
1679 1015 1724 1054 δε
1755 1027 1988 1059 externam

163 1074 209 1116 δε
253 1086 392 1116 totam
423 1071 519 1117 offis
545 1071 816 1116 soliditatem
859 1068 1216 1133 peffundaturam
1247 1104 1259 1121 ‚
1287 1068 1315 1113 fi
1343 1070 1540 1116 exterior
1571 1073 1706 1119 caries
1739 1093 1839 1120 cum
1874 1077 1988 1125 inte-

161 1135 283 1181 tiore
298 1137 344 1180 in
364 1135 525 1182 eodem
546 1136 647 1182 loco
669 1149 905 1180 concurrat
919 1168 932 1186 ,
951 1134 1021 1180 vel
1039 1135 1161 1197 quod
1182 1134 1460 1196 frequentius
1485 1137 1568 1189 est,
1589 1137 1617 1181 fi
1637 1139 1825 1186 interior
1839 1143 1893 1188 ad
1910 1160 1986 1189 ex-

156 1200 373 1246 teriorem
400 1199 534 1263 usque
559 1199 655 1246 offis
681 1199 844 1245 faciem
863 1232 876 1251 ,
904 1215 977 1244 aut
996 1200 1193 1245 exrerior
1213 1199 1267 1244 ad
1285 1199 1548 1261 interiorem
1577 1200 1712 1266 usque
1736 1205 1836 1251 offis
1861 1209 1988 1253 cavi-

158 1279 293 1310 tatem
311 1266 578 1311 extendatur
600 1284 609 1310 :
630 1265 835 1326 Denique
854 1263 993 1308 modo
1015 1282 1160 1310 aream
1182 1264 1443 1309 circularem
1462 1282 1775 1330 occupaturam
1808 1271 1891 1317 effe
1909 1306 1921 1324 ,
1955 1272 1986 1318 fi

152 1328 338 1375 exostofi
366 1331 436 1375 vel
472 1330 607 1375 ulceri
636 1329 843 1374 circulari
875 1326 1080 1375 succedat
1110 1347 1122 1382 3
1156 1328 1295 1374 modo
1327 1329 1436 1374 vero
1464 1331 1663 1377 annulari
1688 1334 1858 1380 ambitu
1887 1336 2009 1383 offis·

155 1393 451 1458 peripheriam
495 1393 806 1440 labefaCtutam
835 1426 847 1446 ‚
889 1391 920 1438 fi
949 1394 973 1438 a
1001 1394 1113 1439 vitio
1143 1394 1401 1440 medullaris
1430 1393 1673 1441 substantiae
1702 1398 1989 1463 dependeat,

154 1459 280 1521 quod
301 1459 357 1504 ad
376 1460 631 1523 contiguam
647 1458 741 1504 ossis
757 1458 1030 1505 continentis
1046 1457 1458 1505 circumferentiam
1477 1461 1747 1508 traducatur.

215 1531 284 1580 4⁰.
322 1524 528 1569 Tandem
546 1525 594 1568 in
619 1524 742 1570 omni
759 1522 911 1569 ossium
929 1524 1046 1569 carie
1072 1524 1345 1570 lamellarum
1363 1524 1578 1571 offearum
1596 1544 1761 1573 nexum
1778 1533 1821 1574 δε
1840 1528 1986 1574 firmia

155 1602 295 1634 tatem
318 1586 666 1652 pessundandam
686 1588 770 1634 effe
791 1622 803 1640 ,
828 1589 953 1633 tanto
972 1589 1156 1651 quidem
1177 1589 1315 1652 magis
1334 1590 1502 1651 quanto
1522 1591 1654 1637 altior
1673 1590 1823 1639 futura
1841 1596 1900 1640 est
1923 1594 1988 1639 la-

155 1651 304 1699 tiorve
335 1653 501 1706 caries;
532 1654 734 1698 omnium
756 1653 864 1698 verb
890 1654 1081 1698 maxime
1107 1651 1138 1698 si
1167 1671 1304 1700 totam
1333 1652 1428 1699 offis
1454 1655 1754 1719 peripheriam
1782 1657 1988 1704 annulari

161 1716 335 1762 ambitu
350 1733 555 1780 occupet.
593 1718 714 1763 Hinc
734 1716 932 1780 est-'quod
951 1719 996 1762 in
1025 1717 1282 1781 syphiliticis
1303 1718 1389 1764 offa
1410 1719 1578 1765 cariosa
1597 1736 1685 1766 tam
1704 1720 1881 1785 fragilia
1900 1722 1990 1770 effe

156 1780 326 1827 soleant
346 1815 358 1835 ,
387 1799 434 1827 ut
462 1781 759 1846 saepenumero
784 1783 829 1827 in
855 1781 1105 1845 fragmenta
1133 1783 1341 1829 dissiliant
1374 1789 1419 1828 &
1445 1783 1760 1848 diffringantur
1787 1788 1875 1834 ictu
1899 1788 1991 1832 mi·-

156 1846 283 1892 nimo
310 1862 383 1891 aut
412 1844 562 1892 saltem
597 1846 693 1892 nisu
712 1846 929 1893 leviffimo
946 1881 957 1899 ‚
978 1847 1247 1911 potisfimum
1271 1848 1302 1893 si
1328 1849 1464 1894 caries
1481 1851 1704 1896 annularis
1735 1868 1875 1898 totam
1894 1851 2003 1899 offis.

97 1956 100 1958 ,
158 1910 460 1976 peripheriam
484 1910 665 1956 ambiat.

218 1981 272 2020 V.
309 1975 628 2022 Osteosarcosis
649 1976 707 2022 est
726 1976 845 2022 lenta
864 1982 908 2022 &
932 1975 1064 2021 tacita
1079 1974 1233 2021 offium
1254 1976 1472 2024 emollitio
1489 2012 1502 2031 ‚
1520 1978 1608 2041 qua
1625 1979 1959 2044 cartilagineam
1972 1999 2001 2035 ,⁴

154 2038 248 2086 imo
263 2039 395 2086 etiam
419 2058 623 2087 carneam
643 2058 848 2087 naturam
870 2040 1054 2104 adipisci
1075 2041 1302 2086 videntur.

217 2106 361 2150 Potest
379 2123 428 2151 ea
449 2105 568 2151 labes
591 2105 645 2150 ab
664 2107 756 2151 aliis
772 2107 907 2152 etiam
927 2104 1061 2150 causis
1082 2105 1241 2151 offibus
1260 2104 1442 2156 induci,
1462 2122 1650 2168 quarum
1669 2107 1742 2153 hic
1762 2125 1854 2155 non
1873 2111 1986 2158 sara-

152 2168 297 2230 gimus
338 2203 348 2221 ‚
382 2168 460 2215 sed
493 2171 754 2225 producitur
787 2170 1135 2232 frequentissime
1171 2170 1360 2216 venerea
1391 2171 1659 2224 virulentia,
1694 2189 1739 2218 ut
1773 2176 1984 2225 testantur

148 2234 350 2298 exempla
368 2268 379 2286 ‚
402 2231 703 2300 quae'prostant
721 2235 835 2300 apud
855 2237 1104 2294 Scriptores
1134 2234 1517 2281 Observationum
1549 2237 1831 2284 Medicarum
1851 2272 1864 2292 ,
1895 2243 1983 2304 qua

154 2298 213 2344 de
245 2317 291 2344 re
323 2299 502 2346 consule
534 2303 754 2352 Ioannem
785 2301 1033 2345 Fernelium
1054 2333 1065 2351 ‚
1093 2305 1163 2345 De
1188 2300 1337 2344 abditis
1365 2316 1496 2344 rerum
1523 2304 1649 2361 causis
1667 2341 1681 2355 ‚
1708 2303 1805 2348 Lib.
1828 2322 1866 2349 2.
1888 2323 1981 2371 cap.

155 2380 201 2420 9.
240 2362 458 2415 Iacobum
490 2365 745 2410 Hollerium
767 2397 778 2415 ‚
810 2364 987 2423 Obftrv.
1009 2382 1149 2407 rarar.
1174 2363 1351 2421 Observ.
1385 2382 1425 2419 7.
1463 2367 1638 2409 Petrum
1665 2367 1688 2410 a
1719 2369 1874 2413 Castro
1894 2403 1907 2422 ,
1939 2390 1983 2417 ιη

153 2428 417 2490 Ephemerid.
442 2431 581 2473 Acad.
604 2434 770 2475 Narnr.
794 2429 995 2486 Curiosor.
1017 2433 1212 2472 German.
1231 2445 1328 2473 ann.
1354 2444 1382 2470 1.
1404 2428 1693 2485 Observatum.
1715 2451 1775 2492 37-
1818 2436 1984 2481 Danie-

154 2490 243 2536 lem
278 2493 558 2537 Prottenium
585 2525 597 2543 ,
629 2495 826 2538 Afforum
859 2493 1259 2550 Hffhienfi'volztm.
1292 2512 1327 2551 3.
1373 2492 1591 2551 Clo-fervat.
1623 2512 1692 2551 24.
1731 2499 1980 2560 Georgium

152 2556 426 2616 Hieronym.
461 2555 732 2602 Welschium
754 2589 766 2606 ,
798 2561 839 2600 in
873 2556 1095 2615 OIfirvczt.
1131 2558 1299 2601 Afedic.
1335 2556 1556 2614 Observat.
1590 2563 1655 2603 82.
1688 2562 1982 2609 Dominicum

154 2621 414 2683 Gagliardi,
435 2624 588 2666 Romae
611 2619 905 2666 Profeffoiem
938 2624 1251 2666 Anatomicum
1274 2655 1285 2672 ‚
1314 2626 1504 2667 Amatam.
1530 2623 1659 2681 offlam
1680 2630 1797 2670 Part.
1823 2644 1860 2671 7..
1887 2628 1983 2673 Ob-

138 2688 302 2746 servat.
322 2706 356 2743 ς.
374 2685 656 2732 Ludovicum
672 2687 787 2731 Petit
804 2719 816 2737 ,
835 2684 1111 2749 §biturgum
1133 2684 1410 2732 Parisiensem
1426 2719 1437 2737 ‚
1458 2688 1680 2733 Maladses
1695 2690 1758 2734 des
1772 2708 1811 2735 os
1828 2729 1842 2744 ,
1861 2695 1980 2740 Tom.

152 2765 194 2793 2.
224 2750 364 2812 Ch¹⁷p·
387 2767 447 2807 17.

204 2814 448 2875 Contingit
473 2830 620 2860 autem
639 2813 726 2859 ossa
745 2830 798 2860 eo
821 2816 947 2869 ρτιξὶο
966 2812 1251 2859 emollescere
1271 2847 1283 2865 ‚
1305 2813 1659 2877 quotiescunque
1676 2815 1839 2863 humor
1859 2820 1980 2865 viru-

151 2876 299 2923 lentus
315 2909 326 2928 ‚
349 2895 439 2939 quo
459 2878 719 2923 imbuuntur
741 2912 753 2928 ,
775 2874 906 2923 solito
930 2878 1115 2939 quidem
1137 2879 1281 2923 acrior
1299 2911 1312 2929 ‚
1340 2880 1493 2923 mitior
1523 2896 1668 2924 tamen
1688 2882 1818 2943 quam
1838 2883 1882 2927 in
1906 2902 1981 2930 ca-

155 2942 222 2986 rie
244 2974 255 2992 ,
278 2941 409 2986 tacite
430 2940 624 2987 dissolvit
646 2942 861 3004 quicquid
882 2942 982 2986 duri
1003 2975 1013 2991 ‚
1041 2941 1170 2986 solidi
1190 2959 1269 2992 ‚ac
1291 2943 1394 2986 vere
1424 2943 1529 2988 offei
1557 2943 1664 2988 inest
1686 2945 1845 2991 offibus
1860 2982 1871 3000 ,
1899 2966 1982 2994 cae=

154 3020 270 3051 teras
293 3006 401 3051 vero
422 3023 563 3070 partes
585 3004 732 3051 illa‘sas
754 3006 941 3050 dimittit
971 3006 1199 3051 tendineas
1218 3041 1230 3057 ,
1260 3005 1588 3052 membranosas
1606 3041 1617 3058 ,
1650 3009 1903 3058 vesicnlosas
1934 3019 1984 3059 <Sc

155 3069 517 3119 vasculosasnuae
536 3069 801 3134 interposita·
821 3069 944 3122 sunt3
965 3071 1056 3131 pari
1078 3070 1216 3115 modo
1238 3088 1285 3114 ac
1309 3070 1448 3116 solent
1467 3072 1637 3118 ferrum
1659 3079 1702 3118 8-5
1722 3091 1773 3120 aes
1796 3076 1848 3121 ab
1872 3078 1984 3141 aqua

155 3134 295 3196 stygia
324 3128 496 3198 penitus
516 3133 720 3186 dissolvi,
748 3135 835 3196 qua
855 3151 999 3179 tamen
1022 3136 1200 3180 mollior
1223 3153 1321 3180 cera
1346 3152 1399 3182 ne
1417 3138 1600 3199 quidem
1622 3140 1866 3202 attingitur.
1911 3145 1985 3190 bic

164 3214 285 3246 enim
307 3217 454 3264 partes
474 3201 561 3265 'illae
588 3199 643 3246 ab
662 3199 824 3264 injuria
842 3215 944 3247 tuta:
962 3204 1008 3248 δέ
1028 3200 1091 3248 sui
1106 3201 1212 3264 Juris
1227 3205 1316 3264 jam
1335 3199 1456 3249 factm
1473 3202 1567 3269 jugi
1587 3202 1810 3268 sanguinis
1827 3207 1996 3273 illapsu-

2057 2001 2100 2037 V.
2127 2001 2263 2040 Osteo-

2028 2050 2195 2107 sarcosis.
