2477 3643
178 525 274 573 Q
295 531 409 560 eura-

174 576 232 613 tio
266 576 412 626 utrique

180 639 383 717 ἓιῗὲζὲζὲἀ-

180 730 337 775 hibeuda
353 732 413 774 fit?

457 113 547 172 386
812 114 919 160 DE
983 115 1367 164 Mona-15
1435 114 1953 165 VENERMS..

455 186 616 237 hibere
641 190 871 246 remedia,
896 193 1042 259 qualia
1077 192 1201 259 supra
1236 197 1324 255 jam
1357 193 1694 261 proposuimus,
1729 196 1829 245 Lib.
1864 201 1956 246 III.
1984 209 2076 264 cap.
2110 213 2142 246 1.
2169 198 2222 248 (ξ’
2254 205 2294 264 32-

456 270 621 320 nempe
652 264 713 303 10.
748 259 857 317 Quae
877 257 1161 306 demulceant
1181 259 1379 305 nativam
1400 261 1471 308 vel
1490 260 1784 310 adventitiam
1804 261 2026 327 sanguinis
2044 267 2090 309 δέ
2106 280 2292 312 caeteto-

457 336 559 366 rum
586 319 828 370 humorum
851 324 1157 370 acrimoniam.
1195 331 1258 370 20.
1293 326 1404 383 Quae
1434 325 1690 373 affectarum
1721 327 1911 391 partium
1932 328 2084 374 ulcera
2106 329 2257 376 eluant
2274 362 2296 383 2

457 384 696 449 detergant
714 420 726 439 ,
760 387 1070 435 mundificent.
1109 388 1169 450 3⁰.
1195 388 1390 437 Demum
1408 423 1422 443 ,
1450 407 1545 455 quae
1571 391 1802 457 pristinum
1832 391 2029 457 partibus
2047 392 2296 442 laxioribus

457 465 617 497 tonum
636 453 877 499 restituant.

520 520 675 580 Itaque
701 527 761 564 10.
795 517 1070 564 Exhibeatur
1090 517 1347 582 aliquandiu
1364 554 1377 574 ‚
1402 520 1475 568 vel·
1505 520 1641 569 semel
1667 521 1716 567 in
1747 521 1822 569 die
1844 521 2067 576 &manin
2093 522 2168 570 vel
2192 521 2296 577 bis,

459 581 588 628 mane
613 598 745 645 atque
764 582 861 629 sero
884 616 898 635 ‚
915 583 982 630 lac
1000 582 1218 629 asminum
1240 619 1252 637 ,
1270 586 1501 650 caprillum
1521 620 1533 639 ,
1565 602 1640 632 aut
1670 587 1903 634 vaccinum
1926 608 1936 635 ε
1958 588 2158 635 Primum
2186 588 2292 652 qui-

460 646 564 692 dem
586 652 630 693 &
650 648 838 694 alterum
857 666 1020 712 purum
1041 654 1085 694 δε
1103 648 1320 696 sincerum
1340 669 1352 705 3
1378 652 1559 698 tertium
1582 651 1692 698 verb
1719 652 1792 698 vel
1820 651 2035 700 sincerum
2058 653 2182 700 &im
2217 671 2294 701 er·-

459 712 648 757 mixtum
668 746 680 764 ‚
705 713 777 759 vel
807 713 930 778 aequa
961 729 1086 778 parte
1115 715 1290 761 decoCri
1311 715 1502 769 hordei,
1526 732 1600 763 aut
1625 715 1836 779 graminis
1853 749 1866 769 ,
1887 733 1961 763 aut
1993 718 2154 766 radicis
2172 672 2293 782 {gm-

456 777 584 841 phyti
601 777 836 824 alteratum
853 812 865 831 ‚
894 795 1029 844 prout
1048 796 1166 843 aegro
1186 780 1379 828 lubitum
1395 780 1532 828 fuerit
1548 797 1623 828 aut
1639 780 1828 827 Medico
1856 781 2016 828 visum.

520 850 584 887 20.
607 842 786 891 Deinde
811 860 936 908 potet
951 860 1064 908 aeger
1087 862 1186 892 cum
1207 847 1428 910 regimine
1458 847 1514 894 ad
1534 846 1673 894 libras
1693 862 1782 893 tres
1804 863 2058 909 quatuorve
2074 848 2202 895 mane
2222 852 2292 911 je-

456 909 567 971 juno
601 908 883 962 ventriculo,
914 928 992 975 per
1020 910 1114 957 dies
1146 912 1407 975 quindecim
1436 930 1511 959 aut
1543 912 1736 976 viginti,
1770 929 1901 976 aquas
1931 911 2169 959 minerales
2199 914 2293 960 aci-

455 971 608 1025 dulaS,
640 974 912 1028 vitriolica5‚
941 975 1220 1038 chalybeatas
1241 1011 1253 1030 ,
1281 994 1330 1023 ut
1355 981 1409 1024 les
1435 996 1544 1023 caux
1580 979 1628 1024 de
1658 982 1693 1023 F
1699 992 1807 1039 orges
1824 1015 1842 1031 ‚
1878 978 1927 1023 de
1959 979 2205 1037 Caransac,
2238 980 2287 1024 de

455 1039 665 1103 Capverd
677 1078 692 1093 ‚
713 1041 762 1086 de
782 1043 902 1105 Paffy
917 1040 1007 1088 &a
1027 1043 1179 1106 quales
1195 1043 1357 1090 nullibi
1376 1061 1470 1090 non
1489 1041 1730 1091 scaturiunt
1743 1075 1758 1095 ,
1774 1045 1819 1087 δε
1837 1059 1935 1107 quae
1950 1042 2000 1088 in
2020 1041 2172 1089 Gallirs
2188 1040 2295 1090 nos-

457 1102 537 1149 tris
554 1103 796 1168 praesertim
815 1105 1071 1170 frequentes
1091 1107 1206 1154 sunt.

522 1176 584 1228 3⁰.
622 1175 674 1216 In
692 1170 817 1218 usum
838 1172 1021 1219 veniant
1049 1172 1313 1226 balsamica,
1346 1190 1440 1238 quae
1461 1172 1648 1221 latentes
1666 1172 1714 1220 in
1736 1171 1919 1221 urethr‘a
1940 1170 2297 1220 exulcerationes

455 1231 695 1299 detergant
725 1242 772 1283 δε
800 1236 858 1284 ad
887 1237 1143 1286 cicatricem
1177 1239 1357 1286 ducant.
1399 1241 1602 1286 Praestant
1634 1256 1782 1286 autem
1811 1239 1929 1285 inter
1961 1254 2119 1284 caetera
2151 1236 2298 1284 balsa-

455 1314 582 1346 mum
612 1302 926 1366 Copaivanum
951 1308 997 1349 &
1022 1304 1286 1351 Canadense
1301 1337 1316 1357 ‚
1346 1309 1468 1366 cujus
1498 1305 1753 1351 alterutrius
1780 1319 1912 1368 guttae
1932 1303 2005 1349 fex
2027 1336 2039 1355 ,
2060 1305 2162 1348 odito
2181 1336 2193 1355 ‚
2218 1302 2295 1351 vel

455 1364 701 1412 duodecim
724 1365 899 1431 possunt
918 1368 1098 1415 alternis
1122 1369 1279 1416 diebus
1309 1387 1386 1433 per
1408 1369 1739 1416 hebdomadam
1755 1386 1891 1414 unam
1916 1384 1991 1414 aut
2009 1368 2193 1414 alteram
2211 1368 2296 1415 de-

457 1429 638 1483 vorari,
666 1449 768 1478 cum
794 1433 1030 1497 pulverato
1059 1433 1268 1480 saccharo
1295 1434 1341 1480 in
1364 1434 1457 1480 boli
1483 1434 1676 1498 speciem
1701 1433 2009 1480 conformatae.
2048 1434 2181 1485 Juxta
2201 1433 2297 1480 Fri-

456 1494 596 1542 deric.
626 1496 952 1545 Hoffmannum
969 1534 982 1551 ,
1007 1502 1050 1545 in
1074 1505 1110 1546 C
1113 1501 1208 1545 lavi
1232 1498 1457 1546 Pharmac.
1473 1503 1507 1545 S
1511 1497 1785 1545 chroderiand
1805 1536 1821 1553 ,
1852 1497 1950 1545 Lib.
1974 1519 2004 1559 3.
2024 1512 2116 1562 cap.
2139 1515 2191 1557 13.
2214 1514 2297 1546 art,

455 1563 540 1622 158.
568 1566 600 1606 S
606 1562 823 1608 accharnm
844 1567 1022 1608 Saturni
1044 1567 1086 1609 in
1112 1566 1192 1609 oleo
1221 1563 1487 1610 terebinthine
1498 1564 1672 1624 sblutum
1691 1565 1741 1613 dt·
1763 1565 1844 1608 lem·
1861 1565 1994 1609 calore
2021 1565 2199 1608 cinerum
2225 1564 2298 1609 di-

450 1625 599 1690 gestum
615 1627 826 1689 :egregium
860 1627 910 1674 (θ’
935 1626 1023 1686 fer&
1050 1628 1240 1674 divinum
1265 1627 1415 1693 praebet
1441 1634 1485 1675 in
1507 1627 1750 1691 gonorrhoed
1767 1627 1984 1673 remedium
2005 1665 2021 1681 ,
2040 1630 2082 1672 in
2104 1631 2248 1691 primis
2252 1629 2302 1689 st

454 1692 622 1752 aliquid
647 1691 831 1738 addatur
861 1692 1096 1757 camphora.
1132 1693 1254 1741 Illius
1273 1693 1384 1741 dosis
1400 1695 1461 1741 est
1480 1693 1537 1740 ad
1560 1693 1735 1758 aliquot
1763 1708 1909 1757 guttas
1937 1692 1987 1739 in
2012 1691 2185 1739 idoneo
2213 1710 2297 1742 ve-

455 1752 625 1802 hiculo.

520 1828 590 1877 40.
629 1817 749 1866 Intus
774 1820 1043 1868 assumantur
1070 1820 1357 1886 astringentia
1385 1840 1439 1870 ex
1460 1819 1750 1869 blandiorum
1777 1839 1946 1887 genere
1965 1855 1978 1875 ,
2004 1837 2100 1886 quae
2120 1821 2298 1870 ulcera-

457 1897 502 1929 ta
536 1885 636 1931 loca
661 1884 908 1939 exsiccent,
941 1891 988 1933 δε
1020 1887 1213 1934 relaxata
1242 1887 1429 1935 densent
1459 1905 1591 1953 atque
1620 1889 1870 1953 constipent
1888 1922 1902 1941 ,
1932 1902 1982 1933 ut
2013 1896 2074 1932 10.
2102 1889 2300 1937 Haustus

458 1948 751 1996 Theiformes
775 1967 827 1996 ex
847 1951 998 1997 infusis
1020 1951 1141 1998 foliis
1166 1952 1356 1998 mentha:
1372 1986 1387 2006 ‚
1413 1952 1657 2005 marrubii,
1686 1953 1945 2016 agrimoniae
1961 1985 1973 2005 ‚
2002 1952 2302 2017 plantaginis,

457 2012 662 2059 rosarum
688 2013 947 2067 rubrarum‚
976 2015 1114 2062 bursae
1141 2017 1323 2079 pastoris
1343 2050 1356 2068 ‚
1379 2017 1585 2081 pilosellae
1603 2051 1618 2070 ‚
1639 2018 1808 2070 salviae,
1838 2015 2013 2064 melissae
2029 2049 2042 2069 ,
2063 2018 2195 2071 vitis3
2217 2036 2299 2065 ca-

458 2078 626 2142 preolis
662 2077 861 2134 eiusdem
879 2112 893 2132 ‚
923 2095 999 2125 aut
1024 2079 1350 2127 summitatibus
1375 2081 1491 2128 rubi.
1527 2090 1591 2129 2⁰.
1626 2088 1754 2145 Aqua
1786 2080 2029 2146 composita
2056 2083 2246 2132 menthae
2271 2083 2299 2130 ὲ

458 2142 659 2208 Iosepho
675 2145 965 2202 Quercetano
978 2143 1197 2209 descripta
1216 2145 1264 2191 in
1284 2146 1608 2212 Pharmacopoed
1620 2151 1954 2211 Dogmaticorum
1972 2146 2154 2206 restituta*
2171 2187 2187 2204 ,
2206 2153 2252 2195 &
2271 2148 2300 2195 εὶ

457 2211 631 2257 Lazaro
647 2208 834 2255 Riverio
851 2207 1000 2274 saepius
1020 2210 1196 2256 laudata
1213 2209 1269 2256 ad
1287 2210 1582 2273 gonorrhoeas
1599 2228 1898 2258 contumaces.
1916 2211 2140 2270 Observat,
2163 2231 2224 2274 ις.
2245 2213 2302 2259 (3*

463 2282 529 2336 36,
549 2277 748 2320 Centuriae
764 2276 901 2339 primae
919 2313 933 2329 ‚
949 2273 999 2321 &¹
1020 2274 1243 2336 Observat.
1262 2288 1323 2338 30.
1341 2275 1393 2323 (ῥ’
1407 2294 1481 2335 74.
1499 2281 1697 2323 Centuriae
1718 2294 1756 2322 2.
1775 2282 1897 2339 cujus
1913 2275 2154 2341 descriptio
2174 2276 2298 2326 infra

460 2343 573 2403 Cap.
593 2343 641 2386 X
641 2341 695 2386 II
695 2373 705 2384 .
733 2354 1009 2404 proponetur
1027 2359 1037 2386 t
1061 2345 1151 2386 Aut
1184 2358 1297 2404 aqua
1317 2340 1521 2388 distillata
1540 2359 1594 2389 ex
1614 2340 1829 2388 fruc‘tibus
1850 2340 1998 2387 brusci
2015 2374 2027 2393 ‚
2045 2359 2179 2404 quam
2199 2343 2305 2389 lau·

459 2402 541 2450 dat
569 2405 745 2451 Samuel
771 2405 970 2452 Formius
1000 2404 1251 2469 Chirurgus
1278 2404 1616 2471 Monspeliensis
1634 2438 1647 2458 ‚
1676 2425 1753 2465 47.
1802 2405 2145 2466 Observationum
2192 2425 2303 2471 quas

461 2485 567 2516 cum
592 2469 785 2516 Riverio
813 2470 1178 2517 communicavit.
1214 2473 1350 2535 Aquae
1378 2471 1605 2535 utriusque
1630 2470 1746 2517 dofis
1768 2473 1828 2518 est
1852 2471 1909 2517 ad
1936 2471 2182 2517 cochlearia
2206 2473 2302 2519 duo

459 2535 593 2581 mane
618 2538 766 2597 jejuno
786 2536 1036 2582 ventriculo
1063 2552 1140 2601 per
1164 2535 1260 2582 dies
1285 2537 1470 2600 aliquot.
1513 2537 1575 2598 3⁰.
1601 2536 1776 2601 Opiatae
1799 2534 1887 2584 five
1912 2535 2009 2581 boli
2028 2552 2080 2582 ex
2101 2537 2303 2584 coralliis

494 2600 737 2664 raeparatis‚
767 2600 886 2647 terra
911 2600 1127 2666 Japonica
1147 2633 1162 2654 ,
1206 2602 1344 2681 vulgo
1377 2602 1562 2649 Catechu
1588 2599 1675 2648 five
1699 2601 1869 2649 Cachou
1885 2640 1900 2655 ,
1922 2599 2138 2646 balaustiis
2158 2636 2171 2655 ,
2200 2620 2301 2648 ma-

458 2615 623 2712 licorio
641 2698 653 2718 ‚
685 2664 897 2729 sanguine
928 2667 1163 2718 draconis,
1193 2680 1310 2712 terra
1338 2666 1523 2729 sigillata
1546 2699 1558 2719 ,
1580 2665 1690 2712 bolo
1721 2666 1901 2713 armena
1922 2698 1934 2716 ‚
1963 2664 2109 2730 lapide
2134 2664 2300 2714 haema-

460 2728 545 2776 tite
576 2762 589 2782 ‚
619 2730 815 2779 alumine
847 2732 1002 2785 dulci,
1029 2748 1172 2778 cornu
1202 2731 1327 2778 cervi
1356 2733 1479 2784 usto,
1514 2730 1654 2778 ebore
1672 2765 1684 2783 ,
1716 2730 1805 2778 offe
1834 2730 1991 2794 sepiae,
2024 2731 2264 2795 camphora
2282 2765 2300 2786 ‚

461 2798 510 2840 &
529 2795 770 2858 praesertim
790 2813 926 2842 croco
948 2797 1108 2843 Martis
1127 2796 1395 2861 astringente
1416 2830 1429 2849 ‚
1448 2813 1640 2861 quorum
1663 2795 1936 2859 singulorum
1954 2793 2069 2841 dofi's
2093 2798 2152 2842 est
2177 2796 2201 2842 a
2226 2813 2295 2860 gr.

459 2876 503 2906 x.
525 2859 582 2906 ad
601 2877 671 2905 xx.
703 2860 1003 2908 Celebrantur
1025 2862 1080 2909 ad
1111 2861 1321 2910 eumdem
1340 2861 1465 2910 usum
1492 2862 1541 2907 in
1559 2860 1908 2925 Pharmacopoefi
1939 2860 2130 2906 Bateana
2155 2861 2300 2926 pilulae

460 2924 519 2973 de
542 2924 661 2972 creta
691 2926 897 2973 Palmarii
916 2927 972 2973 ad
992 2926 1025 2975 Β
1050 2932 1075 2985 j.
1096 2927 1170 2974 vel
1186 2927 1232 2988 ij.
1253 2944 1333 2992 pro
1354 2926 1450 2974 dost
1465 2925 1662 2991 qualibet
1678 2960 1690 2979 ,
1711 2943 1896 2990 quarum
1916 2923 2293 2990 dispensationem

458 2988 579 3037 infra
606 2990 711 3036 vide
729 2991 785 3037 ad
814 2993 933 3049 hujus
956 2994 1074 3039 Libri
1105 2992 1287 3040 calcem.
1307 3002 1375 3052 40.
1412 2991 1651 3039 Conservae
1680 2991 1993 3054 astringente3‚
2016 3005 2065 3035 ut
2091 2989 2293 3036 rosarum

460 3054 699 3103 tubrarum
717 3088 729 3105 ,
746 3057 1046 3117 cydoniorum
1063 3092 1075 3111 ,
1108 3057 1333 3105 fruoluum
1352 3057 1582 3121 cynosbati
1598 3091 1611 3109 ,
1627 3055 1844 3103 foliorum
1859 3054 2049 3102 menthae
2063 3054 2132 3100 vel
2152 3068 2255 3098 rutae
2276 3083 2294 3105 ,

460 3137 709 3185 prunorum
730 3118 987 3167 silvestrium
1008 3158 1020 3173 ,
1053 3128 1100 3169 δε
1119 3121 1360 3183 praesertim
1384 3123 1607 3174 fruetuum
1632 3120 1784 3173 brusci
1799 3155 1815 3177 ‚
1845 3136 2035 3185 quatum
2052 3116 2165 3168 dOfis
2182 3118 2242 3166 est
2260 3115 2290 3169 ἃ

463 3200 494 3249 5
514 3190 543 3249 j.
565 3183 623 3233 ad
639 3184 687 3250 ij.
705 3183 736 3231 fi
752 3183 927 3234 seorfim
946 3186 1302 3251 praescribantur.
1710 3188 1712 3190 ’
