2477 3643
718 103 1730 154 Ltnzn111.CA1²u·er.
1992 119 2072 164 199

239 193 412 242 tionem
447 188 664 238 adhibere
682 222 694 242 ‚
715 206 770 236 ne
800 188 1042 237 infametur
1077 188 1279 255 operatio
1300 219 1314 240 ‚
1345 203 1440 249 quae
1470 185 1618 232 inultis
1645 184 1772 232 saluti
1797 183 1882 232 fuit
1901 221 1913 240 ,
1946 187 2071 253 quod

235 257 428 305 maxime
446 272 608 302 -verum
627 255 684 300 est
706 253 762 300 de
780 254 955 317 aegrotis
975 255 1136 301 morbo
1152 251 1433 301 diuturniore
1451 250 1665 297 exhaustis
1683 254 1727 296 ὃς
1743 251 1968 299 emaciatis
1989 287 2002 306 ,
2024 258 2071 300 δε

237 323 284 370 in
306 320 469 384 quibus
489 318 664 381 sanguis
682 318 793 365 vitio
814 336 904 366 non
930 335 1069 366 vacat.

287 389 477 431 Curatio.
526 383 779 447 Therapeia
806 384 1080 449 quadruplex
1107 383 1163 431 acl
1189 381 1527 448 quadruplicem
1565 376 1716 426 morbi
1750 379 1904 425 statum
1939 397 2069 444 repe-

234 450 394 497 riunda
418 449 492 496 est.
531 457 590 494 10.
627 448 698 494 Ad
731 448 1093 512 suppurationem
1131 449 1443 494 imminentem
1472 479 1484 498 ,
1512 462 1646 508 quam
1671 444 1796 489 omni
1824 461 1910 509 ope
1937 460 2070 508 atque

228 514 370 579 oper&
391 528 572 578 oportet
592 530 836 578 praecavere
853 548 865 564 ,
881 513 910 559 fi
927 514 1162 578 praecaveri
1182 513 1309 578 poffit
1328 531 1338 565 ·‚
1369 520 1432 558 20.
1462 511 1534 557 Ad
1555 507 1794 556 abscess'um
1810 508 1854 554 in
1875 509 2067 573 perinaeo

233 580 466 643 genitum,
492 578 611 625 unde
634 596 710 642 pus
735 577 867 625 semel
899 578 1154 625 confectum
1183 578 1315 624 educi
1335 576 1469 623 debet
1487 575 1623 639 qudm
1642 572 1876 635 ocyssime3
1901 582 1962 635 3⁰.
1996 575 2068 621 Ad

233 644 463 690 cuniculos
503 644 693 695 multos,
718 644 861 689 varios
878 677 889 696 ,
917 661 1028 706 quos
1063 660 1139 707 pus
1172 642 1334 688 diutius
1356 640 1613 687 conclusum
1633 640 1723 703 egit
1751 639 1798 683 in
1825 639 1946 685 varia
1970 639 2069 686 loca

235 707 514 760 finitima,&
536 726 646 771 quos
680 708 880 755 incidere
909 708 1077 754 necesse
1103 709 1191 760 est3
1219 716 1283 765 40.
1323 707 1393 752 Ad
1430 707 1760 768 mitigationem
1794 704 2067 768 palliativam

233 773 384 819 morbi
401 807 412 825 ‚
427 773 452 818 fi
471 774 525 819 ad
543 773 819 819 curationem
839 771 1056 836 desperati
1074 773 1258 835 aggredi
1280 790 1371 817 non
1386 771 1531 817 liceat.

308 843 342 884 Ι.
378 838 507 884 Nihil
539 855 631 882 non
656 837 919 884 tentandum
940 838 998 883 est
1023 853 1069 882 ut
1093 838 1332 883 imminens
1353 836 1528 900 perinaei
1547 834 1800 898 suppuratio
1820 851 2067 899 praecavea-

237 917 324 948 tur.
358 909 490 949 Venae
511 902 721 949 feet-,iones
744 903 954 948 iterandae
974 900 1232 965 frequenter
1252 907 1296 947 δέ
1318 901 1526 963 largiter,
1549 899 1676 944 diaeta
1696 899 1839 945 tenuis
1860 932 1872 951 ,
1897 905 1942 945 δε
1963 917 2065 944 cor-

235 967 357 1031 poris
374 968 499 1031 quies
525 967 786 1031 imperanda
804 965 962 1019 3causae
982 983 1171 1012 externae
1192 1000 1203 1018 ‚
1227 965 1345 1012 unde
1361 964 1653 1010 inflammatio
1676 964 1903 1009 recruduit
1918 998 1931 1016 ,
1958 964 2066 1009 dili-

234 1049 395 1095 genter
413 1032 672 1078 amovendae
688 1050 700 1084 ·‚
718 1032 838 1094 larga
856 1032 1027 1095 potatio
1045 1030 1220 1096 pristin-te
1237 1029 1540 1092 refrigerantis
1555 1063 1567 1080 ,
1588 1028 1643 1075 de
1659 1029 1746 1091 quai
1765 1028 1891 1093 suprd
1921 1043 2011 1092 cap.
2032 1047 2062 1075 1.

238 1097 561 1160 proescribenda
596 1115 607 1149 ς
643 1097 837 1160 paranda
859 1095 1061 1142 fomenta
1095 1100 1143 1141 &-
1169 1096 1407 1158 semicupia
1423 1093 1697 1141 emollientia
1712 1126 1724 1145 ,
1745 1094 2065 1158 temperantia,

240 1162 452 1223 anodyna
468 1196 480 1214 ,
501 1179 553 1208 ex
569 1161 756 1208 decocto
775 1161 936 1206 althaeae
952 1194 963 1213 ‚
976 1159 1148 1206 branca:
1163 1159 1310 1206 urfinae
1325 1193 1337 1212 ,
1354 1160 1505 1205 malvae
1521 1193 1532 1211 ,
1552 1158 1744 1204 violariae
1761 1191 1771 1209 ,
1786 1175 1859 1204 aut
1885 1176 1938 1204 ex
1954 1158 2068 1205 lade

238 1226 392 1289 tepido
410 1244 423 1278 3
444 1226 726 1272 admovenda
745 1224 1052 1290 cataplasmata
1069 1225 1274 1286 anodyna
1289 1258 1301 1277 ,
1326 1223 1568 1271 relaxantia
1583 1258 1595 1275 ,
1611 1223 1668 1269 de
1687 1223 1802 1268 mica
1822 1224 1943 1287 panis
1959 1257 1970 1276 ‚
1991 1239 2064 1270 aut

232 1290 641 1353 exzeinollientibus
660 1290 799 1355 pulpis
819 1290 1017 1336 radicum
1038 1290 1196 1335 alchaeae
1211 1323 1223 1340 ,
1242 1288 1486 1354 nymphoeae
1504 1322 1517 1341 ,
1535 1289 1733 1334 liliorum
1750 1287 1954 1333 alborum
1974 1293 2062 1333 &c.

235 1353 544 1419 foliorumque
567 1355 720 1402 malvae
739 1389 752 1407 ,
773 1354 946 1401 branca:
971 1353 1145 1407 ursinae,
1166 1355 1275 1402 betae
1292 1389 1304 1406 ,
1323 1353 1518 1400 violariae
1535 1359 1622 1400 &c.
1655 1352 1889 1411 Injiciendi
1910 1353 2065 1413 clyste-

236 1437 308 1466 res
338 1438 438 1466 cum
468 1420 654 1466 decocto
686 1420 947 1466 emolliente
965 1455 976 1471 ,
996 1438 1098 1465 cum
1128 1419 1226 1465 sero
1248 1420 1367 1465 lastis
1383 1453 1395 1472 ,
1419 1437 1520 1465 cum
1547 1417 1741 1464 medulla
1761 1433 1961 1463 recenter
1986 1435 2065 1464 ex-

237 1486 375 1531 tras'tfi
403 1484 531 1531 caffiae
555 1485 609 1531 ad
635 1484 664 1549 ’ᾗ
686 1489 710 1543 j.
740 1490 825 1533 &a
856 1484 1130 1531 Adhibenda
1154 1485 1381 1531 narcotica
1398 1518 1411 1537 ,
1432 1501 1479 1530 ut
1509 1483 1687 1547 syrupus
1705 1482 1929 1534 diacodii,
1951 1482 2064 1529 tinc-

236 1564 340 1596 tura
358 1550 580 1610 anodyna,
598 1550 836 1596 laudunum
853 1556 940 1596 &c.
957 1568 1050 1614 quae
1065 1550 1267 1596 dolorem
1283 1549 1491 1596 leniendo
1509 1547 1770 1595 resolutioni
1783 1546 1963 1594 faveant
1977 1552 2063 1593 &c.

303 1619 372 1661 ΙΙ.
406 1614 542 1673 Quod
567 1613 595 1659 fi
616 1613 821 1660 frustrato
851 1616 1156 1661 remediorum
1184 1613 1374 1660 successu
1393 1613 1687 1660 inflammatio
1713 1612 1762 1657 in
1781 1612 2064 1676 suppuratum

239 1677 402 1725 abierit
416 1713 427 1731 ,
443 1679 541 1742 puri
559 1679 714 1724 latenti
732 1713 744 1732 ‚
765 1678 841 1725 ubi
860 1679 1052 1744 primum
1066 1696 1186 1726 certa
1205 1678 1265 1724 sui
1287 1678 1462 1725 dederit
1477 1678 1644 1727 indicia
1656 1711 1669 1731 ‚
1685 1676 1758 1724 via
1775 1676 1972 1742 paranda
1989 1679 2063 1730 est,

240 1762 300 1791 :ne
316 1743 428 1790 sinus
445 1743 525 1789 fibi
542 1744 677 1789 cudat
697 1777 709 1796 ‚
732 1762 780 1789 ac
800 1744 947 1791 varios
967 1745 1101 1790 callos
1116 1744 1313 1790 inducat.

304 1814 459 1872 Itaque
487 1817 546 1853 10.
574 1807 769 1854 Immiffo
793 1809 838 1855 in
869 1809 1094 1856 urethram
1130 1807 1354 1854 catlietere
1374 1841 1386 1860 ,
1406 1808 1528 1853 locus
1553 1805 1771 1863 abscessus
1802 1807 2065 1871 aperiendus

237 1874 301 1919 est
327 1872 550 1925 sectione,
571 1889 664 1936 quae
693 1870 743 1918 sit
776 1873 827 1918 ad
866 1874 1034 1938 raphen
1064 1873 1293 1936 parallela,
1321 1873 1529 1919 breviore
1561 1872 1633 1919 vel
1660 1872 1867 1934 longiore
1887 1905 1899 1923 ‚
1928 1873 2066 1935 magis

240 1935 444 1984 minusve
465 1937 551 1983 alt&
573 1955 655 2001 pro
676 1936 802 2003 ipfius
828 1938 1044 1986 abscessus
1061 1937 1138 1984 situ
1159 1972 1172 1991 ,
1192 1937 1448 1984 extensione
1466 1972 1479 1990 ,
1499 1937 1736 1983 altitudine
1754 1969 1768 1988 ,
1792 1935 1868 1983 sed
1894 1935 1947 1982 ab
1966 1954 2067 1985 ure-

240 2002 339 2049 thr&
355 2036 367 2054 ‚
386 2020 517 2066 quam
533 2002 731 2049 catheter
750 2002 920 2049 indicat
933 2038 944 2056 ,
966 2005 1091 2051 caute
1114 2003 1400 2049 declinando.

306 2068 369 2113 2⁰.
399 2065 594 2113 lmmiffo
612 2067 659 2112 in
676 2067 833 2115 vulnus
846 2068 991 2132 digito
1009 2103 1021 2122 ‚
1042 2068 1070 2114 fi
1092 2069 1169 2131 qui
1188 2067 1301 2113 smus
1317 2066 1457 2114 adsint
1477 2100 1489 2117 ,
1512 2065 1746 2112 incidendi
1765 2084 1776 2120 3
1795 2065 1824 2110 si
1841 2083 1935 2129 quae
1954 2065 2068 2129 liga-

226 2147 347 2178 -turae
366 2165 378 2184 ,
399 2128 659 2179 dilse‘candae
679 2166 691 2184 ,
717 2151 765 2178 ac
794 2135 950 2180 omnia
974 2133 1190 2197 quantum
1220 2132 1318 2178 fieri
1350 2132 1512 2196 poterit
1533 2165 1545 2184 ,
1568 2148 1621 2177 ex
1651 2146 1744 2176 arte
1781 2130 1843 2176 ita
1868 2131 2067 2196 compla-

241 2196 387 2243 nanda
402 2230 414 2249 ,
432 2214 479 2243 ut
494 2215 572 2262 pus
591 2197 749 2243 nullibi
770 2197 903 2244 lateat
916 2232 929 2251 ‚
948 2214 995 2244 ut
1013 2198 1212 2246 remedia
1243 2197 1527 2261 quocumque
1555 2210 1792 2261 penetrent
1811 2229 1825 2248 ,
1851 2211 1898 2241 ut
1915 2197 2068 2242 omnia

243 2260 470 2325 conspici,
486 2262 557 2308 vel
578 2261 729 2308 saltem
750 2260 877 2309 facile
896 2264 1117 2328 explorari
1136 2262 1308 2328 possint.

311 2335 373 2388 3⁰.
402 2327 527 2385 Quin
546 2326 639 2372 imo
656 2360 667 2378 ‚
687 2325 716 2371 fi
736 2327 813 2390 qui
831 2329 929 2373 calli
949 2331 1114 2375 lateant
1129 2362 1140 2380 ,
1160 2325 1450 2373 exscindendi
1475 2323 1504 2370 fi
1531 2324 1621 2370 loci
1652 2324 1765 2371 ratio
1790 2322 2066 2388 permiserit,

244 2392 319 2439 vel
343 2391 492 2437 saltem
515 2391 666 2454 digitis
693 2393 958 2438 conterendi
979 2426 990 2445 ‚
1012 2409 1084 2439 aut
1113 2392 1237 2456 quod
1263 2392 1426 2456 praestat
1444 2423 1455 2442 ‚
1486 2389 1657 2436 summo
1677 2388 1883 2452 scalpello
1903 2387 2069 2434 scarifi-

242 2455 377 2501 candi
397 2490 408 2507 ‚
434 2456 494 2501 ita
518 2472 566 2501 ut
586 2456 821 2520 procurat&
843 2454 1156 2522 suppuratione
1171 2456 1324 2521 sponte
1341 2454 1630 2507 evanescant,
1652 2471 1798 2516 neque
1823 2453 1937 2500 adeo
1959 2470 2070 2517 opus

242 2520 294 2566 sit
308 2519 574 2567 adhibendis
594 2520 880 2568 cathaeteticis
893 2557 906 2575 ,
921 2540 1015 2586 quae
1033 2522 1192 2569 ulceris
1211 2539 1310 2568 oras
1326 2519 1603 2584 depascendo
1628 2524 1673 2566 δε
1709 2518 2068 2583 suppurationem

244 2586 291 2632 in
314 2585 407 2632 dies
429 2585 686 2630 renovando
706 2619 718 2637 ‚
739 2586 985 2634 coitionem
1005 2587 1256 2652 impediunt
1274 2585 1345 2633 vel
1364 2599 1611 2630 morantur.

309 2659 376 2707 40.
417 2649 588 2697 Vulnus
617 2666 770 2714 carpto
804 2667 1054 2698 tomentoo
1089 2652 1301 2716 plendum
1332 2648 1473 2714 primd
1503 2648 1767 2700 curatione3
1797 2645 1961 2693 deinde
1993 2662 2070 2691 cu-

247 2715 441 2762 randum
461 2733 561 2760 cum
584 2715 754 2778 vulgari
779 2715 997 2779 digestivo
1013 2750 1025 2769 ,
1047 2670 1247 2762 {i’omnia
1272 2715 1369 2761 satis
1392 2713 1495 2760 sana
1513 2711 1598 2760 esse
1618 2713 1855 2759 videantur
1875 2730 1886 2764 3
1907 2711 1969 2757 fin
1990 2710 2069 2756 mi-

243 2778 326 2824 nus
344 2812 356 2831 ,
385 2797 486 2825 cum
507 2779 723 2842 digestivo
740 2814 752 2833 ‚
785 2782 857 2827 cui
883 2783 1034 2828 oleum
1054 2781 1282 2844 hyperici,
1305 2781 1496 2825 &nemra
1527 2778 1713 2839 myrrhae
1735 2792 1809 2823 aut
1839 2775 2070 2839 AEgyptia·

248 2860 353 2892 cum
371 2876 382 2894 ‚
411 2844 592 2889 admista
618 2843 700 2890 sint
719 2879 732 2896 ,
754 2844 782 2890 si
810 2846 1074 2910 putrefaffio
1100 2846 1237 2890 nimia
1262 2845 1309 2889 in
1331 2859 1610 2906 gangi·aena1n
1631 2842 1836 2888 videatur
1866 2856 2068 2899 vergere.

322 2915 385 2970 50.
405 2907 696 2955 Procedente
718 2908 1028 2974 suppuratione
1048 2942 1061 2961 ‚
1083 2910 1205 2955 ulcus
1228 2926 1331 2954 mox
1362 2905 1674 2968 injectionibus
1701 2888 2036 2967 detergentibus
2055 2935 2070 2956 ‚

251 2990 412 3037 nempe
432 2972 618 3018 deco&o
649 2973 809 3020 hordei
842 2993 944 3020 cum
970 2973 1102 3020 melle
1137 2972 1282 3019 rosato
1301 3005 1312 3024 ‚
1344 2978 1388 3018 δε
1413 2971 1558 3035 posted
1583 2970 1846 3017 vulnerariis
1863 3003 1875 3022 ,
1906 2985 1954 3014 ut
1989 2969 2072 3014 de·-

251 3041 380 3085 coeto
420 3036 616 3101 hyperici
635 3070 647 3089 ‚
682 3038 935 3100 agrimoniae
954 3072 966 3091 ‚
1000 3038 1198 3085 saniculae
1225 3071 1237 3089 ,
1273 3036 1445 3099 bugulae
1482 3041 1567 3082 &c.
1594 3034 1800 3099 quotidie
1831 3032 2074 3081 eluendum

234 3105 312 3150 est
330 3122 341 3156 ·‚
361 3121 409 3149 ac
427 3101 609 3148 demum
634 3101 838 3150 adhibito
859 3102 1055 3151 balsamo
1080 3103 1220 3149 Arcaei
1236 3135 1248 3155 ,
1267 3101 1360 3148 imo
1381 3102 1487 3147 vero
1504 3099 1700 3150 balsamo
1719 3099 1854 3150 viridi
1871 3133 1884 3155 ,
1911 3098 1940 3145 fi
1956 3097 2074 3146 mol·

251 3168 383 3220 liores
408 3184 561 3216 carnes
583 3166 857 3219 succrescant
874 3203 888 3224 ‚
907 3168 965 3218 ad
986 3169 1240 3219 cicatricem
1261 3166 1593 3216 deducendum.

2164 389 2317 427 Curatio

2113 439 2301 479 abscessus

2114 492 2148 529 in
2174 493 2338 543 petiuaeo.

2138 831 2338 882 1.Suppu-

2112 882 2207 920 ratio
2242 896 2336 933 pm:-

2112 935 2283 975 cavenda.

2115 1600 2166 1636 11.
2187 1597 2341 1637 Absces-

2112 1652 2168 1690 sus
2181 1651 2341 1690 inciden-

2114 1705 2194 1743 dus,
