2477 3643
713 133 1412 190 annn'1.CAi·u·r
1478 137 1558 183 11.
2026 151 2062 203 ς

228 216 556 284 Hippocratem
584 215 641 263 ad
667 216 789 264 suam
807 217 1068 264 sententiam
1099 216 1257 280 poffint
1272 216 1556 278 detorquere.
1582 212 1694 260 Sane
1711 249 1724 268 ,
1743 214 1774 260 fi
1797 233 1849 263 ea
1863 215 2057 282 proben-

233 298 335 336 tur,
370 284 427 330 de
460 282 736 346 Scriptorum
771 283 1030 329 audior-itate
1056 284 1199 328 astum
1232 282 1304 328 est.
1339 280 1465 338 Quid
1495 280 1555 326 est
1584 279 1706 325 enim
1751 297 1828 326 cur
1859 282 1917 329 de
1944 301 2055 331 vero

229 348 495 396 eorumdem
531 345 656 392 sensu
681 345 838 394 frustra
865 346 1163 395 contendatur
1180 379 1193 399 ,
1212 345 1242 391 fi
1269 344 1398 392 liceat
1416 343 1585 392 eisdem
1611 361 1695 408 pro
1718 343 1864 392 lubitu
1882 345 2056 396 sensum

225 412 477 477 quemlibet
502 408 745 474 affingere?

297 484 362 522 20.
397 476 534 534 Quod
554 475 584 520 fi
614 476 795 522 remotis
815 475 1076 541 praejudiciis
1097 471 1380 522 consulantur
1400 473 1499 520 loca
1518 472 1610 538 ipsa
1626 472 1822 521 indicata
1837 509 1848 528 ,
1864 475 2057 539 liquebit

227 540 334 588 inde
358 541 455 588 luce
481 540 729 587 meridiana
749 540 904 587 clarius
925 543 1017 605 Hip
1052 557 1250 587 ocratem
1267 557 1324 585 ne
1343 538 1572 585 somniasse
1594 538 1778 603 quidem
1799 540 1856 587 de
1876 541 1948 588 lue
1978 560 2057 588 ve-

226 605 388 658 nerea,
413 605 488 652 sed
521 606 812 669 pestilentiam
842 605 1013 670 descrip
1034 602 1121 651 ille.
1156 603 1314 651 Morbi
1334 621 1497 667 nempe
1513 638 1525 656 ,
1547 604 1603 650 de
1635 603 1797 665 quibus
1823 605 2020 670 loquitur
2041 641 2057 658 .

227 670 374 722 acuti,
393 670 633 734 epidemici
654 704 666 722 ,
687 689 787 716 cum
804 670 931 717 febre
949 671 1170 731 conjunCti
1190 704 1202 721 ,
1224 675 1268 715 ἅ
1293 670 1318 714 ὁ.
1337 671 1590 733 tempestate
1603 668 1789 714 humida
1807 675 1852 715 ὃς
1868 670 2056 717 austrini

226 733 399 780 inducti
436 734 617 781 fuerunt
638 768 650 787 ,
685 735 784 781 cum
825 737 847 780 ὲ
877 734 1032 781 contra
1055 735 1148 780 lues
1178 751 1367 780 venerea
1394 734 1607 779 chronica
1640 738 1684 779 δέ
1725 732 1953 797 sporadica
1975 735 2059 787 fit,

227 798 317 845 sme
344 797 473 846 febre
510 799 722 851 invadat,
754 805 798 846 δέ
832 799 926 846 solo
960 799 1134 846 veneris
1172 799 1249 844 usu
1269 815 1552 862 propagetur.
1590 798 1721 844 Adde
1748 800 1932 846 morbos
1956 800 2057 846 illos

228 879 404 910 curatos
432 863 558 910 fuisse
607 864 647 911 el
668 861 824 929 sponte
840 899 851 916 ,
873 864 997 928 quod
1018 863 1081 909 lui
1097 881 1298 911 venereae
1327 880 1417 908 non
1441 863 1655 909 convenit
1670 897 1681 914 ‚
1703 863 1775 910 vel
1794 863 1944 912 saltem
1966 883 2060 913 me-

231 927 373 975 thodo
396 962 408 981 ,
430 947 524 993 quae
545 947 568 975 a
622 929 703 974 luis
723 947 923 976 venereae
943 929 1221 975 curationem
1243 929 1368 993 plane
1388 927 1591 974 inefficax
1617 926 1736 974 esset.

299 1001 361 1054 30.
399 994 505 1040 [deo
537 994 729 1041 Galenus
774 995 788 1039 i
822 993 960 1040 semet
999 998 1291 1040 Commentario
1331 1001 1375 1054 3(
1413 992 1590 1039 laudata
1632 993 1918 1057 Hippocratis
1960 994 2061 1041 loca

229 1058 440 1121 intelligit
459 1059 515 1105 de
540 1059 709 1104 morbis
732 1013 1033 1123 peliilentibus
1053 1091 1064 1110 ,
1088 1059 1201 1104 vitio
1229 1057 1337 1104 aeris
1363 1057 1610 1122 epidemice
1633 1058 1924 1121 grallantibus
1942 1093 1953 1111 ‚
1973 1059 2063 1122 quai

231 1123 288 1170 de
319 1141 365 1170 re
387 1123 715 1170 consentientes
744 1123 900 1168 habuit
932 1138 1110 1168 caeteros
1136 1122 1230 1168 fere
1257 1140 1410 1169 omnes
1440 1128 1707 1186 Inter-pretes
1726 1157 1737 1174 ,
1757 1125 1836 1186 qui
1856 1124 1910 1170 ab
1943 1124 2063 1170 illius

231 1206 325 1235 aevo
355 1187 444 1234 five
479 1204 583 1234 ante
620 1188 703 1233 luis
739 1205 935 1234 venereae
958 1186 1200 1250 ingrelsum
1234 1188 1283 1232 in
1313 1190 1537 1251 Europam
1567 1221 1579 1240 ,
1608 1186 1697 1234 five
1726 1189 1820 1252 post
1851 1190 2064 1236 eumdem

230 1250 456 1316 scripsere.

295 1325 362 1374 40.
387 1320 555 1382 Neque
574 1315 800 1381 scrupulus
819 1317 930 1365 ullus
950 1316 1122 1363 idcirco
1146 1315 1338 1364 residere
1366 1317 1506 1382 potest
1527 1351 1538 1369 ‚
1568 1316 1691 1380 quod
1709 1315 1763 1363 ab
1785 1317 2063 1383 Hippocrate

232 1381 542 1428 recenseantur
574 1382 864 1446 symptomata
894 1381 1122 1445 quaedam,
1145 1397 1192 1427 ut
1213 1382 1431 1428 fluxiones
1463 1381 1517 1427 ad
1547 1381 1757 1446 pudenda
1786 1417 1798 1435 ,
1832 1385 2063 1430 exulcera-

233 1447 377 1494 tiones
395 1480 408 1499 ,
432 1446 662 1493 tubercula
691 1447 808 1493 circa
836 1447 1019 1511 inguina
1038 1452 1154 1499 ;&c.
1190 1451 1295 1492 Haec
1328 1448 1448 1494 enim
1469 1481 1481 1498 ,
1506 1448 1710 1510 quamvis
1741 1448 1884 1511 primii
1910 1448 2062 1495 fronte

230 1512 351 1558 luem
387 1529 625 1558 veneream
645 1511 913 1559 adumbrare
936 1512 1173 1559 videantur
1191 1545 1203 1564 ,
1224 1511 1280 1558 ad
1309 1530 1407 1558 eam
1437 1527 1585 1558 tamen
1615 1512 1737 1558 nullo
1760 1513 1898 1559 modo
1925 1514 2064 1577 perti-

232 1593 340 1623 nere
362 1575 545 1624 evidens
568 1579 652 1629 est,
672 1575 700 1620 si
722 1576 980 1640 diligentius
999 1577 1285 1623 attendantur
1304 1610 1316 1629 ,
1348 1576 1424 1624 sed
1451 1575 1671 1639 designari
1697 1577 1856 1623 iisdem
1875 1579 1946 1625 vel
1977 1578 2064 1624 bu-

235 1641 376 1689 bones
405 1641 715 1705 pestilentiales
732 1674 743 1693 ‚
771 1642 919 1705 quales
937 1641 1080 1688 solent
1097 1641 1282 1705 inguina
1297 1644 1412 1705 peste
1427 1640 1698 1688 institorum
1713 1642 1918 1690 obsidere
1933 1678 1945 1696 ,
1967 1648 2012 1690 ὃ(
2032 1643 2064 1689 fi

232 1707 548 1755 exulcerentur
576 1740 590 1760 ,
622 1706 798 1770 depasci
832 1726 843 1759 3
894 1707 969 1753 vel
1010 1706 1163 1752 saltem
1190 1706 1402 1752 abscelsus
1432 1725 1504 1752 aut
1551 1705 1700 1753 ulcera
1738 1707 1786 1752 in
1812 1707 2065 1771 sphacelum

235 1771 448 1818 abeuntia
461 1804 477 1824 ,
496 1788 590 1834 quae
610 1772 657 1816 in
675 1771 920 1834 pestilentia
942 1789 1088 1834 neque
1105 1790 1223 1817 nova
1244 1806 1256 1824 ,
1275 1789 1420 1834 neque
1439 1771 1641 1817 inaudita
1657 1787 1761 1817 tunc
1780 1788 1907 1818 erant
1926 1807 1939 1825 ,
1963 1772 2065 1819 cum

235 1841 324 1900 jam
354 1837 400 1881 in
419 1838 534 1899 peste
560 1836 634 1881 ill&
662 1835 946 1889 Atheniensi,
980 1854 1075 1900 qua:
1108 1836 1238 1901 paulo
1272 1853 1373 1883 ante
1409 1835 1689 1899 contigerat,
1723 1853 1840 1882 anno
1869 1837 2066 1883 secundo

237 1902 345 1949 belli
362 1900 691 1965 Peloponesiaci
705 1933 717 1953 ,
736 1901 886 1948 morbi
909 1901 1194 1948 vehementia
1211 1899 1485 1947 decubuisset
1500 1934 1512 1953 ,
1528 1903 1631 1947 teste
1651 1900 1920 1962 Thucydide
1937 1936 1948 1953 ‚
1972 1902 2065 1950 Lib.

237 1986 281 2014 2.
303 1968 349 2012 in
366 1965 576 2030 pudenda
594 1999 606 2018 ,
629 1966 817 2011 summas
843 1983 998 2013 manus
1015 2000 1027 2019 ,
1046 1965 1270 2030 pedesque
1290 1982 1510 2012 extremos
1528 1999 1538 2016 ,
1559 1965 1721 2028 quibus
1743 1967 1900 2012 amiffis
1920 1972 1966 2012 δέ
1988 1966 2069 2012 de-

235 2029 486 2078 cidentibus
503 2065 515 2083 ‚
537 2031 847 2094 aegrotantium
869 2049 962 2077 non
985 2031 1112 2095 pauci
1134 2031 1368 2078 evaserunt
1389 2049 1399 2083 3
1428 2030 1553 2093 quod
1577 2032 1600 2076 a
1620 2031 1831 2077 Lucretio
1865 2047 2070 2078 notatum

233 2114 417 2161 quoque
443 2094 570 2143 fuiffe
596 2096 785 2160 legimus
810 2096 859 2142 in
885 2097 1013 2162 pestis
1033 2095 1236 2159 ejusdem
1264 2095 1568 2161 descriptione
1595 2129 1609 2149 ‚
1648 2093 1745 2144 Lib.
1767 2104 1807 2142 6.
1829 2101 1902 2143 De
1934 2114 2071 2145 rerum

232 2162 405 2211 mitani.

456 2227 715 2288 Profluvium
745 2241 865 2291 porro
896 2230 965 2290 qui
1000 2229 1092 2273 tetri
1111 2228 1321 2289 sanguinis
1348 2243 1442 2271 acre

457 2295 638 2338 Exierat
661 2329 676 2345 ‚
697 2307 827 2337 tamen
846 2296 887 2338 in
921 2310 1065 2337 nervos
1083 2293 1177 2337 hnic
1197 2290 1352 2337 morbus
1381 2289 1431 2336 &⁹
1450 2305 1561 2337 artus

460 2354 559 2401 Ibat
577 2355 627 2402 &
658 2359 699 2401 in
717 2372 852 2418 partes
876 2360 1068 2420 genitales
1099 2359 1271 2419 corporis
1302 2357 1439 2418 ipsas,

457 2424 519 2464 Et
543 2425 737 2484 graviter
765 2426 919 2484 partim
944 2435 1151 2467 metuentes
1174 2423 1316 2465 limina
1334 2421 1433 2466 lethi

461 2488 509 2528 V
507 2484 676 2530 ivelmm
686 2486 799 2543 ferro
823 2490 986 2549 privati
1007 2500 1125 2550 parte
1144 2487 1280 2531 virili.

288 2552 358 2594 11.
396 2548 656 2595 producunt
682 2550 928 2596 Historicos
947 2550 1164 2614 quosdam
1182 2583 1196 2603 ,
1228 2567 1341 2614 quos
1371 2564 1528 2614 putant
1559 2547 1641 2595 luis
1661 2563 1862 2597 venereae
1883 2550 2072 2615 antiqui-

238 2614 325 2661 tati
350 2610 594 2676 suffragari.

310 2685 370 2723 10.
398 2679 688 2725 Herodotum
702 2713 714 2731 ,
735 2679 811 2743 qui
832 2681 1055 2740 Histoi-iar.
1081 2679 1179 2726 Lib.
1206 2697 1243 2725 1.
1262 2681 1356 2727 Clio
1374 2679 1476 2725 digia
1491 2717 1505 2732 ,
1524 2677 1699 2725 refert«
1733 2680 1914 2739 Scythas
1930 2711 1943 2732 ‚
1970 2679 2068 2726 cum

241 2742 291 2788 in
312 2742 575 2806 Palaestinam
595 2742 849 2808 irrupissent
865 2779 878 2798 ,
905 2750 1068 2790 Fanum
1087 2746 1274 2791 Veneris
1289 2745 1468 2791 Uraniae
1484 2777 1495 2796 ,
1515 2743 1639 2806 quod
1661 2759 1756 2790 erat
1775 2743 1991 2790 Ascalone
2013 2777 2025 2795 ‚
2046 2765 2070 2781 «ι

237 2807 529 2870 depeculatos
556 2808 682 2855 fuiffe
688 2843 853 2856 ......
893 2809 1034 2856 Unde
1055 2813 1200 2856 Deam
1226 2810 1405 2874 Templi
1426 2807 1719 2855 violatoribus
1735 2841 1747 2859 ,
1778 2824 2023 2870 eorumque
2045 2827 2069 2846 u

239 2871 421 2936 posteris
438 2872 648 2919 morbum
669 2872 886 2921 immisisse
909 2874 1172 2920 foemineum
1189 2909 1200 2927 ,
1219 2875 1381 2928 δήλων
1401 2881 1505 2927 νὲπγ
1513 2906 1680 2918 ......
1700 2890 1843 2935 eoque
1862 2871 2026 2918 morbo
2047 2891 2074 2911 u

238 2935 424 2983 affectos
447 2935 471 2981 a
495 2937 669 2998 Scythis
687 2939 837 2985 vocari
873 2938 1026 3000 e'voepe'oee
1057 2938 1145 2985 slve
1169 2938 1336 2994 ἔγαρλας.
1359 2966 1383 2981 »-

304 3009 370 3047 20.
401 3003 695 3054 Suetonium,
722 3003 799 3065 qui
829 3003 888 3048 de
919 3002 1113 3048 Otii-avio
1146 3002 1318 3048 Caesare
1349 3003 1543 3064 Augusto
1577 2998 1727 3045 scribit
1745 3004 1864 3047 artic.
1885 3006 1953 3048 80.
1984 3018 2073 3048 cor-

240 3080 340 3130 pore
368 3067 493 3130 ipfitm
510 3066 630 3127 fniffie
665 3069 888 3128 maculoso,
908 3068 1088 3130 diffierffi‘
1102 3081 1180 3129 per
1205 3068 1336 3131 pethns
1361 3081 1479 3127 atque
1512 3068 1655 3111 alvum
1676 3069 1871 3127 genitivis
1904 3070 2003 3111 notis
2030 3069 2074 3112 in

247 3130 405 3177 modum
424 3129 473 3176 ό*
507 3133 685 3177 ordinem
703 3149 752 3177 ac
771 3149 974 3177 nnmerum
988 3130 1194 3186 stellarum
1209 3129 1363 3189 coelestis
1383 3131 1491 3189 Ursie
1506 3168 1521 3183 ‚
1532 3131 1608 3189 fi’d
1624 3129 1673 3175 &⁴
1691 3132 1807 3176 callis
1834 3129 2073 3193 quibusdam

244 3213 300 3243 ex
319 3198 533 3260 prurigine
563 3199 738 3261 corporis
771 3235 784 3249 ,
819 3196 1045 3262 assiduoque
1080 3196 1131 3244 ᾤ’
1157 3196 1379 3243 vehementi
1395 3194 1564 3261 strigilis
1593 3196 1662 3256 ufic
1686 3195 1954 3260 plurifariam
1982 3211 2078 3248 con:

243 3263 363 3309 cretis
380 3295 397 3317 ὁ
417 3261 475 3307 ad
493 3264 730 3328 impetiginis
739 3259 931 3321 formam.
1738 3262 1779 3306 A
1811 3259 1860 3324 iij

2121 2557 2248 2616 1¹25}
2263 2553 2350 2596 His.

2121 2621 2249 2645 totic1s
2266 2637 2276 2651 ‚

2120 2701 2243 2741 nempe
2262 2692 2348 2728 He«

2119 2741 2257 2780 rodoto
2273 2765 2287 2785 ,

2145 3017 2325 3065 Suetonio
2333 3036 2356 3075 ὂ
