2477 3643
180 344 391 399 Prognofis.

173 2020 328 2058 Curatio
340 2019 406 2056 bu·

176 2073 277 2110 bonis
294 2100 306 2116 ,
338 2072 362 2109 fi
388 2071 405 2109 ὲ

172 2126 229 2165 xue
242 2123 405 2164 venerei.

173 2463 408 2502 Curatiobu-

177 2517 278 2554 bonis
295 2543 306 2560 ‚
338 2514 363 2558 fi
391 2515 412 2553 a

177 2581 322 2621 gonor-

179 2621 289 2659 1hoea
305 2647 316 2664 ‚
346 2631 411 2657 aut

178 2673 224 2709 ab
237 2670 412 2709 ulcuscu-

179 2724 224 2760 iis
253 2735 411 2760 cancro·

182 2775 238 2815 fis.

181 2846 337 2884 Curatio
351 2846 414 2882 bu-

184 2896 287 2933 bonis
307 2924 318 2941 ,
349 2898 372 2934 si
396 2898 415 2934 a

183 2949 283 2985 coitu
297 2949 414 3000 impu-

186 3011 231 3035 10
259 3012 389 3036 imme-

186 3050 285 3087 diate
300 3064 388 3102 pro..

189 3103 322 3141 veniat.

211 3171 315 3209 Prior
335 3184 413 3211 me-

410 113 534 168 “324⁴
818 110 932 155 DE
1005 105 1995 156 MORRISJVENEREIS.

442 208 516 240 aut
536 188 750 238 cai-scrofis
769 187 892 253 penis
910 186 1145 235 ulcusculis
1163 199 1178 233 ἒ
1196 191 1269 236 An
1290 188 1457 236 latente
1487 188 1706 254 syphilide
1740 206 1843 237 cum
1871 189 2101 254 glandulis.
2119 191 2274 257 ingulf,

443 257 615 305 nalibus
637 253 1017 302 communicatum
1040 252 1103 298 sit.

499 323 722 387 Prognosts.
762 318 887 365 Bubo
919 335 1135 364 venereus
1153 351 1166 370 ‚
1198 317 1337 364 modb
1368 318 1493 364 caute
1523 334 1701 369 curetur
1721 352 1735 372 ,
1767 319 1968 384 periculo
1998 337 2126 369 vacat
2145 355 2159 376 ‚
2189 322 2267 370 sed

445 403 596 435 tamen
616 384 794 432 affectus
810 383 954 446 gravis
973 383 1031 427 est
1044 415 1056 434 ,
1077 382 1176 428 cum
1194 381 1428 448 operosam
1447 383 1717 449 therapeiam
1737 384 1908 450 semper
1929 386 2077 450 exigat
2095 392 2141 434 ὃ(
2160 387 2267 453 saepe

420 504 422 506 ,
445 453 507 502 eti
518 471 586 498 am
613 449 925 510 Chirurgicam
948 446 1202 494 seditionem.

504 516 650 563 Potest
685 510 976 560 nihilominus
1011 511 1135 558 bubo
1171 529 1227 559 eo
1261 511 1446 558 nomine
1511 512 1750 560 ericulosus
1787 514 1958 562 censeri
1990 515 2112 579 qubd
2146 516 2267 564 luem

443 597 683 629 veneream
726 575 944 641 saepisfime
973 575 1139 623 inferat
1169 610 1182 630 ,
1214 576 1291 623 nisi
1320 577 1442 624 virus
1471 530 1718 642 [fusceptum
1747 579 1957 626 diuturna
1984 580 2267 646 suppuratio-

444 664 504 694 ne
520 680 533 700 ,
567 661 640 691 aut
664 642 833 688 iteratis
858 642 1195 705 purgationibus
1216 642 1431 688 educatur
1450 675 1463 693 ,
1497 660 1546 687 ac
1574 643 1766 705 reliquiae
1782 677 1795 696 ,
1824 643 1856 689 si
1873 662 1967 709 quae
1986 643 2198 710 supersmt
2219 646 2269 694 in

445 710 656 773 sanguine
674 741 687 759 ‚
710 705 950 769 diligenter
975 705 1186 771 specificis
1205 707 1414 753 remediis
1433 707 1730 770 corrigantur.

505 774 657 821 Minus
679 787 828 817 tamen
844 770 926 817 luis
978 771 1193 818 ericulum
1206 772 1412 819 imminet
1426 771 1450 816 a
1468 771 1653 818 bubone
1671 806 1684 824 ‚
1705 771 1783 835 qui
1800 771 1978 837 impuro
2000 775 2265 822 concubitui

445 856 518 885 aut
541 836 766 902 suppreffae
789 790 1026 900 parcifflkire*
1046 836 1201 883 fluenti
1222 837 1503 899 gonorrhoeae
1538 853 1612 883 aut
1635 838 1759 901 penis
1790 837 2023 884 ulcusculis
2039 872 2053 891 ,
2074 840 2209 903 quam
2243 841 2269 886 εὶ

442 904 624 949 bubone
644 901 719 965 qui
739 901 827 947 line
846 901 971 946 causa
1003 901 1212 964 praesente
1226 900 1482 966 supervenit
1504 905 1652 949 :Nam
1677 902 1798 966 prior
1819 902 1843 948 :i
1868 902 2055 949 seminio
2072 920 2272 952 recenter

443 967 630 1013 admisso
649 1001 662 1019 ,
684 965 807 1028 quod
830 965 928 1010 cum
945 965 1146 1011 nondum
1163 965 1424 1029 sanguinem
1438 965 1648 1012 infecerit
1663 999 1676 1017 ‚
1709 968 1849 1031 potest
1877 967 2009 1014 educi
2035 968 2107 1015 vel
2134 970 2274 1016 corri-

442 1034 489 1095 gi
510 1050 522 1086 ·‚
555 1031 769 1096 posterior
789 1030 899 1077 verb
915 1031 939 1075 a
958 1030 1147 1078 seminio
1174 1030 1399 1095 dependet
1414 1070 1429 1086 ,
1459 1031 1582 1095 quod
1602 1031 1651 1076 in
1674 1029 1887 1095 sanguine
1902 1035 1992 1094 jam
2015 1031 2187 1080 dudum
2205 1035 2272 1091 la<

445 1113 508 1145 tet
529 1130 542 1150 ‚
569 1101 615 1142 &
636 1112 771 1160 quem
791 1094 896 1142 ideo
913 1094 1114 1142 funditus
1133 1096 1468 1143 contaminavit.

509 1162 635 1207 Bubo
656 1161 1048 1225 phlegmonodaeus
1071 1177 1225 1207 curatu
1240 1160 1416 1208 facilior
1436 1161 1493 1207 est
1511 1159 1696 1207 bubone
1719 1160 2040 1208 oedematodaeo
2056 1195 2069 1214 ‚
2087 1179 2137 1208 ac
2212 1180 2272 1209 ae-

443 1225 596 1272 sertim
626 1224 904 1272 skirrhodaeo
923 1259 939 1278 2
971 1225 1071 1271 cum
1101 1226 1224 1273 enim
1245 1227 1368 1290 prior
1392 1225 1637 1272 resolvatur
1669 1241 1741 1271 aut
1762 1226 1810 1271 in
1830 1225 2116 1292 suppuratum
2139 1181 2270 1276 ἷξέϋὲ

445 1306 735 1337 convertatur
759 1323 772 1343 ‚
808 1291 945 1354 potest
977 1290 1187 1337 alterutra
1220 1291 1294 1337 via
1328 1290 1541 1339 adhibitis
1577 1290 1858 1337 cautionibus
1898 1291 2274 1340 convenientibus

447 1355 641 1420 perfecte
665 1355 757 1401 cito
774 1354 917 1401 sanari
940 1374 950 1400 :
973 1356 1242 1405 Posteriores
1269 1357 1379 1402 verb
1402 1356 1449 1401 in
1478 1371 1703 1401 tumorem
1732 1355 1837 1401 vere
1868 1353 2146 1401 skirrhosum
2175 1359 2276 1421 ple:-

446 1437 635 1482 rumque
666 1420 859 1472 abeunt,
886 1420 964 1483 qui
990 1420 1293 1466 remediorum
1323 1421 1525 1466 omnium
1542 1420 1637 1465 vim
1656 1418 1734 1468 diu
1761 1418 1903 1467 eludit
1918 1453 1934 1477 ,
1958 1438 2005 1466 ac
2024 1420 2205 1468 demum
2224 1423 2284 1478 inf

444 1484 860 1534 carcinomatodem,
874 1501 1075 1533 naturam
1094 1503 1187 1531 non
1205 1485 1306 1531 raro
1322 1485 1589 1550 degenerat„

1012 1627 1050 1676 §-
1099 1621 1156 1665 v.
1210 1617 1720 1664 CURATIOa

511 1745 637 1791 Bubo
669 1759 888 1792 venereus
919 1746 1060 1809 potest
1089 1745 1308 1791 curandus
1347 1744 1507 1792 offerri
1544 1744 1592 1790 in
1624 1741 1790 1806 triplici
1820 1742 1921 1788 casu
1938 1741 1961 1795 ¹,
2010 1752 2072 1788 1⁰.
2111 1742 2160 1789 Si-
2186 1742 2285 1792 fine.

450 1810 577 1855 causa
604 1809 831 1856 manifesta
858 1808 1097 1863 invaserit3
1135 1819 1198 1855 20.
1223 1811 1270 1857 Si
1299 1828 1401 1856 cum
1425 1809 1697 1874 gonorrhoea
1724 1807 1946 1855 virulenta
1973 1808 2042 1854 vel
2070 1807 2280 1854 ulcuscm-

448 1874 502 1920 lis
525 1874 739 1920 cancrofis
759 1875 883 1934 penis
904 1877 1161 1935 conjunctus
1177 1874 1252 1928 fit3
1279 1883 1341 1937 30.
1363 1875 1560 1922 Demum
1577 1873 1607 1919 sl
1623 1874 1802 1938 impuro
1817 1872 2076 1920 concubitui
2095 1871 2210 1919 solus
2230 1879 2277 1919 ὃς

449 1939 711 1985 immediate
735 1938 957 1986 succedat.

513 2008 568 2054 In,
590 2007 721 2066 primo
747 2004 839 2063 casn
858 2041 871 2056 ,
899 2002 999 2047 cum
1027 2002 1149 2061 bubo
1168 2003 1287 2050 luem
1305 2021 1545 2050 veneream
1566 2004 1703 2050 latere
1722 2001 1937 2066 fignificet
1953 2034 1967 2053 ,
1989 1999 2169 2066 expedit
2187 2000 2272 2046 ab·

454 2066 564 2129 jedizi
580 2068 861 2113 cunctatione
878 2066 933 2112 ad
954 2066 1312 2130 hydrargyrofim
1330 2069 1470 2113 statim
1487 2082 1726 2132 properare
1741 2101 1754 2119 ,
1778 2066 1867 2130 qua
1883 2082 1976 2112 tum
1993 2066 2117 2112 bubo
2138 2097 2152 2116 ,
2179 2081 2282 2111 tum

455 2131 547 2178 lues
565 2165 579 2185 ,
603 2150 696 2195 quae
717 2131 910 2177 bubonis
931 2130 1056 2176 causa
1082 2134 1168 2184 est,
1202 2131 1409 2178 radicitus
1437 2148 1661 2178 curentur.
1703 2140 1761 2177 At
1784 2132 1814 2176 si
1838 2131 2072 2194 :egrotanti
2094 2146 2184 2176 tam
2210 2129 2274 2175 sa·.¹

455 2214 565 2242 num
596 2195 825 2242 confilium
858 2195 980 2259 sequi
1012 2214 1105 2241 non
1135 2197 1285 2243 lubeat
1315 2197 1505 2243 liceatve
1526 2231 1539 2249 ‚
1573 2196 1790 2243 utendum
1821 2198 1904 2242 erit
1934 2193 2146 2259 specificis
2177 2194 2275 2240 aliis

457 2261 667 2308 remediis
699 2265 820 2322 juxta
849 2260 1088 2306 methodos
1112 2259 1229 2307 infra
1258 2261 1520 2313 tradendas,
1557 2278 1723 2324 aegrum
1750 2276 1899 2306 tamen
1927 2258 2242 2323 praemonendo
2257 2291 2283 2311 ,,

457 2342 505 2371 ut
528 2326 770 2389 ingenuum
798 2326 1032 2371 Medicum
1058 2325 1216 2379 decet,
1243 2344 1301 2372 eo
1327 2329 1454 2390 pacto
1484 2343 1576 2371 non
1601 2325 1812 2372 sinceram
1840 2330 1885 2370 δέ
1911 2322 2136 2372 efficacem
2154 2355 2169 2375 >
2196 2322 2275 2370 sed

455 2389 649 2437 fucatam
670 2389 981 2436 tantummodo
1003 2394 1049 2434 <Sc
1068 2390 1389 2454 mitigatoriam
1407 2391 1674 2437 medicinam
1691 2389 1854 2436 morbo
1873 2388 2036 2435 afferri.

516 2459 569 2501 ln
587 2456 761 2515 secundo
791 2455 884 2514 cafic
911 2454 1166 2501 adhibenda
1197 2454 1393 2501 similiter
1417 2455 1575 2501 eadem
1607 2455 1802 2501 remedia
1825 2457 1947 2517 juxta
1974 2452 2150 2500 easdem
2180 2464 2283 2501 me?—

460 2518 623 2565 thodos
642 2554 655 2572 ,
687 2518 763 2566 sed
793 2536 893 2564 cum
923 2519 1043 2570 aliis,
1072 2537 1166 2582 quae
1193 2520 1471 2583 gonorrhoeae
1503 2535 1576 2565 aut
1609 2519 1841 2566 ulcusculis
1872 2518 2144 2564 conveniant
2165 2551 2177 2570 ,
2211 2518 2280 2567 ita

460 2583 738 2636 maritanda,
767 2599 816 2629 ut
850 2582 1038 2648 pensatis
1061 2584 1324 2631 utilitatibus
1359 2590 1404 2630 &
1434 2583 1684 2630 confociata
1713 2584 2141 2630 medicamentorum
2174 2580 2277 2637 effi-f

461 2648 581 2693 cacia
601 2665 875 2711 congeneres
895 2648 977 2694 illae
993 2647 1246 2695 affectiones
1267 2648 1458 2713 perfecte
1478 2647 1601 2693 simul
1623 2665 1851 2695 curentur.

520 2712 717 2758 Demum
734 2717 776 2757 in
794 2716 906 2757 tertio
926 2715 1017 2771 casta
1033 2751 1048 2765 ‚
1068 2713 1145 2775 qui
1165 2713 1265 2759 cum
1283 2711 1610 2777 fiinpliciffimus
1629 2712 1677 2757 sit
1695 2746 1707 2765 ‚
1729 2729 1986 2759 caeterorum
2011 2709 2149 2758 veluti
2167 2724 2280 2758 Ποῖ-ὸ

462 2793 537 2821 ma
559 2776 645 2824 effe
671 2778 839 2840 potest,
864 2777 912 2822 in
937 2777 992 2822 id.
1017 2778 1144 2823 unice
1171 2774 1549 2829 incumbendum,
1576 2793 1623 2822 ut
1648 2777 1904 2840 contagium
1930 2777 2082 2823 recens
2111 2775 2281 2821 admis-

464 2841 558 2888 sum
603 2839 840 2889 efficaciter
872 2841 1115 2887 destruatur
1153 2860 1228 2889 aut
1254 2842 1467 2889 educatur
1495 2875 1508 2893 ,
1539 2846 1584 2887 &
1614 2841 1643 2886 fi
1668 2859 1763 2904 quae
1803 2842 1849 2888 in
1878 2840 2086 2904 sanguine
2128 2840 2271 2904 super.-

462 2905 544 2951 fint
566 2906 759 2970 reliquiae
775 2940 786 2959 ,
806 2923 900 2970 quae
918 2905 1128 2953 morbum
1150 2924 1368 2955 renovare
1385 2922 1459 2953 aut
1475 2906 1595 2953 luem
1612 2906 1780 2954 inferre
1797 2904 1968 2972 poffent
1986 2939 1999 2958 ,
2028 2906 2151 2952 caute
2171 2920 2273 2955 corf

464 2971 665 3033 rigantur
685 2987 757 3017 aut
776 2972 1076 3018 eliminentur.

526 3034 621 3080 Usu
653 3036 774 3098 viget
791 3037 968 3099 gemina
987 3036 1254 3090 methodus,
1285 3037 1372 3101 qua
1400 3055 1452 3085 ea
1478 3036 1630 3083 omnia
1657 3036 1843 3101 perinde
1868 3034 2055 3101 praestari
2081 3031 2265 3098 poflint3

465 3097 599 3145 altera
625 3100 835 3162 quidem,
866 3100 952 3162 qua
987 3119 1192 3148 curantur
1213 3102 1415 3148 bubones
1436 3102 1617 3148 venerei
1637 3101 1726 3147 fine
1746 3101 2057 3166 suppuratione
2090 3112 2161 3143 aut
2183 3095 2272 3140 ulla

463 3163 781 3213 maturandum
803 3165 1097 3228 applicatione
1110 3200 1126 3225 ,
1143 3167 1238 3218 solo
1257 3184 1417 3233 nempe
1436 3166 1776 3215 Mercurialium
1793 3171 1839 3213 &
1856 3163 2152 3272 purgantiun}1
2163 3161 2242 3206 usu
2255 3191 2275 3213 ,

2155 3242 2292 3274 OHCG'.
