2477 3643
693 116 1638 165 LtntR111.CAt›t1r1V·
1960 138 2055 185 ²¹5

221 192 421 242 'craffiori
446 190 598 238 locum
620 188 783 243 faciet,
807 206 937 253 atque
958 189 1012 236 fic
1033 190 1242 257 deinceps
1267 190 1395 240 simili
1414 192 1606 243 artificio
1623 229 1636 250 ‚
1671 195 1816 246 donec
1847 200 2053 267 ampliata

224 257 380 308 sensim
400 256 585 304 urethra
609 255 749 301 libere
771 255 926 319 pervia
948 253 997 300 fit
1018 288 1032 308 ‚
1053 262 1099 302 ὃς
1117 257 1290 303 utinam
1309 257 1446 322 pleno
1464 259 1593 307 alveo
1610 262 1800 308 emittat.

283 325 582 387 Compertum
613 320 798 384 quidem
828 320 886 368 est
911 320 1068 366 iterata
1088 322 1362 386 experientia
1390 324 1660 388 propositam
1678 327 1943 374 methodum
1962 330 2048 376 uti·

219 387 422 435 liffimam
449 384 562 438 effe,
595 403 644 431 ac
666 383 787 430 facili
810 384 990 447 tutaque
1012 386 1186 434 ratione
1214 388 1472 451 strangurias
1490 389 1623 436 etiam
1653 393 2048 440 contumacissimas

221 452 500 517 pedetentim
525 449 711 515 quidem
738 448 813 497 sed
832 448 1068 497 efficaciter
1100 451 1281 500 tandem
1310 453 1531 517 mitigare.
1576 455 1768 505 Videtur
1788 473 1937 505 tamen
1954 491 1968 511 ,
1999 472 2048 504 ut

219 517 362 565 libere
382 517 528 564 dicam
546 549 558 568 ,
581 514 764 579 gemino
785 531 969 579 peccare
988 515 1100 562 vitio
1119 550 1132 569 ,

286 591 345 628 10.
385 580 522 639 Quod
558 579 749 626 turunda
780 580 827 625 in
860 596 1055 626 meatum
1088 580 1335 627 urinarium
1369 582 1654 637 introducta,
1683 584 1785 631 cum
1814 584 2044 636 urethram

218 645 508 709 longitudine
535 663 628 692 non
651 661 792 708 aequet
821 678 833 697 ‚
866 661 965 703 eam
990 662 1169 708 quoque
1199 647 1424 710 aequaliter
1460 667 1553 696 non
1584 650 1774 714 explicet
1792 683 1804 703 ‚
1841 649 1917 698 sed
1941 668 2043 697 eum

224 711 397 758 tantum
424 711 574 756 locum
602 710 758 756 dilatet
780 744 791 761 ‚
807 726 940 772 quem
959 708 1049 773 ipsa
1069 711 1210 774 replet
1227 745 1240 763 ‚
1273 714 1513 760 constritstis
1535 715 1697 761 eodem
1720 731 1922 780 tempore
1939 714 2044 762 hinc

214 780 265 822 δέ
291 775 400 822 inde
427 775 636 822 extremis
655 773 852 838 partibus
871 774 925 819 ad
943 792 1050 836 quas
1070 776 1334 823 terminatur
1348 811 1363 829 ‚
1385 783 1431 824 ὃς
1451 779 1505 827 eo
1528 778 1687 825 fortius
1705 780 1890 844 quidem
1910 779 2042 826 cons·-

211 840 352 886 tric‘tis
373 874 384 892 ‚
411 840 500 903 qui)
526 838 712 886 validius
740 856 837 902 pars
855 838 1122 885 intermedia
1142 839 1351 887 dilatatur
1374 876 1385 893 ‚
1411 860 1459 888 ut
1480 844 1527 888 in
1550 843 1752 891 duclibus
1769 844 2040 909 quibussibet

208 903 496 953 extensilibus
517 904 697 951 solenne
717 905 775 949 est
789 937 801 955 ‚
825 902 853 948 fi
872 903 917 947 in
937 903 1023 948 una
1043 905 1211 950 tantum
1228 922 1352 970 parte
1370 907 1681 955 distrahantur.

277 979 340 1016 20.
376 969 513 1027 Qubd
534 967 762 1033 operosior
787 967 837 1013 sit
857 983 1085 1032 apparatus
1099 1002 1111 1021 ‚
1131 984 1177 1015 ut
1203 971 1394 1017 turunda
1410 973 1459 1017 in
1479 989 1673 1019 meatum
1693 973 1937 1019 urinarium
1966 972 2041 1018 in-

210 1034 474 1081 troducatur
491 1068 503 1087 ‚
522 1035 724 1096 adeoque
758 1050 846 1079 non
875 1032 1002 1096 possit
1025 1035 1264 1081 commode
1284 1052 1498 1098 aegtotans
1529 1038 1634 1084 huic
1662 1039 1915 1102 operationi
1945 1037 2038 1102 ipse

210 1097 330 1145 solus
351 1117 507 1146 vacare
526 1133 538 1151 ‚
568 1098 644 1145 sed
663 1097 879 1159 Chirurgi
909 1097 1045 1162 operti
1065 1097 1237 1162 semper
1257 1116 1386 1162 egeat
1401 1135 1413 1152 ‚
1434 1103 1558 1164 quod
1585 1102 1633 1147 in
1663 1102 1872 1149 diuturna
1894 1108 1939 1149 ὃ(
1960 1103 2038 1148 ha«

208 1162 368 1209 bituali
390 1163 619 1228 therapeia
648 1162 786 1226 qualis
814 1163 872 1207 est
896 1162 972 1208 ista
1001 1164 1314 1224 permolestum
1347 1166 1419 1212 est.
1454 1167 1565 1213 Inde
1596 1166 1761 1213 faetum
1792 1184 1841 1214 ut
1871 1185 1921 1215 ea
1943 1185 2038 1215 me-

208 1228 373 1275 thodus
394 1227 588 1274 faciliori
608 1261 619 1280 ,
639 1226 911 1291 expeditiori
929 1260 942 1279 ,
964 1226 1206 1274 efficaciori
1227 1229 1376 1276 locum
1405 1230 1585 1278 tandem
1612 1230 1785 1280 cesserit
1799 1266 1813 1286 ‚
1830 1233 1887 1279 ad
1900 1247 2037 1295 quam

206 1292 521 1357 explicandam
545 1292 732 1356 superest
758 1308 806 1336 ut
822 1291 1148 1354 aggrediamur.

260 1362 280 1403 1
299 1363 351 1405 V.
388 1360 603 1403 Parentur
634 1374 686 1403 ex
714 1354 898 1420 plumbo
920 1356 1075 1402 dutstili
1095 1357 1253 1404 decem
1271 1374 1345 1404 aut
1363 1358 1606 1407 duodecim
1626 1360 1808 1424 virgulae
1827 1360 2038 1423 cylindri-

204 1436 266 1466 cae
291 1439 368 1485 per
386 1421 618 1486 inaequalia
647 1420 870 1468 foramina
897 1420 1065 1467 laminae
1086 1422 1325 1469 multiforis
1351 1457 1363 1475 ‚
1394 1425 1551 1487 gallice
1588 1444 1663 1472 une
1683 1428 1844 1487 filiae,
1866 1427 1910 1473 vi
1949 1442 2037 1473 tra·-

204 1488 338 1547 jee'tae.
371 1487 561 1550 Singulae
580 1486 764 1550 quidem
780 1503 947 1532 novem
968 1503 1041 1532 aut
1060 1486 1217 1534 decem
1241 1488 1422 1552 pollices
1448 1490 1593 1554 longae
1616 1490 1697 1536 sint
1713 1523 1726 1542 ‚
1756 1490 1832 1537 sed
1852 1490 2037 1539 crassitie

203 1550 268 1597 ita
286 1551 521 1614 inaequales
537 1585 549 1604 ‚
577 1567 624 1596 ut
643 1550 742 1597 cum
761 1550 1001 1597 craffiffima
1022 1552 1192 1597 calamo
1210 1551 1445 1617 scriptorio
1463 1554 1513 1600 sit
1529 1556 1661 1619 paulo
1679 1559 1820 1616 major
1837 1589 1850 1608 ‚
1872 1572 2035 1603 caeterae

204 1615 426 1678 gradatim
452 1615 720 1662 decrescant.
749 1616 795 1661 Si
825 1632 939 1678 aeger
971 1615 1026 1661 ad
1058 1617 1369 1679 operationem
1389 1636 1564 1682 paratus
1596 1620 1648 1665 sit
1666 1653 1678 1672 ‚
1705 1620 1887 1666 vacuata
1916 1621 2036 1685 prius

206 1679 348 1727 vesica
363 1714 375 1732 ,
394 1679 583 1743 eligatur
604 1679 778 1742 virgula
797 1680 1001 1726 omnium
1029 1680 1274 1727 tenuiffima
1292 1716 1305 1735 ,
1329 1700 1425 1744 quae
1449 1684 1550 1731 oleo
1575 1684 1744 1731 recenti
1781 1686 2031 1748 amygdala-

205 1760 306 1790 rum
324 1744 523 1791 dulcium
542 1778 555 1797 ‚
584 1745 657 1791 vel
678 1744 840 1805 butyro
866 1744 980 1791 illita
999 1744 1044 1791 in
1063 1744 1292 1791 urethram
1309 1746 1574 1794 immittatur
1593 1782 1606 1801 ,
1628 1754 1674 1794 &
1706 1752 1826 1796 recito
1857 1751 2037 1799 tramite

201 1808 261 1854 ad
279 1808 429 1856 obices
453 1809 587 1873 usque
611 1809 879 1873 perducatur
896 1843 908 1861 ,
936 1809 1052 1854 intra
1072 1827 1211 1872 quos,
1236 1810 1370 1873 quam
1395 1811 1594 1858 altiffime
1615 1813 1702 1859 sine
1720 1814 1880 1860 dolote
1906 1818 2035 1878 gravi

203 1873 380 1920 licuerit
397 1906 409 1923 ,
429 1873 652 1937 adigenda
678 1874 750 1920 est.
788 1874 832 1919 Si
853 1891 907 1919 eo
926 1876 1051 1937 pasto
1072 1875 1116 1920 in
1138 1874 1325 1921 vesicam
1355 1877 1501 1940 primo
1525 1877 1599 1923 die
1619 1877 1855 1926 devenerit
1872 1912 1884 1931 ‚
1917 1881 2037 1945 opti-2

203 1956 327 1984 mum
347 1957 358 1991 3
389 1937 465 1984 sed
491 1938 675 1985 minime
709 1937 873 1983 malum
894 1940 953 1985 est
973 1972 984 1990 ‚
1004 1939 1206 2001 quamvis
1232 1939 1342 1985 citra
1364 1957 1549 2004 cogatur
1568 1940 1792 1990 subfistere
1809 1944 1927 1990 intra
1943 1963 2036 1993 me-

202 2003 304 2048 dios
332 2001 511 2056 obices,
541 2019 589 2049 ut
618 2003 881 2067 plerumque
920 2003 1097 2049 accidit.
1128 2008 1327 2069 Oportet
1362 2010 1533 2051 tantum
1560 2006 1719 2054 diebus
1749 2007 2036 2071 sequentibus

202 2086 314 2132 opus
334 2069 396 2114 ita
416 2084 575 2131 urgere
591 2101 604 2120 ,
635 2067 855 2131 virgulam
871 2068 1127 2132 plumbeam
1159 2069 1342 2116 ulterius
1369 2071 1649 2134 pedetentim
1686 2075 2002 2137 promovendo
2019 2109 2034 2129 ‚

201 2148 254 2179 ut
287 2132 346 2178 ad
376 2132 562 2179 veficam
595 2133 776 2180 tandem
810 2133 1058 2197 perveniat.
1100 2134 1319 2191 Quolibet
1348 2152 1496 2182 autem
1535 2135 1610 2183 die
1646 2138 1820 2200 virgula
1846 2154 1934 2186 tres
1964 2141 2034 2187 vel

199 2214 395 2260 quatuor
423 2197 555 2244 horas
580 2197 626 2242 in
651 2197 730 2243 situ
752 2198 998 2244 detinenda
1015 2232 1027 2250 ‚
1049 2197 1194 2245 donec
1221 2199 1404 2245 collecta
1432 2199 1561 2246 urina
1590 2200 1645 2246 ad
1671 2202 1930 2249 meiendum
1949 2204 2035 2251 sol-

202 2261 473 2315 licitaverim
495 2269 541 2309 ὃς
559 2262 719 2309 eadem
737 2263 941 2327 operatio
959 2263 1163 2326 quotidie
1183 2263 1385 2310 iteranda
1398 2266 1457 2310 est
1469 2299 1481 2316 ‚
1495 2265 1632 2329 usque
1651 2266 1764 2313 adeo
1783 2268 1927 2315 donec
1944 2270 2031 2317 vir-

199 2327 305 2390 gula
327 2332 371 2372 &
391 2326 532 2374 libere
553 2327 779 2373 introduci
797 2327 922 2391 possit
939 2334 983 2373 &
1003 2327 1143 2373 libere
1165 2329 1299 2374 eximi
1317 2327 1404 2374 sme
1423 2329 1597 2375 dolore.

261 2395 391 2438 Tunc
414 2391 588 2454 virgula
608 2391 692 2438 alia
718 2392 849 2455 paulo
874 2391 1051 2438 craffior
1085 2392 1291 2455 eligenda
1313 2395 1371 2438 est
1390 2427 1401 2444 ‚
1420 2411 1515 2457 quae
1542 2394 1621 2439 sub
1638 2395 1797 2443 eadem
1823 2396 2031 2445 cautione

202 2472 282 2519 per
303 2454 528 2500 dilatatam
556 2455 784 2502 urethram
803 2456 849 2500 in
870 2456 1056 2503 vesicam
1077 2455 1231 2503 senfim
1248 2458 1513 2504 immittatur
1531 2493 1544 2511 ‚
1565 2474 1696 2522 atque
1715 2460 1767 2506 fic
1789 2462 1886 2525 pari
1905 2480 2030 2526 psor-

200 2519 270 2565 δὺς
296 2519 457 2566 ordine
483 2519 714 2566 successive
742 2520 1004 2568 adhibenda:
1032 2521 1213 2584 virgulae
1247 2522 1422 2585 fingulae
1441 2556 1454 2575 ,
1488 2524 1709 2585 gradatim
1746 2526 1802 2570 ad
1840 2530 2030 2586 majores

202 2583 486 2630 ascendendo
508 2618 520 2637 ‚
552 2584 698 2631 donec
729 2584 785 2630 ad
817 2587 1020 2632 omnium
1051 2585 1341 2633 craffiflirnam
1377 2587 1696 2635 deventum-sit
1715 2622 1727 2640 ‚
1756 2607 1850 2653 quae
1875 2590 1905 2635 si
1937 2589 2030 2654 ipsa

200 2647 333 2694 facile
359 2649 698 2701 introducatur,
739 2667 933 2697 meatum
973 2650 1218 2697 urinarium
1244 2651 1476 2698 dilatatum
1513 2658 1561 2699 &
1597 2653 1856 2718 ampliatum
1885 2673 1896 2707 3
1927 2655 2030 2701 obi-

203 2730 275 2766 ces
308 2713 520 2778 repressos
548 2747 562 2767 ,
606 2715 910 2779 complanatos
944 2721 990 2764 &
1027 2714 1195 2762 retusos
1226 2735 1238 2770 ·,
1277 2716 1485 2780 viamque
1526 2717 1662 2764 urinae
1702 2719 1903 2783 perviam
1941 2720 2028 2767 esse

202 2792 373 2840 arguet.

273 2834 496 2900 Caeterum
525 2860 791 2906 quamquam
830 2843 1073 2906 contigerit
1107 2860 1155 2889 ut
1187 2845 1316 2891 urina
1336 2845 1546 2891 reddatur
1566 2846 1700 2909 pleno
1721 2846 1849 2892 alveo
1864 2879 1876 2898 ‚
1897 2864 2027 2892 cura-

205 2906 322 2951 tioni
342 2907 619 2976 nelinaquam
646 2907 965 2953 confidendum
992 2910 1077 2959 est,
1105 2908 1206 2960 cum
1234 2909 1508 2969 experientia
1537 2926 1709 2956 certum
1738 2909 1788 2955 sit
1806 2910 2026 2974 compres-

204 2970 274 3017 sos
301 2970 453 3017 obiaes
481 2970 609 3017 brevi
635 2971 935 3033 regerminare
954 3005 966 3024 ‚
1002 2973 1305 3036 complanatos
1335 2973 1564 3036 resurgere
1593 2980 1638 3020 &
1674 2974 1902 3021 dilatatam
1927 2993 2027 3022 ute-

204 3034 312 3082 thrae
346 3034 529 3081 fistulam
560 3035 791 3098 restringi,
810 3034 840 3080 s1
862 3035 994 3083 semel
1025 3036 1079 3082 ab
1109 3037 1373 3084 immistione
1399 3038 1622 3101 frequenti
1651 3040 1920 3103 virgularum
1940 3038 2027 3086 ces-

205 3099 346 3146 satum
369 3096 520 3146 fuerit.
563 3100 790 3157 Quocirca
813 3100 1048 3147 diutissime
1075 3103 1202 3166 operi
1221 3102 1504 3149 infistendum
1525 3105 1584 3149 est
1599 3137 1612 3156 ,
1634 3104 1825 3167 primum
1845 3105 2028 3168 quidem

205 3166 411 3231 quotidie
439 3183 518 3230 per
544 3182 680 3212 unam
714 3165 956 3214 alteramve
983 3168 1175 3222 horam,
1204 3167 1310 3216 dein
1343 3168 1410 3216 bis
1435 3183 1508 3217 aut
1543 3185 1608 3216 ter
1636 3170 1684 3216 in
1709 3169 2025 3226 hebdomade,

2132 328 2203 387 Sua
2220 331 2318 382 pati-a

2090 390 2150 416 tur
2174 393 2318 426 incom-

2089 431 2216 473 moda.

2135 1366 2283 1427 Qtta
2297 1394 2311 1413 ‚

2080 1420 2190 1469 opera
2228 1433 2309 1458 vrr-

2079 1471 2251 1523 gularum

2082 1523 2299 1573 plumbeart‘i

2078 1588 2159 1626 qua:
2174 1588 2206 1612 m
2223 1588 2312 1612 ure-

2080 1631 2205 1664 thram
2224 1629 2310 1666 adi-

2080 1691 2228 1732 guntur.
