2477 3643
409 132 514 186 554-
722 112 1297 162 DE‘MORBIS
1362 110 1895 162 VENERI-:154

459 203 496 245 1.
531 196 780 261 Chirurgus
810 197 885 245 ille
928 196 1018 244 sese
1057 193 1369 243 intolerantius
1393 196 1520 251 jactat
1549 211 1713 255 arcano
1743 195 1943 260 quodam
1965 190 2247 244 ⁸anti-vene&

400 281 479 313 reo
499 295 512 318 ,
540 262 596 310 de
623 267 744 323 cujus
765 264 957 310 utilitate
986 262 1100 306 mira
1121 261 1328 325 praedicat
1356 258 1431 305 sed
1453 259 1542 305 fide
1568 259 1654 306 sua.
1694 266 1755 307 At
1785 261 1893 309 vero
1917 261 2236 326 qualecunque
2269 275 2277 282 ⁸

397 329 450 375 fit
469 346 680 374 arcanum
700 328 808 374 illud
826 345 951 375 certo
969 325 1131 372 certius
1149 326 1285 388 liquet
1306 324 1419 369 nihil
1436 324 1522 370 effe
1540 340 1692 388 praeter
1711 327 1982 373 Mercuriale
1998 327 2231 390 quoddam

398 411 685 459 praeparatum
700 427 711 444 ‚
730 411 874 456 neque
891 391 994 439 satis
1008 390 1148 454 petita
1160 408 1297 436 manu
1316 388 1571 436 confeemm
1585 422 1599 442 ‚
1615 406 1761 454 neque
1774 390 1874 439 satis
1893 391 1987 438 turi
2007 391 2231 438 methodo

399 459 766 511 administratum.

464 529 534 570 ΙΙ.
568 527 633 569 Ut
661 539 825 568 arcano
853 519 931 566 suo
962 519 1209 567 velificetur
1226 550 1240 570 ‚
1271 534 1457 564 conatur
1487 518 1612 563 omni
1636 535 1720 582 ope
1745 534 1878 583 atque
1906 520 2042 585 opera
2073 520 2238 568 inune.-

401 587 579 634 tionum
610 586 940 633 mercurialium
968 585 1091 631 usum
1125 585 1367 647 suspestum
1397 589 1444 629 δε
1474 582 1665 628 invisum
1703 582 1879 636 facere,
1919 603 2007 632 ceu-
2032 584 2234 633 ineffica-

405 669 504 700 cem
523 687 534 705 ,
562 649 836 697 laboriosum
855 684 867 703 ‚
903 651 1088 714 periculi
1122 651 1301 714 plenum
1322 681 1335 700 ‚
1365 649 1411 695 in
1444 666 1534 711 quo
1568 665 1660 693 non
1687 647 1777 694 fine
1806 649 2092 712 impudentiae
2123 650 2233 696 noti

403 718 540 764 audet
565 718 640 763 ille
667 733 759 761 non
792 715 932 761 modo
960 715 1190 761 communi
1222 713 1522 760 Medicorum
1540 713 1710 775 judicio
1726 746 1740 766 ,
1771 711 1848 759 sed
1866 714 1991 777 quod
2012 720 2148 779 majus
2173 716 2236 764 est

398 798 536 828 vcertae
557 783 620 828 rei
641 781 818 827 veritati
835 782 983 844 aperte
1003 779 1331 826 contradicere.
1498 825 1501 827 ,
1530 802 1539 809 ·-

470 851 521 892 11
539 851 570 891 1.
608 847 784 891 Acriter
804 845 1033 891 invehitur
1052 847 1099 891 in
1117 848 1348 908 Rogerum
1367 841 1523 888 Dibon
1536 874 1548 894 ‚
1564 841 1845 905 Chirurgum
1862 875 1874 894 ,
1892 841 1950 888 de
1967 858 2059 906 quo
2078 839 2206 907 suprc‘t
2220 876 2239 897 ,

406 911 543 974 qui&
564 911 655 975 ipse
675 910 730 956 de
754 910 829 956 suo
846 911 1064 972 gloriatur
1086 926 1248 955 arcano
1262 942 1274 960 ,
1288 925 1482 971 quocum
1496 906 1655 952 acerbe
1671 907 1817 970 litigat
1831 923 1980 953 utrum
1997 907 2082 952 utri
2106 909 2239 971 praes-

410 990 476 1021 tet
504 975 753 1022 remedium
769 1009 781 1027 ,
809 992 864 1020 an
890 974 1015 1020 suum
1039 975 1156 1020 illius
1183 973 1385 1020 remedio
1404 1006 1417 1024 ‚
1442 990 1498 1017 an
1522 971 1771 1018 remedium
1795 973 1914 1018 illius
1939 971 2046 1017 suo?
2084 974 2241 1020 Laecos

409 1040 524 1086 duos
544 1042 698 1087 videre
722 1040 880 1086 videor
898 1074 911 1091 ‚
939 1040 1017 1103 qui
1038 1040 1094 1086 de
1119 1039 1298 1085 cumulo
1320 1037 1565 1083 carbonum
1585 1036 1740 1082 effosso
1762 1036 2020 1102 superbiunt
2040 1035 2160 1100 quasi
2182 1037 2240 1086 dc

410 1104 600 1152 invento
621 1104 827 1151 thesauro
843 1137 855 1156 ,
877 1110 921 1150 &
940 1105 995 1150 ad
1015 1121 1165 1150 utrum
1187 1104 1364 1168 potiore
1385 1108 1478 1163 jure
1494 1102 1716 1167 pertineat
1731 1101 1848 1148 inter
1871 1102 1913 1149 se
1932 1103 2182 1149 decertant.

475 1175 493 1215 1
515 1176 567 1216 V.
606 1171 754 1216 Doleo
773 1169 981 1231 equidem
1007 1187 1060 1216 ex
1090 1170 1239 1216 animo
1271 1167 1503 1214 credulum
1533 1169 1846 1229 aegrotantium
1867 1168 2021 1230 vulgus
2050 1166 2098 1211 in
2119 1165 2239 1212 hunc

410 1235 597 1280 modum
630 1234 851 1280 ludificari
884 1252 895 1286 3
932 1235 1160 1297 mirorque
1188 1251 1264 1279 eos
1294 1233 1348 1278 ad
1380 1250 1491 1295 quos
1522 1233 1714 1295 pertinet
1743 1232 1956 1278 harumce
1986 1248 2133 1276 rerum
2162 1248 2242 1277 cu-

413 1300 528 1345 ratio
548 1305 593 1344 &
615 1299 938 1345 administratio
954 1333 966 1351 ,
987 1299 1035 1344 in
1060 1298 1354 1363 reprimendis
1384 1297 1561 1361 ineptiis
1589 1297 1660 1342 vel
1688 1295 1834 1360 potius
1860 1296 2118 1343 coercendis
2145 1296 2245 1341 mass

412 1363 567 1412 leficiis
587 1363 831 1409 istiusmodi
849 1364 1101 1409 indormire
1116 1397 1128 1415 ,
1157 1380 1253 1425 quae
1286 1362 1486 1425 neglecta
1512 1362 1559 1409 in
1575 1378 1786 1425 magnum
1810 1361 1900 1408 tum
1931 1362 1997 1409 rei
2023 1359 2236 1416 medicae,

415 1428 510 1475 tum
531 1429 595 1475 rei
613 1428 798 1493 publicae
817 1427 1139 1475 detrimentum
1160 1428 1384 1474 recidunt.

199 1600 217 1632 Ε
262 1589 314 1633 28
497 1560 529 1604 E
548 1575 573 1602 D
590 1574 603 1601 i
618 1574 644 1602 τ
663 1574 677 1602 1
693 1575 723 1603 o
769 1551 901 1603 tertia
954 1560 986 1603 L
1005 1573 1033 1603 u
1048 1574 1074 1602 e
1090 1573 1116 1602 n
1133 1573 1161 1603 U
1179 1573 1208 1601 N
1227 1572 1256 1600 o
1279 1584 1299 1592 -
1321 1558 1352 1601 B
1375 1571 1406 1601 A
1422 1572 1450 1600 T
1467 1570 1499 1600 A
1517 1572 1549 1602 v
1572 1568 1605 1600 Α
1654 1553 1947 1600 (ἶοὶῙεᾶὶίοηίε
1994 1555 2243 1604 Luifininae.

227 1603 253 1646 7
320 1619 331 1630 ’
416 1623 602 1668 Utilitas
632 1621 799 1668 summa
819 1622 1116 1668 Colleffionis
1146 1627 1327 1668 Venetae
1352 1620 1407 1666 ab
1439 1619 1619 1679 Aloyfio
1652 1618 1829 1665 Luislno
1861 1637 2099 1683 procuratae
2118 1655 2131 1674 ‚
2155 1622 2243 1685 quii

418 1687 467 1735 in
487 1705 624 1733 unum
642 1688 854 1733 volumen
873 1686 1148 1750 cogebantur
1167 1690 1320 1750 Opera
1340 1687 1585 1732 Austorum
1614 1684 1931 1749 plerorumque
1949 1718 1962 1737 ,
1995 1686 2073 1749 qui
2096 1686 2152 1732 de
2170 1688 2243 1734 lue

420 1752 613 1799 venere&
642 1751 905 1817 scripserant
940 1768 1042 1799 ante
1071 1769 1234 1797 annum
1261 1761 1394 1812 1567.
1423 1752 1582 1797 Virum
1613 1749 1894 1795 clariffimum
1932 1754 2246 1797 Hermannum

422 1818 707 1869 Boerhaave,
746 1816 1043 1864 Profe-[sorem
1082 1816 1315 1863 Medicum
1352 1815 1809 1878 Lugduno-Batavum
1828 1848 1839 1867 ,
1868 1815 2054 1862 minime
2084 1817 2245 1870 latuit,
2280 1851 2284 1856 .

421 1881 616 1946 ideoque
653 1883 752 1928 cum
791 1899 995 1929 veterum
1040 1882 1300 1928 Editionum
1342 1880 1610 1944 exemplaria
1651 1880 1818 1926 rariora
1862 1877 2000 1926 essent
2031 1914 2044 1933 ‚
2089 1884 2247 1946 Typo-

425 1949 602 2012 graphis
632 1946 831 2000 Batavis,
863 1963 910 1993 ut
930 1965 1079 1993 novam
1108 1948 1338 1993 Editioncm
1371 1948 1604 1991 moliremur
1638 1947 1775 1990 anaor
1794 1945 1879 2003 ficit
1898 1983 1914 1998 ‚
1947 1962 2041 2008 quae
2075 1947 2257 2008 prodiit,

420 2011 926 2074 'Lugduni-Batavorum
952 2016 994 2056 in
1016 2011 1115 2068 folio
1136 2028 1206 2055 an.
1235 2015 1367 2066 1728.
1404 2015 1451 2055 &
1480 2010 1552 2056 cui
1579 2008 1755 2055 titulum
1781 2009 1891 2057 fecit
1909 2011 2067 2073 Aloyfii
2086 2011 2247 2072 Lug'fim‘

424 2076 771 2140 Aphrodisiacum
792 2112 807 2128 ,
822 2077 917 2135 five
938 2077 986 2120 de
1005 2079 1094 2120 Lue
1113 2074 1303 2119 venerei.

173 2169 252 2220 (a,
274 2171 384 2208 130er-
488 2140 629 2187 Dedit
657 2137 748 2203 ipse
770 2139 816 2184 in
836 2139 916 2185 hac
937 2137 1066 2185 tertia
1088 2137 1300 2184 Editione
1327 2135 1523 2183 sedulam
1552 2152 1734 2200 operam
1751 2169 1764 2188 ,
1803 2144 1864 2181 10.
1884 2139 1951 2182 Ut
1973 2139 2053 2194 (a)
2073 2139 2250 2201 Impreſs-

153 2223 273 2263 ωαψς
297 2247 311 2265 ,
346 2224 384 2258 in
418 2206 572 2270 stonum
587 2208 697 2250 vitia
717 2242 732 2257 ,
749 2202 889 2267 quibus
911 2206 1060 2248 ltalicae
1075 2207 1113 2249 E
1121 2203 1285 2248 ditiones
1295 2201 1563 2261 foedabamur
1579 2240 1594 2255 ,
1612 2202 1928 2247 emendarentur.
1957 2210 2018 2246 20.
2039 2206 2102 2247 Ut
2117 2221 2169 2246 ex
2187 2206 2249 2267 ip-

151 2275 371 2326 Prafatione.
418 2273 477 2332 sis
502 2272 686 2332 allegatis
703 2273 735 2314 S
741 2267 977 2333 criptoribus
994 2270 1085 2314 loca
1104 2267 1395 2326 restituerentur
1409 2269 1596 2330 propria.
1635 2273 1697 2325 30.
1728 2267 1793 2310 Ut
1813 2267 2072 2311 remediorum
2090 2267 2250 2324 formu-

427 2338 505 2389 lae,
534 2351 692 2398 quaeque
726 2333 766 2380 eb
789 2335 953 2393 faciunt
975 2371 989 2386 ‚
1020 2336 1103 2378 alio
1127 2332 1421 2378 excuderentur
1450 2331 1696 2376 charaHere.
1729 2338 1797 2387 4⁰.
1839 2334 1903 2375 Ut
1934 2331 2250 2395 locuplettffimus

429 2401 555 2449 index
590 2398 745 2458 &1usu'
773 2397 868 2445 vere
895 2398 1066 2463 pulcher
1101 2401 1249 2461 ingenti
1267 2399 1400 2459 Operi
1425 2394 1735 2454 fiabneHeretur.
1765 2395 1860 2441 Imb
1880 2396 2023 2460 Operi
2062 2395 2249 2460 praefixit

426 2463 654 2529 egregiam
673 2468 720 2510 &
741 2463 962 2510 eruditam
984 2460 1290 2509 Praefationem
1307 2493 1320 2512 ,
1339 2459 1396 2506 de
1414 2459 1501 2522 qud
1522 2459 1567 2504 in
1588 2463 1759 2506 articulo
1769 2461 1954 2522 sequente
1968 2498 1983 2513 ,
2004 2459 2081 2505 ubi
2101 2461 2252 2507 multis

428 2529 620 2594 explicat
635 2528 744 2592 quid
761 2528 852 2596 ipse
872 2528 930 2576 de
951 2526 1114 2576 veneni
1134 2525 1316 2574 venerei
1336 2523 1491 2571 natur&
1504 2556 1517 2575 ,
1538 2525 1860 2588 propagatione
1874 2559 1887 2578 ,
1903 2524 2005 2572 sede
2021 2530 2065 2572 &
2087 2524 2253 2573 effeffl-

429 2594 511 2643 bus
531 2593 703 2640 sentiar.

490 2659 579 2706 Sed
593 2659 763 2705 utinam
782 2656 852 2703 Illi
875 2656 972 2704 satis
992 2656 1074 2703 otii
1094 2655 1240 2703 fuiffet
1256 2688 1269 2708 ,
1290 2670 1336 2700 ut
1354 2652 1593 2718 susceptam
1612 2652 1726 2699 hanc
1743 2653 1953 2714 utiliffigni
1967 2652 2130 2719 Operis
2148 2652 2255 2701 Edi-

433 2725 603 2775 tionem
627 2723 820 2788 perfecte
844 2725 1064 2769 adornare
1083 2720 1289 2786 potuisset
1306 2754 1318 2772 ‚
1349 2736 1478 2783 atque
1497 2721 1543 2765 in
1567 2719 1681 2764 hunc
1703 2718 1837 2766 finem
1855 2753 1867 2771 ‚

499 2799 561 2835 10.
598 2791 810 2834 Auctor-es
830 2821 841 2839 ‚
861 2789 938 2851 qui
958 2788 1006 2833 in
1028 2786 1311 2833 Collectione
1332 2784 1504 2831 Veneta
1525 2785 1689 2831 exstant
1706 2817 1719 2835 ,
1741 2785 1901 2829 ordine
1922 2781 2250 2848 chronologico

429 2855 667 2920 disponere
688 2887 700 2905 ‚
718 2870 801 2917 pro
821 2868 1023 2916 tempore
1050 2869 1140 2914 quo
1164 2850 1431 2913 singulorum
1459 2853 1612 2913 Opera
1640 2847 1800 2912 scripta
1816 2882 1829 2900 ‚
1851 2848 1921 2895 vel
1946 2847 2096 2894 saltem
2126 2850 2248 2897 edita

434 2920 546 2967 sunt.
588 2918 710 2976 Quid
734 2917 854 2975 enirn
872 2916 1170 2962 inordinatius
1189 2949 1202 2969 ,
1229 2914 1362 2979 quaim
1398 2915 1550 2960 omnia
1577 2915 1638 2959 ita
1665 2913 1913 2978 promiscua
1937 2911 2019 2958 effe
2039 2947 2051 2965 ,
2080 2929 2127 2959 ut
2161 2913 2250 2961 Ni-

427 2987 581 3032 ·colaus
615 2984 890 3030 Leonicenus
927 2981 1169 3028 secundum
1202 2978 1371 3026 tantum
1405 2979 1554 3026 locum
1585 2995 1772 3042 occupet
1797 3011 1810 3031 ‚
1841 2978 2092 3026 Coradinus
2130 2978 2246 3024 Gili-

431 3068 515 3097 nus
549 3049 770 3096 decimum
807 3063 1013 3111 quartum
1034 3080 1047 3099 ,
1081 3046 1174 3092 imo
1203 3044 1365 3109 Gaspar
1396 3044 1576 3092 Torella
1611 3043 1864 3090 vicefimum
1892 3045 2106 3094 tertium3
2141 3041 2241 3088 cum

433 3131 601 3162 certum
628 3112 676 3159 fir
697 3114 909 3160 Auctores
928 3112 1027 3158 illos
1047 3109 1252 3177 scripfiffe
1272 3128 1389 3156 anno
1417 3127 1551 3172 1497·
1581 3126 1698 3160 anno
1719 3107 1888 3158 scilicet
1917 3107 2049 3156 tertio
2065 3109 2157 3172 post
2173 3106 2242 3163 in-¹

429 3179 623 3244 greffum
640 3176 790 3228 morbi
808 3210 822 3233 ,
841 3176 1039 3243 adeoque
1056 3177 1258 3229 omnium
1276 3175 1459 3243 primos.
