2477 3643
161 215 334 259 foeminis.

206 890 233 919 '1
242 891 279 918 o,
303 877 399 917 Cum

163 940 360 975 tatainitis.

222 1210 282 1237 11.
301 1197 397 1234 Cum

160 1250 378 1294 nutricibus.

197 1586 401 1635 D3agnofis

165 1640 323 1681 tumoris
341 1641 401 1678 ba-

164 1695 234 1733 lani
248 1693 303 1733 v:1
318 1705 404 1744 prae·

165 1760 271 1800 putu.

196 1859 251 1890 Ae
272 1853 399 1891 diver-

169 1904 216 1944 {ae
246 1905 403 1942 tumoris

167 1957 309 2011 speciei.

243 2102 404 2139 Phimo-

168 2155 248 2194 scos
271 2161 306 2194 &
334 2166 403 2204 pa-

169 2206 369 2259 taphium-

162 2260 261 2301 scos.

196 2376 409 2413 Bullarum-

171 2441 242 2480 que
258 2431 406 2480 crystal—

171 2482 339 2520 linaium.

236 2639 406 2692 Singula-

174 2690 289 2745 ii'iqiie
315 2705 410 2730 cau·

176 2742 309 2788 {aru-m,
326 2745 409 2795 qui-

175 2793 241 2832 bus
298 2796 407 2835 isdu-

173 2859 319 2888 camur.

440 129 541 199 258
826 129 1369 181 DEMoRtns
1435 125 1953 179 xri-:Neaera

439 212 551 262 verb
567 244 579 268 ,
596 211 702 279 quia
727 213 855 264 urina
882 214 990 263 dcun
1015 212 1165 261 effluet
1184 246 1197 264 ,
1220 209 1513 259 inflammatas
1542 225 1616 259 aut
1646 211 1861 260 ulceratas
1888 224 2033 278 partes
2061 208 2280 264 distrahet}

441 295 516 327 aut
544 278 752 326 irritabit.
786 282 850 327 2⁹.
888 281 1001 328 Inde
1028 276 1306 326 manifestum
1339 275 1522 324 accedet
1539 291 1829 341 augmentum
1849 277 2196 326 inflammationi
2225 285 2278 329 δε

440 344 768 392 exulcerationi
794 343 1067 401 affectat-uine
1112 342 1302 394 artium,
1333 351 1450 406 quas,¹
1469 340 1629 389 lotium
1658 341 1880 389 irritando
1899 342 2051 390 durius
2073 343 2276 393 habebit.

444 411 500 474 3⁰.
530 409 768 462 Tandem,
788 410 817 455 si
843 427 894 456 ea
917 409 1054 455 nimia
1089 422 1154 453 int
1171 440 1184 458 ,
1205 405 1351 454 serum
1377 405 1400 452 εὶ
1426 407 1652 469 stagnante
1679 406 1892 471 sanguine
1916 407 2073 455 sensim
2097 409 2280 475 expres-

443 473 540 521 sum
563 474 710 521 subter
730 475 967 520 cuticulam
990 473 1225 536 colligetur
1253 472 1302 518 in
1330 471 1594 533 crystallinas
1624 472 1860 533 hydatides
1877 507 1890 526 ,
1919 472 2052 520 bullis
2070 507 2083 528 ‚
2109 491 2205 538 quae
2228 476 2280 523 in

445 540 651 587 virorum
671 533 1243 602 genitalibus'inflammatis
1264 553 1500 599 emergunt
1518 570 1530 589 ‚
1544 535 1691 582 forma⁴
1706 571 1719 590 ,
1736 538 1951 602 qualitate
1967 572 1980 591 ,
2002 538 2128 587 causa
2145 539 2285 587 simil--

445 605 586 651 limas.
616 609 771 650 Solent
800 620 951 650 autem
974 601 1221 649 istiusmodi
1249 602 1484 663 hydatides
1513 602 1562 648 in
1591 602 1788 648 foeminis
1815 602 2092 652 efflorescere
2114 604 2285 670 potiffi-

444 670 570 716 mum
598 668 643 716 in
672 669 813 716 vulvae
846 668 973 715 labiis
992 702 1005 721 ‚
1032 666 1239 733 nymphis
1267 667 1354 714 sive
1384 668 1737 732 pterygomatis,
1769 666 1981 716 clitoride
1998 703 2012 722 ,
2039 668 2283 717 clitoridis-

444 752 535 798 que
556 734 770 798 praeputio
787 739 832 780 δε
853 734 1101 780 carunculis
1126 731 1486 794 myrtiformibus
1503 765 1516 785 ,
1542 733 1757 795 quoniam
1779 749 1924 797 partes
1937 734 2021 780 illae
2051 734 2154 782 cum
2173 736 2283 786 laxae

444 799 528 846 fint
548 804 593 845 δε
617 798 819 863 pendulae
838 833 851 851 ,
879 799 1076 846 licei-ente
1101 796 1316 860 sanguine
1340 796 1513 844 fac-ilius
1532 812 1728 861 turgent.

517 869 610 910 10⁰.
647 866 749 910 Nec
779 863 928 929 dispar
948 865 1006 911 est
1026 863 1230 910 conditio
1260 863 1576 910 catamitorum
1604 862 1980 928 pathicorumque
1998 896 2012 916 ‚
2042 863 2091 910 in
2119 864 2284 928 quibus

446 929 519 975 ani
547 927 740 975 confinia
772 928 1002 977 ulcusculis
1031 928 1237 977 venereis
1268 933 1315 974 δε
1346 927 1534 992 phimosi
1559 942 1783 975 tentantur
1801 947 1813 982 ·,
1832 929 1941 976 inde
1974 930 2096 976 enim
2123 929 2283 977 faecum

446 994 611 1058 egestio
631 1012 761 1058 parca
778 1029 790 1047 ‚
815 993 1008 1041 difficilis
1029 1028 1041 1047 ‚
1070 992 1307 1041 dolor-ilica
1326 995 1385 1040 est
1404 1012 1414 1046 3
1433 993 1545 1057 quin
1568 993 1663 1039 imo
1690 993 1917 1057 crescente
1936 995 1986 1040 in
2005 994 2101 1042 dies
2131 995 2283 1044 morbi

444 1059 616 1106 malitia
644 1057 673 1104 si
706 1060 960 1123 negligatur
979 1094 990 1112 ,
1017 1059 1271 1122 crystallinae
1293 1058 1419 1104 bullae
1443 1058 1500 1104 ad
1532 1058 1606 1105 ani
1633 1059 1884 1124 marginem
1915 1075 2009 1106 non
2041 1060 2143 1107 raro
2173 1078 2285 1126 pro-3

446 1124 586 1173 deunt
612 1160 621 1175 2.
645 1123 777 1171 bullis
795 1125 933 1172 modi)
952 1124 1183 1189 descriptis
1201 1125 1327 1189 plane
1349 1141 1593 1189 compares,

521 1207 538 1235 1
555 1194 620 1236 1⁰.
649 1191 857 1237 Tandem
876 1190 1072 1237 nutrices
1086 1189 1184 1254 ipste
1203 1223 1216 1242 ,
1233 1207 1327 1253 quae
1340 1190 1577 1236 laetatione
1593 1187 1742 1236 labem
1755 1188 2004 1254 concepere
2019 1223 2030 1244 ,
2056 1194 2102 1236 δέ
2122 1189 2286 1254 quibus

447 1254 674 1317 contingit
695 1272 742 1301 ut
761 1273 1058 1302 mammarum
1074 1254 1241 1319 papillae
1264 1254 1543 1301 inflammatae
1564 1260 1609 1301 δε
1634 1253 1842 1300 ulcerosae
1855 1254 2043 1319 phimosi
2065 1257 2284 1319 stringan-

449 1335 522 1366 tur
540 1353 553 1373 ‚
581 1321 640 1365 1⁰.
663 1321 961 1385 Experiuntur
989 1320 1121 1366 fimili
1142 1319 1332 1367 successu
1343 1319 1626 1366 lactationem
1646 1317 1878 1365 difficilem
1907 1325 1953 1366 ὃ(
1973 1319 2252 1368 dolorificam
2269 1356 2285 1376 ,

449 1385 555 1448 quia
582 1385 648 1431 lac
669 1403 747 1449 per
767 1385 1322 1432 constrictosinflammatae
1344 1385 1511 1449 papillae
1531 1384 1685 1430 dustus
1704 1401 1880 1431 manare
1901 1402 1991 1431 non
2019 1387 2183 1448 potest,
2203 1386 2286 1433 nisi

449 1449 693 1512 parcissime
728 1456 773 1497 ὃς
798 1451 1026 1513 aegerrime
1060 1469 1070 1497 ι
1106 1456 1166 1496 2⁹.
1194 1450 1377 1496 Habent
1403 1450 1664 1514 plerumque
1690 1449 1870 1513 papillas
1906 1449 2038 1496 variis
2057 1450 2286 1512 hydatidi-

453 1514 534 1561 bus
555 1514 714 1561 obsitas
732 1551 745 1569 ,
770 1515 847 1562 nisi
868 1515 1047 1579 urgenti
1066 1514 1228 1561 morbo
1248 1531 1453 1579 prompta
1479 1514 1745 1560 adhibeatur
1765 1513 1955 1560 medela.

513 1582 745 1644 Diagnosts.
780 1585 811 1627 l.
844 1580 1002 1627 Morbi
1040 1580 1224 1644 quidem
1252 1595 1408 1625 natura
1441 1579 1627 1626 evidens
1655 1579 1745 1630 est,
1782 1578 1883 1624 cum
1916 1593 2066 1624 tumor
2085 1579 2286 1644 praeputii

454 1644 528 1690 vel
546 1644 696 1691 balani
722 1646 768 1690 in
790 1646 926 1698 viris3
950 1646 1171 1691 variarum
1199 1645 1341 1690 vulvae
1368 1645 1561 1709 partium
1588 1658 1662 1689 aut
1694 1642 1793 1688 ostii
1813 1642 1982 1706 vaginae
2013 1644 2061 1688 in
2084 1644 2289 1691 mulieri-

451 1707 532 1754 bus
563 1728 574 1762 ·,
611 1711 822 1773 marginis
857 1712 930 1757 ani
959 1711 1007 1756 in
1041 1710 1259 1757 catamitis
1278 1728 1290 1764 3
1312 1708 1495 1757 demum
1524 1707 1785 1774 papillarum
1818 1708 1866 1754 in
1897 1707 2185 1763 laetantibus,
2213 1710 2290 1759 vel.

451 1773 549 1839 ipsis
580 1773 770 1822 senfibus
792 1776 953 1821 obvius
973 1775 1039 1821 sit.

518 1844 588 1885 11.
623 1844 723 1888 Nec
745 1839 969 1887 difficilius
1003 1842 1063 1887 est
1084 1839 1233 1886 morbi
1261 1837 1452 1902 speciem
1480 1836 1747 1901 dignoscere
1766 1869 1779 1889 ,
1808 1835 1909 1883 cum
1939 1836 2143 1885 sensuum
2168 1839 2290 1886 testi-

455 1905 612 1949 monio
640 1906 825 1969 perinde
844 1903 1123 1952 manifestum
1154 1904 1205 1950 fit
1238 1920 1293 1949 an
1325 1919 1475 1949 tumor
1507 1904 1582 1950 ille
1612 1902 1769 1950 rubeat
1789 1936 1802 1954 ‚
1823 1902 1993 1956 caleat,
2028 1903 2180 1950 doleat
2200 1938 2212 1956 ‚
2239 1910 2287 1951 δε

452 1969 858 2024 inflammatorius3
888 1988 943 2016 an
974 1970 1120 2016 mollis
1138 2002 1151 2021 ‚
1184 1970 1305 2016 laxus
1325 2001 1337 2019 ‚
1368 1968 1604 2022 indolens„
1642 1973 1688 2013 δεῖ
1716 1966 2025 2014 oedematodes
2055 1986 2067 2022 3
2105 1968 2289 2016 demum

453 2051 511 2080 an
537 2034 671 2080 durus
690 2068 703 2086 ,
727 2035 923 2081 renitens
942 2069 954 2087 ‚
975 2034 1184 2081 indolens
1200 2068 1212 2086 ,
1235 2039 1280 2079 δε
1300 2029 1656 2079 skitrhodes'fiti

517 2102 617 2144 111.
658 2099 783 2147 Licet
840 2100 906 2145 ari
932 2100 1071 2146 modo
1094 2105 1139 2145 &
1161 2101 1276 2144 tastu
1311 2103 1355 2143 δε
1389 2096 1485 2143 visu
1516 2096 1743 2144 diversum
1769 2095 1968 2160 praeputii
1987 2095 2115 2143 fitum
2134 2096 2291 2145 obser-

455 2180 562 2209 vare
581 2197 593 2216 ,
618 2181 750 2228 atque
770 2118 883 2212 αιῗιῐὸ
902 2163 1137 2229 phimosim
1159 2198 1172 2216 ,
1193 2164 1242 2209 in
1267 2162 1354 2226 qua
1378 2163 1636 2227 praeputium
1669 2161 1714 2207 in
1742 2177 1945 2207 extremo
1971 2161 2114 2208 limbo
2136 2181 2291 2209 coarc-

454 2243 595 2274 tatum
614 2230 823 2291 glandem
842 2245 983 2276 totam
1004 2229 1205 2292 contegit
1222 2263 1233 2281 ,
1267 2229 1291 2274 a
1312 2227 1605 2291 parapliimosi
1625 2226 1895 2288 distinguere
1914 2259 1926 2278 ,
1956 2226 2003 2271 in
2031 2227 2117 2289 qua
2142 2227 2288 2274 denu-

453 2292 580 2340 datus
599 2293 778 2341 balanus
798 2295 820 2341 :i
840 2295 1052 2359 praeputio
1081 2294 1136 2340 ad
1163 2293 1335 2356 glandis
1355 2293 1551 2339 radicem
1583 2294 1772 2339 retraeto
1791 2290 2123 2354 constringitur.

519 2363 608 2404 IV.
648 2360 863 2407 Similiter
892 2359 1095 2407 sensuum
1123 2358 1389 2406 eorumdem
1408 2356 1681 2404 adminiculo
1702 2354 1833 2402 facile
1856 2356 1915 2402 est
1934 2356 2057 2402 certo
2086 2374 2289 2420 pronun-

456 2423 566 2471 tiare
598 2423 655 2472 de
688 2424 944 2490 praesentia,
976 2442 1166 2472 numero
1188 2458 1201 2477 ‚
1236 2423 1451 2487 qualitate
1481 2428 1526 2468 δε
1557 2421 1637 2467 situ
1666 2421 1890 2467 bullarum
1927 2420 2289 2486 limphaticarurn

453 2486 530 2534 seu
556 2488 822 2551 hydatidum
857 2490 1234 2552 crystallinarum,
1266 2506 1360 2553 quae
1381 2487 1427 2534 in
1451 2486 1674 2553 pudendis
1704 2484 1988 2533 efflorescunt
2018 2487 2064 2532 in
2095 2503 2290 2550 utroque

455 2552 578 2600 sexu.

522 2624 577 2663 V.
614 2618 809 2665 Demum
841 2636 924 2665 nec
962 2617 1200 2665 obscurum
1232 2616 1316 2664 esse
1338 2617 1477 2681 potest
1506 2615 1723 2676 judicium
1757 2614 1812 2661 de
1842 2613 1989 2660 morbi
2010 2615 2165 2668 causti,
2184 2615 2287 2663 cum

455 2683 594 2728 oculis
624 2685 809 2746 quidem
841 2700 1021 2747 pateant
1051 2681 1270 2729 ulcuscula
1290 2715 1303 2733 ‚
1331 2698 1424 2744 quae
1462 2681 1673 2743 genitalia
1709 2679 1913 2725 obsident
1933 2712 1947 2731 ‚
1987 2685 2032 2725 &
2069 2680 2092 2725 εὶ
2126 2680 2291 2743 quibus

455 2747 639 2793 morbus
664 2748 928 2812 producitur
948 2767 959 2801 3
982 2747 1163 2795 aliunde
1196 2746 1304 2794 vero
1337 2745 1615 2791 manifestum
1642 2744 1691 2790 sit
1716 2762 1767 2791 ea
1795 2743 2015 2790 ulcuscula
2037 2743 2091 2789 ab
2111 2745 2288 2809 impura

456 2829 623 2859 venere
641 2829 792 2859 ortum
813 2812 979 2861 ducere
1007 2829 1102 2858 tum
1128 2810 1380 2874 aegrotantis
1406 2809 1679 2856 confeffione
1703 2809 1760 2855 de
1786 2809 1964 2872 impuro
1991 2809 2060 2856 vel
2089 2808 2287 2874 suspecsto

456 2877 702 2924 concubitu
730 2877 957 2942 querentis
974 2911 986 2929 ,
1018 2893 1113 2923 tum
1149 2876 1450 2941 descriptione
1475 2874 1804 2921 ulcusculorum
1832 2890 2130 2921 venereorum
2160 2874 2288 2940 supe-

453 2941 541 2988 rius
569 2942 729 2989 tradita
756 2944 998 3008 praecedente
1030 2946 1194 3007 Capite.

513 3013 552 3053 V
567 3013 599 3052 Ι.
630 3009 826 3055 Proinde
849 3007 967 3054 haud
985 3007 1168 3055 difficile
1187 3009 1247 3055 est
1265 3023 1421 3053 cavere
1445 3022 1501 3051 ne
1523 3020 1739 3052 venereus
1757 3003 1960 3068 praeputii
1983 3008 2027 3049 <Sc
2044 3001 2191 3049 balani
2210 3014 2285 3048 aut

454 3071 747 3118 muliebrium
779 3090 960 3125 tumor,
992 3074 1063 3120 vel
1099 3090 1287 3120 venerea
1308 3070 1567 3118 earumdem
1604 3070 1795 3134 partium
1820 3067 2027 3131 phimosis
2060 3067 2131 3114 vel
2158 3083 2284 3130 para-

453 3137 661 3199 phimofis
679 3170 691 3188 ‚
724 3154 818 3200 qnae
846 3137 1052 3184 remediis
1087 3138 1201 3203 aegre
1224 3137 1390 3185 cedunt
1421 3141 1468 3181 &
1497 3134 1697 3199 periculo
1725 3151 1968 3197 numquam
1995 3145 2151 3178 vacant
2168 3163 2181 3183 ,
2204 3145 2285 3201 ‘te-

450 3202 574 3249 mere
597 3201 931 3252 confundantur
951 3219 1052 3251 cum
1080 3201 1398 3254 tuinefaefione
1428 3199 1500 3251 vel
1525 3198 1838 3249 constrictione
1861 3196 2017 3261 quavis
2032 3228 2048 3251 ,
2077 3211 2172 3262 quae
2200 3192 2279 3251 rii}
