2477 3643
598 160 1591 210 L121a111.CA1›n1-1X.
1883 173 1969 233 283

211 253 275 308 39.
310 242 357 290 Si
380 241 491 291 verb
518 241 638 288 nulla
668 239 807 289 fuerit
833 240 916 288 luis
945 241 1132 307 suspicio
1152 275 1164 294 ,
1188 247 1233 288 δε
1267 242 1574 291 excrescentia:
1592 278 1606 298 ,
1625 261 1721 309 quae
1749 247 1975 312 impurum

148 307 439 356 concubitum
458 307 699 371 sequuntur
715 339 729 359 ,
755 306 874 353 virus
895 325 1048 354 recens
1075 307 1266 354 necdum
1293 309 1406 354 ultra
1432 309 1578 355 morbi
1598 309 1746 357 sedern
1766 315 1975 376 progres-

148 373 242 420 sum
274 372 523 436 significent
541 405 554 424 ,
573 371 711 436 plenae
736 372 921 435 quidem
952 372 1266 436 hydrargyrosi
1291 371 1445 420 licebit
1472 374 1569 420 tutb
1590 393 1769 438 parcere
1788 395 1800 430 3
1821 391 1864 421 at
1892 376 1975 423 sal-

147 453 267 490 tem,
299 454 347 483 ut
380 438 426 483 in
463 435 734 501 praecedenti„
758 436 1034 501 paragrapho
1064 437 1311 483 levioribus
1339 438 1673 486 inundtionibus
1705 440 1777 487 vel
1810 441 1976 488 iterato

151 502 491 548 Mercurialium
514 516 859 566 praeparatorum
892 501 989 547 usui
1020 501 1120 547 satis
1144 501 1222 547 diu
1252 501 1534 550 infistendum
1553 505 1667 558 erit,
1687 504 1833 552 donec
1856 506 1980 554 virus

145 566 296 613 subter
316 566 553 613 cuticulam
576 563 775 630 illapsum
794 565 988 630 perfecte
1006 565 1294 630 profligatum
1314 569 1534 615 videatur.
1756 575 1768 584 ⁶

203 636 271 677 11.
303 633 328 683 J
332 649 402 676 am
433 630 543 679 verb
569 631 693 694 quod
714 630 768 676 ad
787 647 1013 677 externam
1040 646 1280 694 porrorum
1299 665 1312 684 ‚
1334 650 1620 680 verrucarum
1641 667 1655 687 ,
1683 634 1976 697 condyloma·-

150 709 244 742 tum
263 695 542 743 curationem
560 729 574 748 ,
602 696 775 742 variant
795 700 880 757 jam
900 695 1075 760 pridem
1106 695 1345 742 sententiae.

205 767 268 804 10.
306 761 596 824 Antiquiores
622 760 796 808 Medici
823 759 1141 807 excrescentias
1159 778 1312 808 omnes
1333 762 1409 810 filo
1433 764 1502 809 vel
1537 762 1624 810 seta
1652 765 1815 827 equina
1848 781 1974 811 com-

147 824 382 888 prehensas
407 826 520 872 arete
539 825 737 888 ligabant
755 859 768 878 ‚
788 825 933 871 donec
958 824 1176 872 exsiccat-x
1198 825 1351 889 sponte
1380 828 1658 875 deciderent.
1683 830 1769 876 Sed
1798 847 1849 877 ea
1879 847 1974 877 me-

149 889 309 936 thodus
329 895 415 951 jam
434 891 669 937 damnatur
685 924 696 943 ,
719 907 800 936 nec
833 890 1062 937 immerito
1082 924 1095 942 ,
1121 889 1220 935 cum
1248 891 1453 938 dolorem
1479 912 1625 939 acrem
1653 893 1822 960 semper
1843 929 1855 947 ,
1877 911 1977 957 gra-

149 971 252 1000 vem
279 954 680 1002 inflammationem
715 956 978 1019 plerumque
1009 953 1172 1001 inferat
1200 956 1388 1004 arCtiore
1412 958 1601 1020 ligatura
1630 977 1640 1010 ·,
1677 959 1777 1005 cum
1804 960 1979 1007 excres-

149 1020 306 1065 centiis
331 1020 496 1066 callosis
514 1054 526 1073 ,
549 1019 816 1084 potiflimum
838 1020 943 1064 verb
963 1016 993 1064 fi
1022 1020 1309 1083 complanatae
1327 1022 1408 1067 sint
1437 1029 1479 1068 ὃς
1515 1022 1667 1085 parum
1694 1041 1846 1071 extent
1862 1057 1874 1075 ‚
1893 1025 1980 1070 im-

148 1102 226 1148 par
247 1084 297 1129 sit
314 1118 326 1136 ‚
356 1100 403 1132 ut
421 1103 528 1148 quas
555 1084 767 1147 colligare
792 1101 886 1128 non
909 1084 1040 1130 liceat
1058 1102 1069 1136 3
1089 1085 1189 1129 cum
1217 1084 1368 1132 deciso
1393 1086 1561 1132 tantum
1590 1090 1834 1135 extantium
1859 1087 1980 1135 fasti-

150 1150 228 1212 gio
260 1148 347 1195 basi
373 1167 615 1213 numquam
640 1149 869 1196 medeatur
898 1182 912 1201 ,
939 1148 963 1193 a
994 1148 1081 1211 qua
1105 1147 1331 1212 superstite
1368 1168 1495 1198 novae
1533 1153 1841 1201 excrescentiae
1873 1153 1976 1201 bre-

150 1214 200 1261 vi
219 1214 500 1278 repullulant.

215 1287 280 1324 20.
315 1278 456 1325 Satius
485 1280 543 1324 est
572 1278 765 1342 proinde
799 1276 1121 1324 excrescendas
1154 1277 1334 1325 summis
1363 1278 1534 1325 finistrae
1565 1281 1717 1344 digitis
1747 1283 1983 1347 prehensas

147 1340 304 1389 forfice
323 1344 378 1389 ad
398 1343 536 1388 cutim
556 1343 763 1407 proxime
784 1342 980 1389 resecare
999 1375 1011 1395 ‚
1035 1347 1079 1388 δέ
1102 1343 1269 1390 deinde
1291 1345 1429 1391 modo
1452 1345 1593 1390 nullus
1615 1347 1669 1391 ad
1690 1346 1823 1392 basim
1848 1351 1985 1398 callus

147 1405 279 1453 subsit
294 1441 306 1460 ,
330 1408 472 1454 levius
492 1407 616 1471 quod
637 1405 826 1470 superest
845 1407 1117 1454 ulcusculum
1139 1409 1349 1457 cicatrice
1368 1411 1504 1474 quam
1525 1410 1754 1458 celerrime
1778 1413 1983 1463 obduce-

146 1488 197 1519 te
215 1506 229 1525 ,
249 1472 374 1536 quod
393 1472 656 1537 plerumque
673 1472 938 1518 facillimum
964 1473 1036 1519 est.

204 1539 251 1584 Si
270 1537 381 1600 quid
400 1537 509 1584 verb
530 1537 676 1583 callosi
698 1535 831 1584 lateat
847 1571 859 1591 ,
881 1554 1027 1603 operae
1047 1538 1240 1602 pretium
1260 1540 1320 1585 est
1340 1574 1352 1592 ‚
1372 1553 1420 1584 ut
1440 1538 1695 1603 priusquam
1717 1557 1844 1587 coeat
1865 1542 1983 1589 cicaa

149 1601 236 1648 trix
252 1635 265 1654 ,
287 1602 421 1648 callus
451 1602 522 1648 vel
553 1602 866 1666 suppuratione
894 1602 1141 1649 resolvatur
1161 1604 1232 1649 vel
1257 1603 1336 1649 usu
1369 1603 1757 1652 cathaerericorum
1778 1606 1983 1654 absumat-

147 1683 219 1712 tur
236 1700 249 1717 ‚
281 1683 337 1713 ne
355 1666 463 1712 inde
492 1683 612 1713 nova
630 1665 871 1713 succrescat
893 1685 1132 1731 porrorum
1164 1668 1390 1731 luxuries«,
1426 1668 1499 1715 vel
1517 1670 1641 1732 quod
1658 1676 1780 1736 pejus
1798 1673 1858 1718 est
1874 1706 1888 1726 ,
1926 1690 1982 1720 ne

149 1730 354 1778 derelicti
377 1730 476 1776 calli
498 1730 544 1776 in
563 1731 769 1795 phymata
787 1732 1060 1792 radicentur.

216 1804 278 1857 30.
319 1799 378 1841 Ea
400 1795 498 1841 sane
522 1794 762 1842 methodus
791 1796 1013 1842 utilissima
1032 1830 1044 1848 ‚
1074 1796 1250 1858 quoties
1281 1797 1423 1860 porris
1442 1797 1719 1861 longioribus
1740 1834 1751 1852 ‚
1774 1801 1852 1863 qui
1883 1801 1985 1849 duri

149 1863 196 1906 δέ
217 1859 364 1906 callosi
383 1859 464 1906 fint
484 1893 497 1913 ‚
532 1861 605 1908 vel
626 1861 760 1906 cristis
781 1861 1097 1924 grandioribus
1119 1866 1164 1906 ὃς
1188 1862 1236 1906 in
1259 1863 1406 1925 plures
1429 1861 1608 1909 lacinias
1628 1865 1776 1912 divisis
1794 1867 1986 1914 meden-

149 1925 258 1971 dum
275 1926 360 1977 est,
383 1926 599 1989 quoniam
620 1943 675 1972 eo
695 1928 822 1989 pasto
845 1926 935 1972 levi
955 1925 1165 1988 facilique
1186 1925 1402 1973 incifione
1418 1927 1540 1974 horae
1561 1947 1791 1976 momento
1812 1930 1989 1978 obtine‘

148 2006 196 2037 re
215 1991 274 2036 est
292 2023 305 2042 ‚
326 1989 450 2053 quod
469 1990 669 2054 alioquin
690 1990 882 2054 repetito
904 1990 1127 2036 acriorum
1150 1990 1535 2038 cathaeretieorum
1556 1993 1632 2039 usu
1654 1994 1727 2040 vix
1747 1994 1895 2041 forsan
1916 1997 1987 2041 in-

152 2069 218 2100 tra
248 2054 388 2118 plures
407 2054 502 2100 dies
523 2054 816 2101 conficeretur
836 2073 937 2101 cum
958 2054 1126 2101 summa
1157 2058 1410 2118 aegrotantis
1429 2057 1624 2104 molestia
1646 2077 1726 2104 nec
1749 2060 1776 2104 fi
1785 2078 1838 2106 ne
1857 2062 1986 2123 gravi

149 2118 514 2165 inflammationis
536 2119 735 2184 periculo
759 2139 768 2165 :
804 2120 944 2166 Pori-b
963 2120 1237 2166 detruncatis
1257 2121 1392 2167 semel
1412 2123 1724 2169 excrescentiis
1745 2123 1832 2170 basi
1859 2127 1984 2172 caute

150 2183 514 2249 prospiciendum
546 2187 634 2237 est,
665 2201 811 2248 neque
841 2185 1192 2248 permittendum
1225 2203 1421 2247 unquam
1452 2202 1499 2232 ut
1531 2190 1792 2251 praemature
1824 2207 1982 2245 coeat,

151 2249 352 2296 nondum
376 2248 579 2296 resolutis
594 2283 606 2301 ‚
630 2249 875 2314 suppuratis
895 2283 906 2302 ‚
927 2250 1137 2296 emollitis
1158 2250 1230 2296 vel
1249 2250 1490 2312 absumptis
1511 2253 1630 2298 callis
1650 2253 1872 2300 omnibus.

209 2322 279 2372 40.
317 2313 405 2360 Sed
424 2314 662 2361 methodus
685 2314 843 2360 eadem
863 2312 961 2360 satis
982 2314 1222 2360 commoda
1247 2332 1528 2377 nequaquam
1549 2317 1728 2363 videtur
1747 2352 1760 2370 ,
1782 2320 1984 2381 quoties*

151 2396 328 2442 cunque
347 2378 659 2425 excrescentiae
677 2379 865 2424 humiles
885 2378 1206 2442 brevioresque
1225 2397 1307 2426 nec
1329 2379 1481 2441 digitis
1500 2379 1705 2445 suspendi
1723 2416 1735 2434 ‚
1761 2401 1842 2444 nec
1865 2384 1983 2430 radi-

152 2443 266 2488 citus
293 2443 495 2489 exscindi
515 2442 690 2507 possunt
710 2461 721 2495 3
741 2442 1034 2505 quamobrem
1056 2445 1221 2507 praestat
1240 2444 1293 2490 ad
1315 2444 1697 2492 carhaeretieorum
1729 2445 1852 2493 usum
1877 2465 1985 2494 con-

153 2506 312 2570 fugere
332 2540 344 2559 ,
364 2524 459 2570 quae
475 2508 620 2571 porris
635 2541 646 2559 ‚
665 2508 860 2554 verrucis
881 2541 894 2559 ‚
922 2508 1247 2569 condylomatis
1265 2510 1378 2555 illita
1403 2511 1472 2556 vel
1497 2510 1675 2556 admota
1694 2545 1706 2563 ,
1730 2527 1822 2557 non
1846 2511 1987 2559 modi>

155 2571 562 2618 excrescentiarum
598 2571 798 2635 fastigia,
832 2589 927 2635 quae
962 2572 1247 2635 prominent,
1280 2574 1579 2626 detruncant,
1614 2575 1688 2621 sed
1725 2578 1986 2624 earumdem

155 2637 326 2684 radices
346 2635 547 2683 funditus
569 2637 788 2701 extirpant
805 2670 819 2689 ,
848 2643 893 2683 δέ
909 2636 1067 2701 quibus
1086 2637 1197 2684 adei>
1216 2656 1297 2686 nec
1320 2639 1483 2686 certius
1503 2657 1585 2686 nec
1606 2638 1825 2687 efficacius
1848 2642 1985 2706 quid-

156 2718 290 2764 quam
320 2718 540 2747 novmius,
1403 2727 1405 2729 ·

219 2774 280 2826 ς’).
315 2771 434 2812 Inter
457 2782 610 2811 caetera
630 2765 817 2811 minoris
838 2783 952 2812 notae
973 2765 1051 2812 usu
1072 2766 1370 2832 probatissima
1391 2767 1490 2813 sunt
1511 2773 1555 2814 &
1576 2767 1865 2834 receptiffima
1884 2774 1985 2838 pul-

155 2828 223 2875 vis
244 2846 296 2876 ex
317 2830 484 2876 duabus
503 2830 662 2876 sabince
695 2832 931 2893 pulveratae
949 2831 1146 2895 partibus
1168 2837 1212 2877 ὃς
1233 2832 1320 2876 una
1349 2833 1495 2877 ochrae
1513 2851 1523 2884 3
1545 2833 1690 2896 pulvis
1710 2836 1881 2882 vitrioli
1910 2856 1985 2899 cy*

2070 668 2226 709 Externa

2021 720 2232 759 excrescen-

2022 772 2156 809 tiarum
2171 773 2253 813 the·

2024 825 2156 875 xapeia²

191 2894 271 2946 rii3
306 2893 450 2957 pulvis
473 2911 525 2941 ex
553 2895 790 2957 aequalibus
818 2897 1035 2940 Mercurii
1063 2894 1186 2966 rubri
1206 2896 1466 2959 praecipitati
1484 2930 1496 2947 ,
1524 2898 1728 2944 aluminis
1746 2901 1823 2945 usti
1844 2907 1888 2947 δέ
1911 2902 1985 2949 sa·-
2033 2896 2037 2900 ⁴

156 2910 271 3004 bime
288 2958 534 3022 -pulveratae
558 2958 779 3013 partibu53
800 2959 942 3022 pulvis
965 2959 1184 3005 Mercurii
1204 2961 1464 3024 praecipitati
1487 2959 1609 3006 rubri
1630 2961 1742 3008 solus
1756 2997 1769 3015 ‚
1789 2966 1859 3012 vel
1880 2985 1984 3013 cum

156 3023 312 3086 aequali
339 3038 463 3087 parte
492 3019 748 3087 praecipitati
774 3024 991 3069 Mercurii
1021 3023 1110 3069 albi
1131 3029 1217 3070 &c.
1234 3040 1331 3087 quae
1353 3023 1521 3088 singula
1547 3027 1689 3086 porris
1716 3033 1761 3074 &
1788 3033 1984 3079 verrucis

155 3087 293 3134 saliva
317 3086 435 3153 prius
456 3086 710 3134 madefactis
731 3087 1071 3151 insperguntur,
1098 3088 1169 3135 vel
1198 3086 1362 3150 butyro
1390 3106 1462 3136 aut
1490 3108 1721 3154 unguento
1751 3091 1987 3144 basilicone-

156 3168 340 3217 excepta
360 3155 460 3198 cum
477 3152 720 3201 linamento
738 3152 899 3202 iisdem
918 3153 1218 3208 admoventur
1235 3187 1250 3211 ,
1274 3154 1421 3203 donec
1441 3155 1660 3213 eKficcatae
1679 3159 1984 3211 excrescentiae

151 3215 319 3281 sponte
337 3217 563 3270 decidant,

1612 3288 1717 3336 Nn
1759 3286 1794 3351 ij
