2477 3643
160 1321 211 1358 X.
232 1320 394 1359 Tremor

157 1384 308 1410 artuum
341 1373 358 1409 ἓ]

159 1425 270 1462 causa
287 1438 391 1465 vene-

158 1477 234 1516 tea.

178 1886 188 1894 ἱ
218 1836 304 1884 Qui
329 1848 391 1875 ra·

157 1897 254 1926 tione
269 1901 393 1928 curan-

161 1939 228 1981 dus
246 1939 300 1979 fit.

181 3205 283 3249 „XL
311 3204 403 3242 Alc-

425 128 523 185 408
787 129 895 173 DE
955 125 1325 174 MORBIS
1390 122 1897 173 VENEREIS.

498 209 563 249 20.
591 202 767 257 Juscula
795 222 848 252 ex
870 203 1063 250 decoctis
1092 204 1141 248 in
1169 203 1321 267 diploo
1355 204 1519 268 viperis
1550 205 1623 252 vel
1644 203 1837 251 colubris
1859 222 1961 251 cum
1978 206 2097 270 gallo
2115 202 2268 260 veteri?

431 267 688 334 additisque
709 269 827 316 foliis
843 269 1039 316 nasturtii
1056 302 1068 320 ,
1085 267 1281 314 fumariae
1300 274 1385 313 &c.
1409 274 1453 315 &
1472 268 1618 316 rasura
1637 287 1778 317 cornu
1799 271 1946 325 cervi,
1965 290 2061 336 quae
2080 291 2157 339 per
2169 275 2268 322 dies

435 332 600 397 viginti
619 335 793 399 possunt
815 333 1008 397 usurpari
1033 350 1133 378 cum
1151 333 1392 395 regimine.

501 406 564 460 3⁰.
598 400 758 447 Balnea
772 434 785 452 ‚
803 396 1065 445 embroches
1079 431 1091 448 ,
1112 397 1333 444 stillicidia
1368 415 1582 461 aquarum
1602 397 1886 446 thermalium
1902 434 1914 453 ,
1929 401 2018 449 five
2048 420 2144 466 quae
2168 421 2266 451 mu-

432 462 600 511 ‘riaticae
636 465 732 511 sunt
746 498 758 516 ,
776 480 823 508 ut
842 466 895 508 les
918 479 1025 507 caux
1044 461 1091 506 de
1111 462 1299 508 Bourbon
1316 501 1330 516 ,
1352 464 1399 508 de
1413 467 1597 510 Balaruc
1636 469 1723 509 &c.
1743 464 1832 513 five
1859 484 1952 532 quae
1970 466 2168 516 sulfureae
2181 502 2195 523 ‚
2218 485 2267 516 ut

437 530 498 576 les
519 547 626 576 caux
644 530 695 575 de
714 527 952 575 Bonrlaonne
969 563 984 578 ,
1003 531 1179 589 Bareges
1193 565 1207 580 ,
1220 528 1603 592 Aix-la·Chapelle
1621 534 1708 575 &c.

497 603 564 651 40.
598 590 909 639 Ammochosia
926 589 1134 642 ,inseffus
1164 591 1211 636 in
1244 592 1439 639 vinaceis
1469 592 1815 641 fermentatione
1841 595 2087 643 calentibus
2105 613 2208 651 ‚aut
2235 597 2266 644 fi

433 656 636 722 suppetat
655 658 700 702 in
730 656 832 703 faece
853 671 1031 720 tepente
1052 656 1275 702 olivarum
1292 658 1417 721 prelo
1439 657 1758 723 suppositarum
1774 693 1786 711 ,
1820 661 1940 706 unde
1972 677 2065 707 tum
2085 664 2231 710 calore
2248 695 2263 716 ‚

439 737 533 768 tum
554 721 744 786 partium
764 720 978 768 tenuitate
1014 719 1157 766 solent
1193 720 1343 768 obices
1358 756 1369 774 ,
1392 722 1467 785 qui
1497 723 1645 769 nervis
1661 723 1916 787 partibusve
1934 725 2111 799 impasti
2142 726 2270 793 spiri-

432 801 562 832 tuum
578 785 765 833 influxui
783 785 987 832 officiunt
1002 819 1014 837 ‚
1034 784 1131 831 satis
1148 785 1339 832 feliciter
1354 787 1616 851 plerumque
1634 788 1812 835 resolvi.

499 860 559 913 50.
587 850 781 897 Dei-num
799 851 934 896 illitus
950 851 1060 896 varii
1079 851 1405 915 &multiplices
1424 870 1524 898 cum
1539 853 1727 917 axungia
1741 852 1904 900 anseris
1921 887 1934 906 ,
1955 853 2164 919 serpentis
2179 888 2190 908 ‚
2207 871 2270 903 ta·-

437 914 483 961 xi
501 949 511 967 ,
529 916 670 980 vulpis
691 935 702 970 3
723 915 915 962 humana
930 915 1058 980 adipe
1078 934 1088 968 3
1110 915 1212 962 oleo
1234 917 1419 980 vulpino
1437 951 1449 970 ,
1471 918 1796 964 lumbricorum
1815 952 1828 971 ,
1849 935 2029 966 rutaceo
2050 953 2063 972 ‚
2081 918 2269 966 chamae-

436 981 607 1026 melino
621 1015 632 1032 ‚
652 981 825 1027 lautino
842 1015 853 1032 ,
875 980 1070 1026 lateritio
1090 980 1177 1027 five
1197 980 1566 1046 philosophorum
1581 1017 1594 1037 ‚
1614 983 1809 1030 balsamo
1822 984 2064 1042 Quidoni&
2080 982 2273 1038 caeteris-⁴

437 1063 524 1109 que
548 1047 595 1092 id
610 1063 748 1111 genus
762 1080 775 1101 ‚
797 1063 891 1111 quae
914 1044 991 1091 usu
1008 1045 1300 1111 receptiffima
1319 1047 1430 1093 sunt.

781 1186 820 1235 ς.
882 1180 939 1222 Χ.
1003 1178 1415 1225 TREMOR
1497 1181 1930 1227 ARTUUM.

497 1308 557 1351 X.
586 1305 827 1353 Geminum
857 1323 1099 1355 tremorem
1133 1322 1308 1353 artuum
1333 1306 1597 1371 agnovimus
1626 1307 1754 1372 supra
1788 1314 1897 1373 Cap.
1931 1329 1962 1370 3.
1994 1320 2030 1367 ς.
2067 1326 2106 1365 9.
2135 1314 2200 1352 κο.
2222 1320 2269 1367 9.’

437 1370 642 1418 Alterum
662 1404 674 1423 ,
694 1372 740 1417 in
759 1390 849 1435 quo
870 1390 965 1437 pars
980 1373 1163 1419 tremori
1184 1372 1381 1418 obnoxia
1401 1371 1561 1419 debilis
1581 1375 1639 1420 est
1658 1393 1666 1418 :
1688 1373 1888 1419 Alterum
1905 1407 1916 1424 ,
1933 1373 1978 1418 in
1994 1391 2082 1435 quo
2100 1371 2268 1420 robore

435 1433 515 1481 suo
534 1437 686 1500 pollet.
725 1440 982 1501 Utrumque
1016 1437 1329 1500 hydrargyrosr
1348 1436 1563 1501 superesse
1587 1438 1707 1484 haud
1726 1456 1875 1484 rarum
1896 1439 1954 1484 est
1972 1471 1985 1491 ,
2011 1437 2086 1486 sed
2114 1454 2266 1484 rarum

435 1501 495 1546 est
511 1502 649 1547 ullum
666 1502 876 1548 remediis
893 1503 1090 1566 unquam
1108 1502 1301 1567 perfecie
1326 1502 1481 1550 sanari.

507 1566 634 1612 Prior
656 1566 840 1630 quidem
857 1601 869 1619 ‚
892 1568 991 1613 cum
1016 1566 1171 1613 natura
1192 1573 1235 1613 δέ
1267 1567 1391 1614 causi
1420 1567 1475 1612 ad
1513 1565 1740 1628 paralysim
1772 1566 1972 1631 proxime
2005 1566 2187 1614 accedat
2204 1601 2216 1620 ‚
2243 1567 2268 1614 εὶ

435 1630 523 1695 qua
543 1630 638 1678 solo
658 1631 800 1695 gradu
815 1631 966 1680 differt
983 1667 995 1685 ,
1013 1638 1057 1678 &
1077 1632 1266 1695 quacum
1289 1638 1333 1678 ὃς
1361 1631 1468 1678 dum
1495 1630 1669 1676 invadit
1690 1665 1701 1683 ‚
1726 1637 1770 1678 ὃς
1811 1631 1919 1677 dum
1952 1632 2109 1678 definit
2129 1665 2143 1684 ‚
2175 1633 2272 1696 ple-

432 1713 624 1760 rumque
660 1698 872 1761 conjungi
888 1697 1027 1750 solet,
1048 1697 1208 1744 iisdem
1230 1696 1439 1744 remediis
1458 1696 1785 1761 impugnandus
1812 1698 1871 1744 est
1886 1731 1898 1751 ‚
1938 1695 2101 1761 quibus
2130 1696 2270 1761 ipsam

433 1761 666 1827 paralysim
683 1762 935 1826 impugnari
963 1762 1102 1809 modo
1130 1763 1337 1808 diximus.

484 1830 556 1880 De
571 1827 814 1892 posteriore
829 1828 1035 1892 vero‚qui
1050 1844 1143 1874 tum
1162 1829 1184 1872 a
1203 1825 1543 1874 vehementiore
1562 1824 1821 1871 arteriarum
1835 1823 2197 1889 pulsatione‚tum
2214 1826 2270 1874 ab

431 1891 678 1938 immodica
696 1892 960 1939 fibrillarum
991 1911 1258 1939 nervearum
1281 1891 1541 1939 distensione
1560 1890 1787 1954 dependet
1807 1924 1820 1943 ,
1852 1891 1990 1953 magis
2010 1891 2268 1954 ambigitur.

437 1958 552 2004 Sane
581 1955 610 2000 fi
632 1957 834 2003 audiatur
871 1959 1169 2004 PraCticorum
1191 1957 1319 2003 turba
1340 1991 1351 2009 ‚
1373 1955 1497 2002 nefas
1527 1951 1611 2002 esse
1635 1955 1893 2001 crederetur
1920 1956 2127 2002 adversus
2155 1957 2269 2003 hanc

435 2020 646 2067 tremoris
665 2021 855 2083 speciem
883 2022 966 2067 alia
989 2022 1196 2085 usurpare
1228 2021 1426 2066 remedia
1449 2036 1607 2084 praeter
1632 2019 1832 2066 volatilia
1849 2052 1861 2070 ‚
1883 2019 2112 2083 spirituosa
2128 2053 2140 2072 ‚
2170 2039 2272 2067 aro-

435 2086 599 2133 marica
622 2089 709 2130 &c-
729 2102 921 2148 quorum
942 2084 1184 2131 numerosae
1203 2084 1403 2130 formulae
1423 2084 1582 2128 nullibi
1601 2100 1691 2128 non
1708 2084 1915 2145 prostant.
1951 2084 2037 2130 Sed
2058 2084 2156 2130 cum
2175 2086 2267 2133 haec

435 2167 680 2198 nervorum
699 2164 855 2195 tonum
875 2155 919 2195 δε
938 2150 1226 2196 erethismum
1242 2183 1254 2200 ,
1273 2149 1624 2210 arteriarumque
1641 2146 1814 2211 pulsum
1830 2149 2100 2212 magnopere
2119 2149 2268 2197 inten-

439 2216 574 2267 dant,
616 2214 887 2277 consequens
919 2216 978 2261 est
1006 2232 1169 2260 noxam
1198 2214 1304 2260 inde
1336 2213 1507 2258 illatum
1537 2213 1620 2264 iri,
1653 2211 1820 2258 nedum
1851 2212 2056 2260 levamen
2096 2214 2266 2269 ullum,

433 2281 496 2329 de
524 2297 614 2344 quo
628 2278 719 2343 ipsa
737 2297 917 2342 quoque
934 2280 1207 2344 experientia
1227 2276 1459 2324 nobiscum
1477 2278 1625 2342 aperte
1644 2276 1878 2322 consentit.

502 2344 731 2404 Quocirca
761 2343 890 2390 satius
915 2346 973 2390 est
990 2344 1209 2391 methodo
1230 2344 1358 2408 plane
1385 2342 1608 2388 contraria
1629 2359 1680 2388 ea
1702 2341 1913 2387 adhibere
1939 2341 2233 2391 medicamina
2253 2378 2267 2399 ‚

438 2427 535 2475 quae
561 2426 722 2455 nervos
742 2408 1010 2472 arteriasque
1036 2410 1229 2456 relaxent
1259 2415 1302 2454 δε
1332 2408 1564 2454 emolliant
1583 2440 1595 2459 ‚
1623 2423 1671 2452 ac
1697 2406 2025 2452 circulator-ium
2048 2407 2270 2472 sanguinis

440 2491 616 2523 motum
641 2490 937 2538 promoveant
973 2474 1187 2520 diluendo
1211 2479 1255 2520 δέ
1291 2472 1563 2519 attenuando
1589 2505 1602 2524 ‚
1632 2487 1765 2534 atque
1796 2470 1909 2517 adeo
1935 2473 2269 2535 aequabiliorem

441 2539 637 2587 efficiant
674 2543 719 2584 δε
749 2537 1028 2591 faciliorem,
1048 2556 1208 2603 nempe
1239 2538 1402 2600 juscula
1433 2536 1648 2583 diluentia
1667 2569 1680 2588 ,
1698 2535 1854 2583 balnea
1883 2534 1930 2580 in
1960 2538 2267 2603 aquatepida,

442 2605 586 2652 serum
609 2604 727 2649 lactis
746 2603 1052 2664 chalybeatum
1065 2638 1077 2656 ,
1097 2620 1227 2667 aquas
1244 2601 1475 2649 minerales
1494 2600 1685 2648 acidulas
1700 2634 1712 2653 ‚
1730 2617 1970 2663 caeteraque
1991 2601 2267 2656 istiusmodi,

441 2688 538 2734 quae
570 2686 670 2714 cum
691 2668 999 2714 blandioribus
1022 2667 1320 2733 aperientibus
1340 2672 1386 2713 δε
1413 2664 1714 2712 incidentibus
1735 2683 1788 2711 ex
1811 2668 1984 2717 Marte,
2003 2668 2231 2715 Mercurio
2250 2701 2266 2721 ,

442 2732 982 2796 Antimonio‘praeparatis
1001 2732 1250 2779 maritanda
1271 2732 1383 2778 sunt.
1416 2731 1483 2776 Sic
1503 2731 1621 2776 enim
1643 2730 1729 2775 una
1749 2730 1994 2792 eademque
2010 2732 2144 2795 opera
2160 2733 2266 2778 utri-

442 2817 531 2864 que
559 2795 708 2843 morbi
739 2797 870 2842 causae
902 2797 1025 2843 fimul
1054 2797 1303 2844 occurritur
1331 2831 1343 2849 ‚
1378 2811 1509 2858 atque
1543 2794 1594 2841 ea
1624 2794 1847 2858 therapeia
1872 2794 2083 2848 morbus,
2111 2796 2141 2841 si
2173 2815 2268 2844 non

444 2864 702 2920 evincatur,
723 2862 845 2924 quod
867 2861 1039 2925 sperare
1058 2863 1133 2910 vix
1154 2863 1258 2908 licet
1273 2895 1286 2915 ‚
1307 2878 1348 2907 at
1375 2859 1530 2907 saltem
1557 2859 1788 2923 frangetur
1815 2864 1860 2906 <Sc
1880 2859 2170 2909 imminuetur
2185 2895 2199 2916 ,
2219 2876 2269 2918 ut,

440 2928 558 2983 ,mihi
582 2943 676 2974 non
700 2925 833 2975 semel
853 2925 1045 2977 feliciter
1066 2927 1257 2993 experiri
1275 2925 1477 2990 contigit.

940 3068 978 3117 ς.
1054 3054 1763 3103 XI.ALOP·EC1A.

508 3191 555 3237 X
572 3192 605 3237 Ι.
635 3185 879 3251 Alopecia,
910 3184 942 3234 si
974 3185 1235 3249 capillititun
1256 3185 1398 3235 solum
1417 3182 1590 3233 infestet
1607 3216 1622 3254 3
1641 3184 1744 3235 leve
1772 3184 1938 3235 malum
1966 3185 2025 3232 est
2044 3217 2055 3235 ‚
2090 3201 2143 3230 ex
2162 3200 2265 3295 k{fluo

2004 3264 2158 3311 perere
2197 3262 2261 3308 urg
