<?xml version="1.0" encoding="UTF-8"?>
<!DOCTYPE html PUBLIC "-//W3C//DTD XHTML 1.0 Transitional//EN"
    "http://www.w3.org/TR/xhtml1/DTD/xhtml1-transitional.dtd">
<html xmlns="http://www.w3.org/1999/xhtml" xml:lang="en" lang="en">
 <head>
  <title>
</title>
<meta http-equiv="Content-Type" content="text/html;charset=utf-8" />
  <meta name='ocr-system' content='tesseract 3.04.00' />
  <meta name='ocr-capabilities' content='ocr_page ocr_carea ocr_par ocr_line ocrx_word'/>
</head>
<body>
  <div class='ocr_page' id='page_1' title='image "./demorbisvenereis00astr_0125.png"; bbox 0 0 2477 3643; ppageno 0'>
   <div class='ocr_carea' id='block_1_1' title="bbox 624 167 1969 227">
    <p class='ocr_par' dir='ltr' id='par_1_1' title="bbox 624 167 1969 227">
     <span class='ocr_line' id='line_1_1' title="bbox 624 167 1969 227; baseline -0.004 -12"><span class='ocrx_word' id='word_1_1' title='bbox 624 167 1539 216; x_wconf 64' lang='lat' dir='ltr'>L132n11.CA1=0111.</span> <span class='ocrx_word' id='word_1_2' title='bbox 1910 174 1969 227; x_wconf 77' lang='lat'>89</span> 
     </span>
    </p>
   </div>
   <div class='ocr_carea' id='block_1_2' title="bbox 142 249 1970 756">
    <p class='ocr_par' dir='ltr' id='par_1_2' title="bbox 142 249 1970 444">
     <span class='ocr_line' id='line_1_2' title="bbox 142 249 1966 319; baseline -0.004 -13"><span class='ocrx_word' id='word_1_3' title='bbox 142 256 221 306; x_wconf 82' lang='lat' dir='ltr'>bus</span> <span class='ocrx_word' id='word_1_4' title='bbox 253 255 361 304; x_wconf 74' lang='lat' dir='ltr'>verb</span> <span class='ocrx_word' id='word_1_5' title='bbox 396 251 709 319; x_wconf 86' lang='lat' dir='ltr'>posterioribus</span> <span class='ocrx_word' id='word_1_6' title='bbox 739 250 1051 298; x_wconf 81' lang='lat' dir='ltr'>difficillimam</span> <span class='ocrx_word' id='word_1_7' title='bbox 1073 285 1087 304; x_wconf 83' lang='lat'>‚</span> <span class='ocrx_word' id='word_1_8' title='bbox 1135 249 1420 297; x_wconf 73' lang='lat' dir='ltr'>tardissimam</span> <span class='ocrx_word' id='word_1_9' title='bbox 1446 283 1459 302; x_wconf 85' lang='lat'><em>‚</em></span> <span class='ocrx_word' id='word_1_10' title='bbox 1495 249 1752 296; x_wconf 67' lang='lat' dir='ltr'>rarissimam</span> <span class='ocrx_word' id='word_1_11' title='bbox 1791 252 1966 301; x_wconf 79' lang='lat' dir='ltr'>rarione</span> 
     </span>
     <span class='ocr_line' id='line_1_3' title="bbox 143 314 1970 381; baseline -0.003 -12"><span class='ocrx_word' id='word_1_12' title='bbox 143 320 390 373; x_wconf 61' lang='lat' dir='ltr'>contraria,</span> <span class='ocrx_word' id='word_1_13' title='bbox 422 318 527 381; x_wconf 86' lang='lat' dir='ltr'>quia</span> <span class='ocrx_word' id='word_1_14' title='bbox 554 316 773 364; x_wconf 64' lang='lat' dir='ltr'>traductio</span> <span class='ocrx_word' id='word_1_15' title='bbox 802 317 965 363; x_wconf 86' lang='lat' dir='ltr'>veneni</span> <span class='ocrx_word' id='word_1_16' title='bbox 1001 318 1170 362; x_wconf 84' lang='lat' dir='ltr'>incerta</span> <span class='ocrx_word' id='word_1_17' title='bbox 1190 348 1202 367; x_wconf 85' lang='lat'>‚</span> <span class='ocrx_word' id='word_1_18' title='bbox 1238 314 1387 367; x_wconf 83' lang='lat' dir='ltr'>lenta,</span> <span class='ocrx_word' id='word_1_19' title='bbox 1409 332 1547 379; x_wconf 84' lang='lat' dir='ltr'>panca</span> <span class='ocrx_word' id='word_1_20' title='bbox 1579 316 1637 365; x_wconf 89' lang='lat' dir='ltr'>est</span> <span class='ocrx_word' id='word_1_21' title='bbox 1658 348 1671 369; x_wconf 93' lang='lat'>,</span> <span class='ocrx_word' id='word_1_22' title='bbox 1700 315 1970 381; x_wconf 72' lang='lat' dir='ltr'>potissimum</span> 
     </span>
     <span class='ocr_line' id='line_1_4' title="bbox 143 379 1530 444; baseline -0.008 -9"><span class='ocrx_word' id='word_1_23' title='bbox 143 387 252 435; x_wconf 72' lang='lat' dir='ltr'>verb</span> <span class='ocrx_word' id='word_1_24' title='bbox 272 385 302 432; x_wconf 82' lang='lat' dir='ltr'>si</span> <span class='ocrx_word' id='word_1_25' title='bbox 324 385 370 430; x_wconf 92' lang='lat' dir='ltr'>in</span> <span class='ocrx_word' id='word_1_26' title='bbox 395 383 623 429; x_wconf 87' lang='lat' dir='ltr'>duriorem</span> <span class='ocrx_word' id='word_1_27' title='bbox 646 381 921 444; x_wconf 78' lang='lat' dir='ltr'>&amp;integram</span> <span class='ocrx_word' id='word_1_28' title='bbox 943 397 1089 427; x_wconf 85' lang='lat' dir='ltr'>cutem</span> <span class='ocrx_word' id='word_1_29' title='bbox 1107 379 1267 426; x_wconf 86' lang='lat' dir='ltr'>debeat</span> <span class='ocrx_word' id='word_1_30' title='bbox 1287 379 1530 425; x_wconf 77' lang='lat' dir='ltr'>introduci.</span> 
     </span>
    </p>

    <p class='ocr_par' dir='ltr' id='par_1_3' title="bbox 143 442 1970 756">
     <span class='ocr_line' id='line_1_5' title="bbox 213 442 1969 512; baseline -0.002 -16"><span class='ocrx_word' id='word_1_31' title='bbox 213 458 274 512; x_wconf 82' lang='lat'>30.</span> <span class='ocrx_word' id='word_1_32' title='bbox 304 447 499 496; x_wconf 83' lang='lat' dir='ltr'>Proinde</span> <span class='ocrx_word' id='word_1_33' title='bbox 528 446 670 492; x_wconf 74' lang='lat' dir='ltr'>inulto</span> <span class='ocrx_word' id='word_1_34' title='bbox 699 446 843 509; x_wconf 87' lang='lat' dir='ltr'>plures</span> <span class='ocrx_word' id='word_1_35' title='bbox 866 446 937 493; x_wconf 90' lang='lat' dir='ltr'>lue</span> <span class='ocrx_word' id='word_1_36' title='bbox 965 444 1158 492; x_wconf 64' lang='lat' dir='ltr'>venerea</span> <span class='ocrx_word' id='word_1_37' title='bbox 1186 443 1309 490; x_wconf 85' lang='lat' dir='ltr'>infici</span> <span class='ocrx_word' id='word_1_38' title='bbox 1338 443 1558 508; x_wconf 75' lang='lat' dir='ltr'>prioribus</span> <span class='ocrx_word' id='word_1_39' title='bbox 1588 442 1765 490; x_wconf 90' lang='lat' dir='ltr'>duobus</span> <span class='ocrx_word' id='word_1_40' title='bbox 1796 445 1969 498; x_wconf 86' lang='lat' dir='ltr'>modis,</span> 
     </span>
     <span class='ocr_line' id='line_1_6' title="bbox 143 507 1968 579; baseline -0.004 -17"><span class='ocrx_word' id='word_1_41' title='bbox 143 516 278 579; x_wconf 70' lang='lat' dir='ltr'>quam</span> <span class='ocrx_word' id='word_1_42' title='bbox 309 513 448 560; x_wconf 89' lang='lat' dir='ltr'>tribus</span> <span class='ocrx_word' id='word_1_43' title='bbox 474 511 786 577; x_wconf 75' lang='lat' dir='ltr'>posterioribus</span> <span class='ocrx_word' id='word_1_44' title='bbox 804 545 816 563; x_wconf 90' lang='lat'>,</span> <span class='ocrx_word' id='word_1_45' title='bbox 835 511 904 557; x_wconf 89' lang='lat' dir='ltr'>cui</span> <span class='ocrx_word' id='word_1_46' title='bbox 940 511 1097 556; x_wconf 67' lang='lat' dir='ltr'>afferto</span> <span class='ocrx_word' id='word_1_47' title='bbox 1128 509 1404 573; x_wconf 81' lang='lat' dir='ltr'>experientia</span> <span class='ocrx_word' id='word_1_48' title='bbox 1432 507 1658 555; x_wconf 70' lang='lat' dir='ltr'>manifeste</span> <span class='ocrx_word' id='word_1_49' title='bbox 1675 507 1934 572; x_wconf 73' lang='lat' dir='ltr'>suffragatur</span> <span class='ocrx_word' id='word_1_50' title='bbox 1955 543 1968 562; x_wconf 87' lang='lat'>,</span> 
     </span>
     <span class='ocr_line' id='line_1_7' title="bbox 145 573 1968 627; baseline -0.004 -1"><span class='ocrx_word' id='word_1_51' title='bbox 145 579 246 626; x_wconf 75' lang='lat' dir='ltr'>cuin</span> <span class='ocrx_word' id='word_1_52' title='bbox 265 580 431 626; x_wconf 89' lang='lat' dir='ltr'>constet</span> <span class='ocrx_word' id='word_1_53' title='bbox 456 576 530 623; x_wconf 85' lang='lat' dir='ltr'>vix</span> <span class='ocrx_word' id='word_1_54' title='bbox 552 594 691 622; x_wconf 88' lang='lat' dir='ltr'>unum</span> <span class='ocrx_word' id='word_1_55' title='bbox 705 576 952 622; x_wconf 78' lang='lat' dir='ltr'>alterumve</span> <span class='ocrx_word' id='word_1_56' title='bbox 974 573 1215 621; x_wconf 78' lang='lat' dir='ltr'>basiatione</span> <span class='ocrx_word' id='word_1_57' title='bbox 1236 609 1249 627; x_wconf 92' lang='lat'>,</span> <span class='ocrx_word' id='word_1_58' title='bbox 1270 573 1424 619; x_wconf 86' lang='lat' dir='ltr'>cubitu</span> <span class='ocrx_word' id='word_1_59' title='bbox 1444 607 1456 626; x_wconf 89' lang='lat'>‚</span> <span class='ocrx_word' id='word_1_60' title='bbox 1475 575 1636 619; x_wconf 51' lang='lat' dir='ltr'>attactu</span> <span class='ocrx_word' id='word_1_61' title='bbox 1657 574 1968 626; x_wconf 83' lang='lat' dir='ltr'>contaminari,</span> 
     </span>
     <span class='ocr_line' id='line_1_8' title="bbox 146 637 1970 708; baseline -0.004 -18"><span class='ocrx_word' id='word_1_62' title='bbox 146 645 254 690; x_wconf 90' lang='lat' dir='ltr'>dum</span> <span class='ocrx_word' id='word_1_63' title='bbox 281 643 408 708; x_wconf 87' lang='lat' dir='ltr'>supra</span> <span class='ocrx_word' id='word_1_64' title='bbox 427 642 549 687; x_wconf 89' lang='lat' dir='ltr'>mille</span> <span class='ocrx_word' id='word_1_65' title='bbox 579 640 676 686; x_wconf 80' lang='lat' dir='ltr'>sunt</span> <span class='ocrx_word' id='word_1_66' title='bbox 694 675 705 693; x_wconf 85' lang='lat'><em>,</em></span> <span class='ocrx_word' id='word_1_67' title='bbox 725 641 801 705; x_wconf 86' lang='lat' dir='ltr'>qui</span> <span class='ocrx_word' id='word_1_68' title='bbox 826 641 991 689; x_wconf 85' lang='lat' dir='ltr'>eodem</span> <span class='ocrx_word' id='word_1_69' title='bbox 1012 639 1224 703; x_wconf 83' lang='lat' dir='ltr'>temporis</span> <span class='ocrx_word' id='word_1_70' title='bbox 1250 638 1492 686; x_wconf 79' lang='lat' dir='ltr'>intervallo</span> <span class='ocrx_word' id='word_1_71' title='bbox 1514 637 1698 690; x_wconf 53' lang='lat' dir='ltr'>helam,</span> <span class='ocrx_word' id='word_1_72' title='bbox 1716 637 1792 686; x_wconf 85' lang='lat' dir='ltr'>sed</span> <span class='ocrx_word' id='word_1_73' title='bbox 1808 638 1970 701; x_wconf 64' lang='lat' dir='ltr'>potiti}-</span> 
     </span>
     <span class='ocr_line' id='line_1_9' title="bbox 143 705 995 756; baseline -0.006 -1"><span class='ocrx_word' id='word_1_74' title='bbox 143 708 267 755; x_wconf 73' lang='lat' dir='ltr'>mum</span> <span class='ocrx_word' id='word_1_75' title='bbox 286 724 484 756; x_wconf 88' lang='lat' dir='ltr'>venereo</span> <span class='ocrx_word' id='word_1_76' title='bbox 504 705 747 753; x_wconf 79' lang='lat' dir='ltr'><strong>concubitu</strong></span> <span class='ocrx_word' id='word_1_77' title='bbox 768 706 995 754; x_wconf 76' lang='lat' dir='ltr'><strong>vitientur.</strong></span> 
     </span>
    </p>
   </div>
   <div class='ocr_carea' id='block_1_3' title="bbox 485 909 1631 1103">
    <p class='ocr_par' dir='ltr' id='par_1_4' title="bbox 485 909 1631 1103">
     <span class='ocr_line' id='line_1_10' title="bbox 713 909 1430 965; baseline 0.001 -3"><span class='ocrx_word' id='word_1_78' title='bbox 713 910 761 962; x_wconf 90' lang='lat' dir='ltr'>C</span> <span class='ocrx_word' id='word_1_79' title='bbox 822 913 870 963; x_wconf 94' lang='lat' dir='ltr'>A</span> <span class='ocrx_word' id='word_1_80' title='bbox 932 913 969 965; x_wconf 88' lang='lat' dir='ltr'>P</span> <span class='ocrx_word' id='word_1_81' title='bbox 1032 913 1082 965; x_wconf 91' lang='lat' dir='ltr'>U</span> <span class='ocrx_word' id='word_1_82' title='bbox 1144 909 1194 962; x_wconf 94' lang='lat' dir='ltr'>T</span> <span class='ocrx_word' id='word_1_83' title='bbox 1298 911 1323 964; x_wconf 93' lang='lat'>1</span> <span class='ocrx_word' id='word_1_84' title='bbox 1389 912 1430 963; x_wconf 89' lang='grc' dir='ltr'>Ι.</span> 
     </span>
     <span class='ocr_line' id='line_1_11' title="bbox 485 1010 1631 1103; baseline -0.003 -20"><span class='ocrx_word' id='word_1_85' title='bbox 485 1031 645 1103; x_wconf 73' lang='lat' dir='ltr'>Qid</span> <span class='ocrx_word' id='word_1_86' title='bbox 660 1010 735 1099; x_wconf 55' lang='lat' dir='ltr'>fit</span> <span class='ocrx_word' id='word_1_87' title='bbox 774 1034 917 1082; x_wconf 77' lang='lat' dir='ltr'>virus</span> <span class='ocrx_word' id='word_1_88' title='bbox 947 1049 1209 1084; x_wconf 82' lang='lat' dir='ltr'>venereum</span> <span class='ocrx_word' id='word_1_89' title='bbox 1248 1027 1307 1090; x_wconf 61' lang='grc' dir='ltr'><em>ὠ</em></span> <span class='ocrx_word' id='word_1_90' title='bbox 1345 1030 1491 1103; x_wconf 83' lang='lat' dir='ltr'>quale</span> <span class='ocrx_word' id='word_1_91' title='bbox 1515 1027 1631 1096; x_wconf 81' lang='lat' dir='ltr'>stt?</span> 
     </span>
    </p>
   </div>
   <div class='ocr_carea' id='block_1_4' title="bbox 146 1151 1982 3286">
    <p class='ocr_par' dir='ltr' id='par_1_5' title="bbox 146 1151 1976 1606">
     <span class='ocr_line' id='line_1_12' title="bbox 301 1151 1974 1219; baseline 0.001 -18"><span class='ocrx_word' id='word_1_92' title='bbox 301 1159 365 1201; x_wconf 81' lang='lat' dir='ltr'>In</span> <span class='ocrx_word' id='word_1_93' title='bbox 384 1171 399 1199; x_wconf 89' lang='lat'>1</span> <span class='ocrx_word' id='word_1_94' title='bbox 420 1171 457 1200; x_wconf 83' lang='lat' dir='ltr'>M</span> <span class='ocrx_word' id='word_1_95' title='bbox 474 1171 502 1201; x_wconf 83' lang='lat' dir='ltr'>U</span> <span class='ocrx_word' id='word_1_96' title='bbox 520 1170 537 1198; x_wconf 91' lang='lat' dir='ltr'>s</span> <span class='ocrx_word' id='word_1_97' title='bbox 574 1153 621 1199; x_wconf 89' lang='lat' dir='ltr'>in</span> <span class='ocrx_word' id='word_1_98' title='bbox 650 1152 925 1217; x_wconf 86' lang='lat' dir='ltr'>praecedente</span> <span class='ocrx_word' id='word_1_99' title='bbox 959 1153 1101 1218; x_wconf 85' lang='lat' dir='ltr'>capite</span> <span class='ocrx_word' id='word_1_100' title='bbox 1129 1153 1314 1199; x_wconf 82' lang='lat' dir='ltr'>morbos</span> <span class='ocrx_word' id='word_1_101' title='bbox 1346 1168 1564 1198; x_wconf 88' lang='lat' dir='ltr'>venereos</span> <span class='ocrx_word' id='word_1_102' title='bbox 1592 1151 1638 1197; x_wconf 89' lang='lat' dir='ltr'>in</span> <span class='ocrx_word' id='word_1_103' title='bbox 1671 1155 1847 1219; x_wconf 60' lang='lat' dir='ltr'>Europ&amp;</span> <span class='ocrx_word' id='word_1_104' title='bbox 1869 1173 1974 1202; x_wconf 83' lang='lat' dir='ltr'>con-</span> 
     </span>
     <span class='ocr_line' id='line_1_13' title="bbox 150 1158 1973 1282; baseline 0.001 -18"><span class='ocrx_word' id='word_1_105' title='bbox 150 1158 274 1276; x_wconf 89' lang='lat' dir='ltr'>V</span> <span class='ocrx_word' id='word_1_106' title='bbox 302 1219 480 1282; x_wconf 81' lang='lat' dir='ltr'>ragione</span> <span class='ocrx_word' id='word_1_107' title='bbox 503 1218 591 1264; x_wconf 64' lang='lat' dir='ltr'>sola</span> <span class='ocrx_word' id='word_1_108' title='bbox 606 1217 851 1282; x_wconf 83' lang='lat' dir='ltr'>propagari.</span> <span class='ocrx_word' id='word_1_109' title='bbox 899 1218 1111 1263; x_wconf 84' lang='lat' dir='ltr'>Dimanat</span> <span class='ocrx_word' id='word_1_110' title='bbox 1142 1235 1248 1281; x_wconf 79' lang='lat' dir='ltr'>ergo</span> <span class='ocrx_word' id='word_1_111' title='bbox 1282 1217 1337 1263; x_wconf 89' lang='lat' dir='ltr'>ab</span> <span class='ocrx_word' id='word_1_112' title='bbox 1361 1217 1486 1279; x_wconf 76' lang='lat' dir='ltr'>aegtis</span> <span class='ocrx_word' id='word_1_113' title='bbox 1506 1217 1552 1261; x_wconf 92' lang='lat' dir='ltr'>in</span> <span class='ocrx_word' id='word_1_114' title='bbox 1586 1215 1710 1264; x_wconf 86' lang='lat' dir='ltr'>sanos</span> <span class='ocrx_word' id='word_1_115' title='bbox 1739 1219 1973 1266; x_wconf 85' lang='lat' dir='ltr'>seminium</span> 
     </span>
     <span class='ocr_line' id='line_1_14' title="bbox 148 1281 1973 1347; baseline 0.001 -18"><span class='ocrx_word' id='word_1_116' title='bbox 148 1282 238 1330; x_wconf 83' lang='lat' dir='ltr'>sive</span> <span class='ocrx_word' id='word_1_117' title='bbox 266 1283 446 1329; x_wconf 82' lang='lat' dir='ltr'>mialina</span> <span class='ocrx_word' id='word_1_118' title='bbox 471 1283 701 1346; x_wconf 80' lang='lat' dir='ltr'>quoddam</span> <span class='ocrx_word' id='word_1_119' title='bbox 727 1281 1011 1327; x_wconf 85' lang='lat' dir='ltr'>morbificum</span> <span class='ocrx_word' id='word_1_120' title='bbox 1029 1316 1042 1335; x_wconf 83' lang='lat'>,</span> <span class='ocrx_word' id='word_1_121' title='bbox 1063 1282 1188 1345; x_wconf 90' lang='lat' dir='ltr'>quod</span> <span class='ocrx_word' id='word_1_122' title='bbox 1212 1282 1348 1347; x_wconf 64' lang='lat' dir='ltr'>pauca</span> <span class='ocrx_word' id='word_1_123' title='bbox 1365 1281 1549 1344; x_wconf 89' lang='lat' dir='ltr'>quidem</span> <span class='ocrx_word' id='word_1_124' title='bbox 1566 1315 1579 1334; x_wconf 83' lang='lat'><strong><em>&gt;</em></strong></span> <span class='ocrx_word' id='word_1_125' title='bbox 1599 1282 1691 1327; x_wconf 74' lang='lat' dir='ltr'>imo</span> <span class='ocrx_word' id='word_1_126' title='bbox 1722 1284 1973 1347; x_wconf 61' lang='lat' dir='ltr'>paucissimzi</span> 
     </span>
     <span class='ocr_line' id='line_1_15' title="bbox 149 1345 1973 1412; baseline 0.002 -20"><span class='ocrx_word' id='word_1_127' title='bbox 149 1348 397 1410; x_wconf 82' lang='lat' dir='ltr'>quantitate</span> <span class='ocrx_word' id='word_1_128' title='bbox 428 1353 472 1393; x_wconf 90' lang='lat'>&amp;</span> <span class='ocrx_word' id='word_1_129' title='bbox 504 1347 801 1411; x_wconf 85' lang='lat' dir='ltr'>inconspicuis</span> <span class='ocrx_word' id='word_1_130' title='bbox 825 1347 908 1393; x_wconf 89' lang='lat' dir='ltr'>viis</span> <span class='ocrx_word' id='word_1_131' title='bbox 936 1345 1040 1393; x_wconf 89' lang='lat' dir='ltr'>sano</span> <span class='ocrx_word' id='word_1_132' title='bbox 1065 1348 1245 1411; x_wconf 76' lang='lat' dir='ltr'>corpori</span> <span class='ocrx_word' id='word_1_133' title='bbox 1271 1345 1537 1392; x_wconf 82' lang='lat' dir='ltr'>infinuatum</span> <span class='ocrx_word' id='word_1_134' title='bbox 1554 1381 1567 1398; x_wconf 85' lang='lat'><em>,</em></span> <span class='ocrx_word' id='word_1_135' title='bbox 1598 1346 1701 1393; x_wconf 87' lang='lat' dir='ltr'>dein</span> <span class='ocrx_word' id='word_1_136' title='bbox 1727 1348 1881 1412; x_wconf 59' lang='lat' dir='ltr'>copia,</span> <span class='ocrx_word' id='word_1_137' title='bbox 1905 1350 1973 1395; x_wconf 91' lang='lat' dir='ltr'>vi-</span> 
     </span>
     <span class='ocr_line' id='line_1_16' title="bbox 148 1410 1973 1464; baseline 0.002 -7"><span class='ocrx_word' id='word_1_138' title='bbox 148 1411 273 1458; x_wconf 86' lang='lat' dir='ltr'>ribus</span> <span class='ocrx_word' id='word_1_139' title='bbox 290 1445 303 1464; x_wconf 86' lang='lat'>,</span> <span class='ocrx_word' id='word_1_140' title='bbox 327 1410 520 1458; x_wconf 53' lang='lat' dir='ltr'>efficacia</span> <span class='ocrx_word' id='word_1_141' title='bbox 541 1410 693 1458; x_wconf 79' lang='lat' dir='ltr'>sensim</span> <span class='ocrx_word' id='word_1_142' title='bbox 711 1410 986 1458; x_wconf 82' lang='lat' dir='ltr'><strong>invalescens</strong></span> <span class='ocrx_word' id='word_1_143' title='bbox 1013 1427 1154 1458; x_wconf 78' lang='lat' dir='ltr'>totam</span> <span class='ocrx_word' id='word_1_144' title='bbox 1178 1412 1418 1457; x_wconf 89' lang='lat' dir='ltr'>humorum</span> <span class='ocrx_word' id='word_1_145' title='bbox 1442 1410 1622 1456; x_wconf 73' lang='lat' dir='ltr'>massam</span> <span class='ocrx_word' id='word_1_146' title='bbox 1642 1411 1808 1458; x_wconf 73' lang='lat' dir='ltr'>tardius</span> <span class='ocrx_word' id='word_1_147' title='bbox 1831 1413 1973 1460; x_wconf 77' lang='lat' dir='ltr'>citius-</span> 
     </span>
     <span class='ocr_line' id='line_1_17' title="bbox 146 1474 1976 1544; baseline 0.002 -22"><span class='ocrx_word' id='word_1_148' title='bbox 146 1484 207 1523; x_wconf 89' lang='lat' dir='ltr'>&#39;ve</span> <span class='ocrx_word' id='word_1_149' title='bbox 224 1475 407 1523; x_wconf 83' lang='lat' dir='ltr'>inficere</span> <span class='ocrx_word' id='word_1_150' title='bbox 432 1477 578 1524; x_wconf 84' lang='lat' dir='ltr'>valeat</span> <span class='ocrx_word' id='word_1_151' title='bbox 597 1494 729 1540; x_wconf 86' lang='lat' dir='ltr'>atque</span> <span class='ocrx_word' id='word_1_152' title='bbox 751 1475 1026 1541; x_wconf 70' lang='lat' dir='ltr'>pessundare.</span> <span class='ocrx_word' id='word_1_153' title='bbox 1063 1481 1166 1522; x_wconf 91' lang='lat' dir='ltr'>Hoc</span> <span class='ocrx_word' id='word_1_154' title='bbox 1201 1493 1349 1523; x_wconf 84' lang='lat' dir='ltr'>autem</span> <span class='ocrx_word' id='word_1_155' title='bbox 1386 1474 1620 1522; x_wconf 85' lang='lat' dir='ltr'><strong>seminium</strong></span> <span class='ocrx_word' id='word_1_156' title='bbox 1653 1477 1976 1544; x_wconf 79' lang='lat' dir='ltr'>qualecumque</span> 
     </span>
     <span class='ocr_line' id='line_1_18' title="bbox 150 1540 1755 1606; baseline 0.001 -19"><span class='ocrx_word' id='word_1_157' title='bbox 150 1540 262 1588; x_wconf 86' lang='lat' dir='ltr'>solet</span> <span class='ocrx_word' id='word_1_158' title='bbox 288 1559 369 1589; x_wconf 91' lang='lat' dir='ltr'>nec</span> <span class='ocrx_word' id='word_1_159' title='bbox 395 1542 544 1606; x_wconf 76' lang='lat' dir='ltr'>inepte</span> <span class='ocrx_word' id='word_1_160' title='bbox 565 1542 804 1600; x_wconf 69' lang='lat' dir='ltr'>firmentum</span> <span class='ocrx_word' id='word_1_161' title='bbox 822 1579 837 1595; x_wconf 88' lang='lat'><em>‚</em></span> <span class='ocrx_word' id='word_1_162' title='bbox 862 1559 1059 1587; x_wconf 70' lang='lat' dir='ltr'>venenum</span> <span class='ocrx_word' id='word_1_163' title='bbox 1076 1574 1089 1593; x_wconf 91' lang='lat'><strong><em>,</em></strong></span> <span class='ocrx_word' id='word_1_164' title='bbox 1117 1546 1236 1588; x_wconf 75' lang='lat' dir='ltr'>virus</span> <span class='ocrx_word' id='word_1_165' title='bbox 1259 1558 1472 1587; x_wconf 75' lang='lat' dir='ltr'>venereum</span> <span class='ocrx_word' id='word_1_166' title='bbox 1494 1542 1755 1606; x_wconf 86' lang='lat' dir='ltr'>nuncupari.</span> 
     </span>
    </p>

    <p class='ocr_par' dir='ltr' id='par_1_6' title="bbox 151 1605 1979 2187">
     <span class='ocr_line' id='line_1_19' title="bbox 213 1605 1977 1671; baseline 0.002 -20"><span class='ocrx_word' id='word_1_167' title='bbox 213 1611 318 1651; x_wconf 78' lang='lat' dir='ltr'>Haec</span> <span class='ocrx_word' id='word_1_168' title='bbox 347 1606 679 1671; x_wconf 78' lang='lat' dir='ltr'>propagationis</span> <span class='ocrx_word' id='word_1_169' title='bbox 708 1605 821 1651; x_wconf 84' lang='lat' dir='ltr'>ratio</span> <span class='ocrx_word' id='word_1_170' title='bbox 841 1623 893 1653; x_wconf 80' lang='lat' dir='ltr'>ex</span> <span class='ocrx_word' id='word_1_171' title='bbox 916 1606 1100 1652; x_wconf 86' lang='lat' dir='ltr'>traduce</span> <span class='ocrx_word' id='word_1_172' title='bbox 1126 1607 1210 1652; x_wconf 88' lang='lat' dir='ltr'>luis</span> <span class='ocrx_word' id='word_1_173' title='bbox 1232 1622 1430 1653; x_wconf 86' lang='lat' dir='ltr'>venereae</span> <span class='ocrx_word' id='word_1_174' title='bbox 1455 1606 1637 1670; x_wconf 87' lang='lat' dir='ltr'>propria</span> <span class='ocrx_word' id='word_1_175' title='bbox 1661 1625 1754 1653; x_wconf 89' lang='lat' dir='ltr'>non</span> <span class='ocrx_word' id='word_1_176' title='bbox 1783 1609 1841 1654; x_wconf 90' lang='lat' dir='ltr'>est</span> <span class='ocrx_word' id='word_1_177' title='bbox 1859 1641 1871 1660; x_wconf 87' lang='lat'>,</span> <span class='ocrx_word' id='word_1_178' title='bbox 1901 1607 1977 1656; x_wconf 89' lang='lat' dir='ltr'>sed</span> 
     </span>
     <span class='ocr_line' id='line_1_20' title="bbox 153 1670 1976 1734; baseline 0.002 -17"><span class='ocrx_word' id='word_1_179' title='bbox 153 1688 255 1717; x_wconf 87' lang='lat' dir='ltr'>cum</span> <span class='ocrx_word' id='word_1_180' title='bbox 279 1672 443 1717; x_wconf 77' lang='lat' dir='ltr'>caeteris</span> <span class='ocrx_word' id='word_1_181' title='bbox 471 1670 821 1734; x_wconf 86' lang='lat' dir='ltr'>quibuscumque</span> <span class='ocrx_word' id='word_1_182' title='bbox 840 1670 1009 1716; x_wconf 87' lang='lat' dir='ltr'>morbis</span> <span class='ocrx_word' id='word_1_183' title='bbox 1028 1710 1043 1726; x_wconf 79' lang='lat'><em>,</em></span> <span class='ocrx_word' id='word_1_184' title='bbox 1075 1672 1152 1734; x_wconf 90' lang='lat' dir='ltr'>qui</span> <span class='ocrx_word' id='word_1_185' title='bbox 1188 1671 1457 1733; x_wconf 79' lang='lat' dir='ltr'>contagione</span> <span class='ocrx_word' id='word_1_186' title='bbox 1488 1687 1679 1723; x_wconf 81' lang='lat' dir='ltr'>nocent,</span> <span class='ocrx_word' id='word_1_187' title='bbox 1712 1674 1976 1720; x_wconf 87' lang='lat' dir='ltr'>communis.</span> 
     </span>
     <span class='ocr_line' id='line_1_21' title="bbox 152 1734 1979 1800; baseline 0.001 -18"><span class='ocrx_word' id='word_1_188' title='bbox 152 1736 227 1782; x_wconf 85' lang='lat' dir='ltr'>Sic</span> <span class='ocrx_word' id='word_1_189' title='bbox 250 1737 416 1782; x_wconf 81' lang='lat' dir='ltr'>constat</span> <span class='ocrx_word' id='word_1_190' title='bbox 446 1735 632 1781; x_wconf 84' lang='lat' dir='ltr'>variolas</span> <span class='ocrx_word' id='word_1_191' title='bbox 647 1752 757 1799; x_wconf 85' lang='lat' dir='ltr'>pure</span> <span class='ocrx_word' id='word_1_192' title='bbox 786 1735 973 1799; x_wconf 85' lang='lat' dir='ltr'>pauculo</span> <span class='ocrx_word' id='word_1_193' title='bbox 1000 1736 1022 1782; x_wconf 83' lang='grc' dir='ltr'>ὲ</span> <span class='ocrx_word' id='word_1_194' title='bbox 1044 1737 1220 1800; x_wconf 87' lang='lat' dir='ltr'>pustulis</span> <span class='ocrx_word' id='word_1_195' title='bbox 1243 1737 1438 1782; x_wconf 58' lang='lat' dir='ltr'>extracto</span> <span class='ocrx_word' id='word_1_196' title='bbox 1473 1740 1518 1781; x_wconf 71' lang='grc' dir='ltr'>δε</span> <span class='ocrx_word' id='word_1_197' title='bbox 1548 1734 1692 1781; x_wconf 78' lang='lat' dir='ltr'>incisae</span> <span class='ocrx_word' id='word_1_198' title='bbox 1730 1737 1819 1782; x_wconf 83' lang='lat' dir='ltr'>cuti</span> <span class='ocrx_word' id='word_1_199' title='bbox 1841 1736 1979 1784; x_wconf 82' lang='lat' dir='ltr'>instil-</span> 
     </span>
     <span class='ocr_line' id='line_1_22' title="bbox 153 1799 1979 1865; baseline 0.002 -19"><span class='ocrx_word' id='word_1_200' title='bbox 153 1799 244 1846; x_wconf 79' lang='lat' dir='ltr'>lato</span> <span class='ocrx_word' id='word_1_201' title='bbox 275 1818 287 1854; x_wconf 87' lang='lat'>·,</span> <span class='ocrx_word' id='word_1_202' title='bbox 321 1802 484 1865; x_wconf 86' lang='lat' dir='ltr'>pestem</span> <span class='ocrx_word' id='word_1_203' title='bbox 510 1818 619 1864; x_wconf 87' lang='lat' dir='ltr'>pure</span> <span class='ocrx_word' id='word_1_204' title='bbox 655 1818 708 1846; x_wconf 82' lang='lat' dir='ltr'>ex</span> <span class='ocrx_word' id='word_1_205' title='bbox 732 1799 984 1846; x_wconf 81' lang='lat' dir='ltr'>bubonibus</span> <span class='ocrx_word' id='word_1_206' title='bbox 1032 1817 1239 1848; x_wconf 79' lang='lat' dir='ltr'>manante</span> <span class='ocrx_word' id='word_1_207' title='bbox 1279 1805 1323 1846; x_wconf 87' lang='lat'>&amp;</span> <span class='ocrx_word' id='word_1_208' title='bbox 1351 1799 1528 1847; x_wconf 88' lang='lat' dir='ltr'>vulneri</span> <span class='ocrx_word' id='word_1_209' title='bbox 1559 1800 1756 1846; x_wconf 79' lang='lat' dir='ltr'>animalis</span> <span class='ocrx_word' id='word_1_210' title='bbox 1789 1802 1979 1862; x_wconf 83' lang='lat' dir='ltr'>cujusvis</span> 
     </span>
     <span class='ocr_line' id='line_1_23' title="bbox 153 1863 1978 1928; baseline 0.002 -17"><span class='ocrx_word' id='word_1_211' title='bbox 153 1863 322 1911; x_wconf 80' lang='lat' dir='ltr'>inserto</span> <span class='ocrx_word' id='word_1_212' title='bbox 355 1883 366 1918; x_wconf 80' lang='lat'>3</span> <span class='ocrx_word' id='word_1_213' title='bbox 393 1864 582 1910; x_wconf 87' lang='lat' dir='ltr'>scabiem</span> <span class='ocrx_word' id='word_1_214' title='bbox 611 1880 683 1909; x_wconf 86' lang='lat' dir='ltr'>aut</span> <span class='ocrx_word' id='word_1_215' title='bbox 727 1864 922 1911; x_wconf 86' lang='lat' dir='ltr'>lichenes</span> <span class='ocrx_word' id='word_1_216' title='bbox 958 1864 1114 1912; x_wconf 88' lang='lat' dir='ltr'>ichote</span> <span class='ocrx_word' id='word_1_217' title='bbox 1143 1865 1267 1928; x_wconf 89' lang='lat' dir='ltr'>quod</span> <span class='ocrx_word' id='word_1_218' title='bbox 1303 1865 1325 1910; x_wconf 81' lang='grc' dir='ltr'>ὲ</span> <span class='ocrx_word' id='word_1_219' title='bbox 1359 1880 1460 1910; x_wconf 81' lang='lat' dir='ltr'>cute</span> <span class='ocrx_word' id='word_1_220' title='bbox 1496 1864 1706 1911; x_wconf 66' lang='lat' dir='ltr'>morbosa</span> <span class='ocrx_word' id='word_1_221' title='bbox 1736 1865 1892 1912; x_wconf 77' lang='lat' dir='ltr'>defluit</span> <span class='ocrx_word' id='word_1_222' title='bbox 1931 1873 1978 1914; x_wconf 71' lang='grc' dir='ltr'>δε</span> 
     </span>
     <span class='ocr_line' id='line_1_24' title="bbox 153 1928 1975 1993; baseline 0.002 -18"><span class='ocrx_word' id='word_1_223' title='bbox 153 1929 263 1975; x_wconf 84' lang='lat' dir='ltr'>sanae</span> <span class='ocrx_word' id='word_1_224' title='bbox 309 1930 399 1975; x_wconf 89' lang='lat' dir='ltr'>cuti</span> <span class='ocrx_word' id='word_1_225' title='bbox 427 1929 710 1982; x_wconf 79' lang='lat' dir='ltr'>adhaerescit3</span> <span class='ocrx_word' id='word_1_226' title='bbox 737 1929 1099 1993; x_wconf 85' lang='lat' dir='ltr'>hydrophobiain</span> <span class='ocrx_word' id='word_1_227' title='bbox 1134 1929 1267 1976; x_wconf 58' lang='lat' dir='ltr'>saliva</span> <span class='ocrx_word' id='word_1_228' title='bbox 1298 1928 1416 1975; x_wconf 88' lang='lat' dir='ltr'>canis</span> <span class='ocrx_word' id='word_1_229' title='bbox 1451 1929 1596 1976; x_wconf 85' lang='lat' dir='ltr'>rabidi</span> <span class='ocrx_word' id='word_1_230' title='bbox 1633 1929 1679 1974; x_wconf 89' lang='lat' dir='ltr'>in</span> <span class='ocrx_word' id='word_1_231' title='bbox 1721 1930 1975 1978; x_wconf 85' lang='lat' dir='ltr'>demorsam</span> 
     </span>
     <span class='ocr_line' id='line_1_25' title="bbox 151 1992 1974 2059; baseline 0.002 -20"><span class='ocrx_word' id='word_1_232' title='bbox 151 2010 323 2059; x_wconf 85' lang='lat' dir='ltr'>partem</span> <span class='ocrx_word' id='word_1_233' title='bbox 337 1993 588 2040; x_wconf 64' lang='lat' dir='ltr'>intromissa</span> <span class='ocrx_word' id='word_1_234' title='bbox 605 2012 616 2046; x_wconf 76' lang='lat'>3</span> <span class='ocrx_word' id='word_1_235' title='bbox 633 1992 944 2057; x_wconf 63' lang='lat' dir='ltr'>aegritudinem</span> <span class='ocrx_word' id='word_1_236' title='bbox 958 2028 970 2046; x_wconf 83' lang='lat'>‚</span> <span class='ocrx_word' id='word_1_237' title='bbox 987 2012 1120 2057; x_wconf 83' lang='lat' dir='ltr'>quain</span> <span class='ocrx_word' id='word_1_238' title='bbox 1149 1994 1395 2041; x_wconf 74' lang='lat' dir='ltr'>Tarentilla</span> <span class='ocrx_word' id='word_1_239' title='bbox 1418 1992 1556 2039; x_wconf 89' lang='lat' dir='ltr'>infert</span> <span class='ocrx_word' id='word_1_240' title='bbox 1571 2028 1583 2046; x_wconf 83' lang='lat'>‚</span> <span class='ocrx_word' id='word_1_241' title='bbox 1603 1992 1794 2043; x_wconf 85' lang='lat' dir='ltr'>humore</span> <span class='ocrx_word' id='word_1_242' title='bbox 1809 2029 1822 2048; x_wconf 84' lang='grc'>,</span> <span class='ocrx_word' id='word_1_243' title='bbox 1837 2013 1974 2059; x_wconf 74' lang='lat' dir='ltr'>quem</span> 
     </span>
     <span class='ocr_line' id='line_1_26' title="bbox 153 2058 1977 2123; baseline 0.002 -20"><span class='ocrx_word' id='word_1_244' title='bbox 153 2058 444 2123; x_wconf 84' lang='lat' dir='ltr'>phalangium</span> <span class='ocrx_word' id='word_1_245' title='bbox 469 2059 610 2105; x_wconf 86' lang='lat' dir='ltr'>hocce</span> <span class='ocrx_word' id='word_1_246' title='bbox 633 2058 842 2123; x_wconf 63' lang='lat' dir='ltr'>punctura</span> <span class='ocrx_word' id='word_1_247' title='bbox 861 2059 908 2104; x_wconf 89' lang='lat' dir='ltr'>in</span> <span class='ocrx_word' id='word_1_248' title='bbox 943 2075 1091 2105; x_wconf 85' lang='lat' dir='ltr'>cutem</span> <span class='ocrx_word' id='word_1_249' title='bbox 1108 2058 1356 2106; x_wconf 78' lang='lat' dir='ltr'>introducit</span> <span class='ocrx_word' id='word_1_250' title='bbox 1376 2092 1388 2110; x_wconf 85' lang='lat'>‚</span> <span class='ocrx_word' id='word_1_251' title='bbox 1419 2076 1500 2105; x_wconf 81' lang='lat' dir='ltr'>ceu</span> <span class='ocrx_word' id='word_1_252' title='bbox 1525 2058 1758 2106; x_wconf 85' lang='lat' dir='ltr'>fermentis</span> <span class='ocrx_word' id='word_1_253' title='bbox 1783 2060 1977 2108; x_wconf 79' lang='lat' dir='ltr'>totidem</span> 
     </span>
     <span class='ocr_line' id='line_1_27' title="bbox 153 2123 1092 2187; baseline -0.001 -18"><span class='ocrx_word' id='word_1_254' title='bbox 153 2123 451 2187; x_wconf 87' lang='lat' dir='ltr'>peculiaribus</span> <span class='ocrx_word' id='word_1_255' title='bbox 477 2123 726 2187; x_wconf 81' lang='lat' dir='ltr'>singulatim</span> <span class='ocrx_word' id='word_1_256' title='bbox 754 2124 1092 2169; x_wconf 80' lang='lat' dir='ltr'>communicari.</span> 
     </span>
    </p>

    <p class='ocr_par' dir='ltr' id='par_1_7' title="bbox 154 2186 1982 3026">
     <span class='ocr_line' id='line_1_28' title="bbox 216 2186 1979 2251; baseline 0.002 -19"><span class='ocrx_word' id='word_1_257' title='bbox 216 2191 284 2232; x_wconf 92' lang='lat' dir='ltr'>Ut</span> <span class='ocrx_word' id='word_1_258' title='bbox 305 2204 450 2234; x_wconf 86' lang='lat' dir='ltr'>autem</span> <span class='ocrx_word' id='word_1_259' title='bbox 470 2187 649 2235; x_wconf 81' lang='lat' dir='ltr'>diversls</span> <span class='ocrx_word' id='word_1_260' title='bbox 666 2188 753 2233; x_wconf 88' lang='lat' dir='ltr'>illis</span> <span class='ocrx_word' id='word_1_261' title='bbox 780 2187 1012 2235; x_wconf 87' lang='lat' dir='ltr'>fermentis</span> <span class='ocrx_word' id='word_1_262' title='bbox 1035 2205 1189 2234; x_wconf 80' lang='lat' dir='ltr'>natura</span> <span class='ocrx_word' id='word_1_263' title='bbox 1216 2186 1391 2235; x_wconf 83' lang='lat' dir='ltr'>diversa</span> <span class='ocrx_word' id='word_1_264' title='bbox 1421 2187 1556 2239; x_wconf 86' lang='lat' dir='ltr'>inest,</span> <span class='ocrx_word' id='word_1_265' title='bbox 1596 2187 1683 2250; x_wconf 57' lang='lat' dir='ltr'>quai</span> <span class='ocrx_word' id='word_1_266' title='bbox 1705 2187 1871 2251; x_wconf 73' lang='lat' dir='ltr'>singula</span> <span class='ocrx_word' id='word_1_267' title='bbox 1892 2190 1979 2236; x_wconf 61' lang='lat' dir='ltr'>sin«</span> 
     </span>
     <span class='ocr_line' id='line_1_29' title="bbox 154 2251 1981 2316; baseline 0.002 -19"><span class='ocrx_word' id='word_1_268' title='bbox 154 2253 281 2315; x_wconf 84' lang='lat' dir='ltr'>gulos</span> <span class='ocrx_word' id='word_1_269' title='bbox 301 2252 483 2299; x_wconf 84' lang='lat' dir='ltr'>morbos</span> <span class='ocrx_word' id='word_1_270' title='bbox 501 2252 670 2300; x_wconf 88' lang='lat' dir='ltr'>inferte</span> <span class='ocrx_word' id='word_1_271' title='bbox 689 2252 867 2300; x_wconf 83' lang='lat' dir='ltr'>valeant</span> <span class='ocrx_word' id='word_1_272' title='bbox 883 2287 894 2304; x_wconf 82' lang='lat'>,</span> <span class='ocrx_word' id='word_1_273' title='bbox 916 2253 1066 2316; x_wconf 84' lang='lat' dir='ltr'>quales</span> <span class='ocrx_word' id='word_1_274' title='bbox 1097 2254 1240 2299; x_wconf 87' lang='lat' dir='ltr'>solent</span> <span class='ocrx_word' id='word_1_275' title='bbox 1270 2253 1489 2299; x_wconf 81' lang='lat' dir='ltr'>advocare</span> <span class='ocrx_word' id='word_1_276' title='bbox 1505 2286 1518 2304; x_wconf 84' lang='lat'>,</span> <span class='ocrx_word' id='word_1_277' title='bbox 1545 2251 1599 2297; x_wconf 83' lang='lat' dir='ltr'>fic</span> <span class='ocrx_word' id='word_1_278' title='bbox 1629 2271 1810 2315; x_wconf 83' lang='lat' dir='ltr'>quoque</span> <span class='ocrx_word' id='word_1_279' title='bbox 1844 2254 1981 2302; x_wconf 71' lang='lat' dir='ltr'>debet</span> 
     </span>
     <span class='ocr_line' id='line_1_30' title="bbox 157 2316 1980 2382; baseline 0.002 -21"><span class='ocrx_word' id='word_1_280' title='bbox 157 2322 204 2362; x_wconf 85' lang='lat'>&amp;</span> <span class='ocrx_word' id='word_1_281' title='bbox 230 2316 373 2381; x_wconf 87' lang='lat' dir='ltr'>ipsum</span> <span class='ocrx_word' id='word_1_282' title='bbox 411 2318 530 2363; x_wconf 86' lang='lat' dir='ltr'>virus</span> <span class='ocrx_word' id='word_1_283' title='bbox 566 2335 810 2364; x_wconf 78' lang='lat' dir='ltr'>venereum</span> <span class='ocrx_word' id='word_1_284' title='bbox 840 2317 913 2363; x_wconf 64' lang='lat' dir='ltr'>susi</span> <span class='ocrx_word' id='word_1_285' title='bbox 938 2317 1205 2382; x_wconf 48' lang='lat' dir='ltr'>propriaque</span> <span class='ocrx_word' id='word_1_286' title='bbox 1227 2317 1381 2363; x_wconf 75' lang='lat' dir='ltr'>indole</span> <span class='ocrx_word' id='word_1_287' title='bbox 1408 2317 1576 2380; x_wconf 91' lang='lat' dir='ltr'>pollere</span> <span class='ocrx_word' id='word_1_288' title='bbox 1598 2350 1609 2368; x_wconf 87' lang='lat'>‚</span> <span class='ocrx_word' id='word_1_289' title='bbox 1640 2319 1767 2373; x_wconf 64' lang='lat' dir='ltr'>tanto</span> <span class='ocrx_word' id='word_1_290' title='bbox 1796 2319 1980 2381; x_wconf 85' lang='lat' dir='ltr'>quidem</span> 
     </span>
     <span class='ocr_line' id='line_1_31' title="bbox 155 2381 1980 2446; baseline 0.002 -20"><span class='ocrx_word' id='word_1_291' title='bbox 155 2382 324 2429; x_wconf 67' lang='lat' dir='ltr'>caeteris</span> <span class='ocrx_word' id='word_1_292' title='bbox 345 2383 484 2445; x_wconf 83' lang='lat' dir='ltr'>magis</span> <span class='ocrx_word' id='word_1_293' title='bbox 501 2382 700 2428; x_wconf 63' lang='lat' dir='ltr'>nociferfi</span> <span class='ocrx_word' id='word_1_294' title='bbox 718 2415 730 2433; x_wconf 85' lang='lat'>,</span> <span class='ocrx_word' id='word_1_295' title='bbox 748 2383 916 2444; x_wconf 76' lang='lat' dir='ltr'>quanto</span> <span class='ocrx_word' id='word_1_296' title='bbox 934 2382 1115 2428; x_wconf 88' lang='lat' dir='ltr'>morbus</span> <span class='ocrx_word' id='word_1_297' title='bbox 1131 2400 1267 2445; x_wconf 84' lang='lat' dir='ltr'>quem</span> <span class='ocrx_word' id='word_1_298' title='bbox 1283 2381 1493 2446; x_wconf 83' lang='lat' dir='ltr'>producit</span> <span class='ocrx_word' id='word_1_299' title='bbox 1508 2381 1675 2428; x_wconf 79' lang='lat' dir='ltr'>caeteris</span> <span class='ocrx_word' id='word_1_300' title='bbox 1692 2384 1872 2445; x_wconf 79' lang='lat' dir='ltr'>gravior</span> <span class='ocrx_word' id='word_1_301' title='bbox 1892 2385 1950 2429; x_wconf 85' lang='lat' dir='ltr'>est</span> <span class='ocrx_word' id='word_1_302' title='bbox 1967 2418 1980 2435; x_wconf 83' lang='lat'><em>‚</em></span> 
     </span>
     <span class='ocr_line' id='line_1_32' title="bbox 157 2446 1982 2511; baseline 0.002 -20"><span class='ocrx_word' id='word_1_303' title='bbox 157 2450 206 2491; x_wconf 72' lang='grc' dir='ltr'>δε</span> <span class='ocrx_word' id='word_1_304' title='bbox 230 2463 362 2508; x_wconf 87' lang='lat' dir='ltr'>quam</span> <span class='ocrx_word' id='word_1_305' title='bbox 379 2446 484 2493; x_wconf 89' lang='lat' dir='ltr'>ideo</span> <span class='ocrx_word' id='word_1_306' title='bbox 511 2447 634 2492; x_wconf 79' lang='lat' dir='ltr'>tanto</span> <span class='ocrx_word' id='word_1_307' title='bbox 665 2447 800 2510; x_wconf 89' lang='lat' dir='ltr'>pluris</span> <span class='ocrx_word' id='word_1_308' title='bbox 822 2446 991 2494; x_wconf 83' lang='lat' dir='ltr'>intersit</span> <span class='ocrx_word' id='word_1_309' title='bbox 1015 2464 1169 2492; x_wconf 85' lang='lat' dir='ltr'>notam</span> <span class='ocrx_word' id='word_1_310' title='bbox 1189 2446 1356 2492; x_wconf 80' lang='lat' dir='ltr'>habere</span> <span class='ocrx_word' id='word_1_311' title='bbox 1381 2446 1740 2511; x_wconf 64' lang='lat' dir='ltr'>perspe&amp;aiiique</span> <span class='ocrx_word' id='word_1_312' title='bbox 1760 2482 1773 2499; x_wconf 90' lang='lat'><em>‚</em></span> <span class='ocrx_word' id='word_1_313' title='bbox 1800 2463 1847 2492; x_wconf 88' lang='lat' dir='ltr'>ut</span> <span class='ocrx_word' id='word_1_314' title='bbox 1871 2447 1982 2496; x_wconf 81' lang='lat' dir='ltr'>inde</span> 
     </span>
     <span class='ocr_line' id='line_1_33' title="bbox 158 2510 1982 2575; baseline 0.002 -20"><span class='ocrx_word' id='word_1_315' title='bbox 158 2512 323 2556; x_wconf 86' lang='lat' dir='ltr'>certior</span> <span class='ocrx_word' id='word_1_316' title='bbox 353 2511 614 2557; x_wconf 83' lang='lat' dir='ltr'>adhibeatur</span> <span class='ocrx_word' id='word_1_317' title='bbox 644 2511 870 2558; x_wconf 76' lang='lat' dir='ltr'>medicina</span> <span class='ocrx_word' id='word_1_318' title='bbox 892 2511 1057 2558; x_wconf 86' lang='lat' dir='ltr'>morbis</span> <span class='ocrx_word' id='word_1_319' title='bbox 1074 2545 1085 2564; x_wconf 79' lang='grc'>,</span> <span class='ocrx_word' id='word_1_320' title='bbox 1105 2530 1216 2575; x_wconf 86' lang='lat' dir='ltr'>quos</span> <span class='ocrx_word' id='word_1_321' title='bbox 1241 2511 1430 2558; x_wconf 89' lang='lat' dir='ltr'>inducit.</span> <span class='ocrx_word' id='word_1_322' title='bbox 1467 2510 1632 2557; x_wconf 60' lang='lat' dir='ltr'>Frustra</span> <span class='ocrx_word' id='word_1_323' title='bbox 1657 2510 1843 2574; x_wconf 85' lang='lat' dir='ltr'>quidem</span> <span class='ocrx_word' id='word_1_324' title='bbox 1860 2529 1982 2575; x_wconf 83' lang='lat' dir='ltr'>quae-</span> 
     </span>
     <span class='ocr_line' id='line_1_34' title="bbox 156 2574 1981 2636; baseline 0.001 -15"><span class='ocrx_word' id='word_1_325' title='bbox 156 2591 329 2621; x_wconf 71' lang='lat' dir='ltr'>teretur</span> <span class='ocrx_word' id='word_1_326' title='bbox 355 2575 412 2622; x_wconf 89' lang='lat' dir='ltr'>de</span> <span class='ocrx_word' id='word_1_327' title='bbox 440 2574 635 2632; x_wconf 73' lang='lat' dir='ltr'>ejusdem</span> <span class='ocrx_word' id='word_1_328' title='bbox 657 2575 840 2628; x_wconf 65' lang='lat' dir='ltr'>natura,</span> <span class='ocrx_word' id='word_1_329' title='bbox 875 2575 906 2620; x_wconf 91' lang='lat' dir='ltr'>s1</span> <span class='ocrx_word' id='word_1_330' title='bbox 939 2594 990 2622; x_wconf 81' lang='lat' dir='ltr'>ea</span> <span class='ocrx_word' id='word_1_331' title='bbox 1016 2577 1085 2622; x_wconf 86' lang='lat' dir='ltr'>vel</span> <span class='ocrx_word' id='word_1_332' title='bbox 1117 2576 1273 2636; x_wconf 78' lang='lat' dir='ltr'>analysi</span> <span class='ocrx_word' id='word_1_333' title='bbox 1339 2574 1498 2621; x_wconf 64' lang='lat' dir='ltr'>himicfi</span> <span class='ocrx_word' id='word_1_334' title='bbox 1517 2609 1529 2628; x_wconf 84' lang='lat'>‚</span> <span class='ocrx_word' id='word_1_335' title='bbox 1562 2575 1633 2621; x_wconf 82' lang='lat' dir='ltr'>vel</span> <span class='ocrx_word' id='word_1_336' title='bbox 1665 2575 1840 2622; x_wconf 66' lang='lat' dir='ltr'>miscela</span> <span class='ocrx_word' id='word_1_337' title='bbox 1878 2594 1981 2623; x_wconf 83' lang='lat' dir='ltr'>cum</span> 
     </span>
     <span class='ocr_line' id='line_1_35' title="bbox 156 2639 1980 2703; baseline 0.001 -17"><span class='ocrx_word' id='word_1_338' title='bbox 156 2640 251 2686; x_wconf 82' lang='lat' dir='ltr'>aliis</span> <span class='ocrx_word' id='word_1_339' title='bbox 283 2640 399 2685; x_wconf 91' lang='lat' dir='ltr'>notis</span> <span class='ocrx_word' id='word_1_340' title='bbox 430 2639 674 2703; x_wconf 80' lang='lat' dir='ltr'>liquoribus</span> <span class='ocrx_word' id='word_1_341' title='bbox 708 2640 966 2687; x_wconf 85' lang='lat' dir='ltr'>definienda</span> <span class='ocrx_word' id='word_1_342' title='bbox 993 2639 1139 2693; x_wconf 87' lang='lat' dir='ltr'>foret,</span> <span class='ocrx_word' id='word_1_343' title='bbox 1162 2641 1532 2703; x_wconf 81' lang='lat' dir='ltr'>quandoquidem</span> <span class='ocrx_word' id='word_1_344' title='bbox 1559 2640 1863 2703; x_wconf 81' lang='lat' dir='ltr'>experimenta</span> <span class='ocrx_word' id='word_1_345' title='bbox 1893 2641 1980 2687; x_wconf 86' lang='lat' dir='ltr'>hu-</span> 
     </span>
     <span class='ocr_line' id='line_1_36' title="bbox 159 2703 1980 2770; baseline 0.001 -20"><span class='ocrx_word' id='word_1_346' title='bbox 159 2704 404 2766; x_wconf 83' lang='lat' dir='ltr'>juscemodi</span> <span class='ocrx_word' id='word_1_347' title='bbox 431 2722 512 2751; x_wconf 90' lang='lat' dir='ltr'>nec</span> <span class='ocrx_word' id='word_1_348' title='bbox 539 2704 703 2750; x_wconf 88' lang='lat' dir='ltr'>institui</span> <span class='ocrx_word' id='word_1_349' title='bbox 739 2704 826 2750; x_wconf 66' lang='lat' dir='ltr'>ullcl</span> <span class='ocrx_word' id='word_1_350' title='bbox 860 2706 1035 2752; x_wconf 87' lang='lat' dir='ltr'>ratione</span> <span class='ocrx_word' id='word_1_351' title='bbox 1064 2703 1266 2770; x_wconf 78' lang='lat' dir='ltr'>possunt,</span> <span class='ocrx_word' id='word_1_352' title='bbox 1292 2722 1376 2751; x_wconf 90' lang='lat' dir='ltr'>nec</span> <span class='ocrx_word' id='word_1_353' title='bbox 1414 2704 1443 2749; x_wconf 82' lang='lat' dir='ltr'>si</span> <span class='ocrx_word' id='word_1_354' title='bbox 1479 2705 1813 2752; x_wconf 83' lang='lat' dir='ltr'>instituerentur</span> <span class='ocrx_word' id='word_1_355' title='bbox 1832 2740 1843 2757; x_wconf 94' lang='lat'>,</span> <span class='ocrx_word' id='word_1_356' title='bbox 1879 2704 1980 2752; x_wconf 64' lang='lat' dir='ltr'>stitis</span> 
     </span>
     <span class='ocr_line' id='line_1_37' title="bbox 160 2769 1977 2832; baseline 0 -18"><span class='ocrx_word' id='word_1_357' title='bbox 160 2785 255 2815; x_wconf 84' lang='lat' dir='ltr'>tuta</span> <span class='ocrx_word' id='word_1_358' title='bbox 283 2769 418 2816; x_wconf 85' lang='lat' dir='ltr'>effent</span> <span class='ocrx_word' id='word_1_359' title='bbox 448 2775 491 2815; x_wconf 88' lang='lat'>&amp;</span> <span class='ocrx_word' id='word_1_360' title='bbox 524 2769 669 2815; x_wconf 87' lang='lat' dir='ltr'>omnis</span> <span class='ocrx_word' id='word_1_361' title='bbox 691 2769 872 2816; x_wconf 81' lang='lat' dir='ltr'>fallaciae</span> <span class='ocrx_word' id='word_1_362' title='bbox 899 2770 1142 2822; x_wconf 77' lang='lat' dir='ltr'>immunia3</span> <span class='ocrx_word' id='word_1_363' title='bbox 1164 2787 1304 2815; x_wconf 86' lang='lat' dir='ltr'>unum</span> <span class='ocrx_word' id='word_1_364' title='bbox 1336 2786 1442 2832; x_wconf 83' lang='lat' dir='ltr'>ergo</span> <span class='ocrx_word' id='word_1_365' title='bbox 1476 2770 1722 2815; x_wconf 87' lang='lat' dir='ltr'>Criterium</span> <span class='ocrx_word' id='word_1_366' title='bbox 1758 2769 1977 2828; x_wconf 81' lang='lat' dir='ltr'>superest,</span> 
     </span>
     <span class='ocr_line' id='line_1_38' title="bbox 158 2833 1979 2898; baseline 0 -20"><span class='ocrx_word' id='word_1_367' title='bbox 158 2834 281 2897; x_wconf 88' lang='lat' dir='ltr'>quod</span> <span class='ocrx_word' id='word_1_368' title='bbox 311 2833 359 2878; x_wconf 87' lang='lat' dir='ltr'>fit</span> <span class='ocrx_word' id='word_1_369' title='bbox 385 2835 648 2898; x_wconf 82' lang='lat' dir='ltr'>exceptione</span> <span class='ocrx_word' id='word_1_370' title='bbox 679 2839 815 2894; x_wconf 82' lang='lat' dir='ltr'>majus</span> <span class='ocrx_word' id='word_1_371' title='bbox 834 2868 847 2886; x_wconf 88' lang='lat'>,</span> <span class='ocrx_word' id='word_1_372' title='bbox 882 2852 934 2880; x_wconf 80' lang='lat' dir='ltr'>ex</span> <span class='ocrx_word' id='word_1_373' title='bbox 964 2835 1080 2880; x_wconf 92' lang='lat' dir='ltr'>notis</span> <span class='ocrx_word' id='word_1_374' title='bbox 1113 2833 1278 2879; x_wconf 80' lang='lat' dir='ltr'>scilicet</span> <span class='ocrx_word' id='word_1_375' title='bbox 1306 2834 1472 2880; x_wconf 83' lang='lat' dir='ltr'>veneni</span> <span class='ocrx_word' id='word_1_376' title='bbox 1507 2834 1689 2880; x_wconf 87' lang='lat' dir='ltr'>venerei</span> <span class='ocrx_word' id='word_1_377' title='bbox 1719 2833 1946 2880; x_wconf 57' lang='lat' dir='ltr'>effectibus</span> <span class='ocrx_word' id='word_1_378' title='bbox 1965 2866 1979 2885; x_wconf 79' lang='lat'>,</span> 
     </span>
     <span class='ocr_line' id='line_1_39' title="bbox 162 2897 1979 2963; baseline -0.001 -20"><span class='ocrx_word' id='word_1_379' title='bbox 162 2898 282 2943; x_wconf 90' lang='lat' dir='ltr'>unde</span> <span class='ocrx_word' id='word_1_380' title='bbox 301 2898 569 2962; x_wconf 80' lang='lat' dir='ltr'>peculiarem</span> <span class='ocrx_word' id='word_1_381' title='bbox 584 2898 780 2960; x_wconf 85' lang='lat' dir='ltr'>ejusdem</span> <span class='ocrx_word' id='word_1_382' title='bbox 796 2913 998 2944; x_wconf 82' lang='lat' dir='ltr'>naturam</span> <span class='ocrx_word' id='word_1_383' title='bbox 1014 2904 1059 2944; x_wconf 87' lang='lat'>&amp;</span> <span class='ocrx_word' id='word_1_384' title='bbox 1072 2899 1390 2963; x_wconf 83' lang='lat' dir='ltr'>proprietatem</span> <span class='ocrx_word' id='word_1_385' title='bbox 1403 2897 1522 2943; x_wconf 85' lang='lat' dir='ltr'>haud</span> <span class='ocrx_word' id='word_1_386' title='bbox 1537 2897 1698 2961; x_wconf 85' lang='lat' dir='ltr'>ineptis</span> <span class='ocrx_word' id='word_1_387' title='bbox 1713 2898 1979 2960; x_wconf 62' lang='lat' dir='ltr'>conjecturis</span> 
     </span>
     <span class='ocr_line' id='line_1_40' title="bbox 165 2962 521 3026; baseline -0.008 -17"><span class='ocrx_word' id='word_1_388' title='bbox 165 2963 376 3026; x_wconf 81' lang='lat' dir='ltr'>colligere</span> <span class='ocrx_word' id='word_1_389' title='bbox 404 2962 521 3007; x_wconf 82' lang='lat' dir='ltr'>licet.</span> 
     </span>
    </p>

    <p class='ocr_par' dir='ltr' id='par_1_8' title="bbox 163 3024 1980 3286">
     <span class='ocr_line' id='line_1_41' title="bbox 219 3024 1977 3090; baseline 0 -18"><span class='ocrx_word' id='word_1_390' title='bbox 219 3032 374 3090; x_wconf 85' lang='lat' dir='ltr'>Itaque</span> <span class='ocrx_word' id='word_1_391' title='bbox 401 3031 434 3072; x_wconf 91' lang='grc' dir='ltr'>Ι.</span> <span class='ocrx_word' id='word_1_392' title='bbox 469 3026 600 3072; x_wconf 84' lang='lat' dir='ltr'>Virus</span> <span class='ocrx_word' id='word_1_393' title='bbox 634 3043 874 3073; x_wconf 85' lang='lat' dir='ltr'>venereum</span> <span class='ocrx_word' id='word_1_394' title='bbox 909 3026 1105 3090; x_wconf 85' lang='lat' dir='ltr'>partibus</span> <span class='ocrx_word' id='word_1_395' title='bbox 1134 3059 1145 3077; x_wconf 88' lang='lat'>‚</span> <span class='ocrx_word' id='word_1_396' title='bbox 1184 3024 1484 3089; x_wconf 84' lang='lat' dir='ltr'>quascumque</span> <span class='ocrx_word' id='word_1_397' title='bbox 1519 3025 1654 3073; x_wconf 87' lang='lat' dir='ltr'>afficit</span> <span class='ocrx_word' id='word_1_398' title='bbox 1681 3059 1694 3079; x_wconf 82' lang='lat'>,</span> <span class='ocrx_word' id='word_1_399' title='bbox 1731 3027 1977 3080; x_wconf 80' lang='lat' dir='ltr'>ruborem,</span> 
     </span>
     <span class='ocr_line' id='line_1_42' title="bbox 164 3089 1980 3154; baseline 0 -16"><span class='ocrx_word' id='word_1_400' title='bbox 164 3092 388 3143; x_wconf 86' lang='lat' dir='ltr'>calorem,</span> <span class='ocrx_word' id='word_1_401' title='bbox 414 3091 686 3143; x_wconf 82' lang='lat' dir='ltr'>tensionem,</span> <span class='ocrx_word' id='word_1_402' title='bbox 718 3091 954 3143; x_wconf 85' lang='lat' dir='ltr'>dolorem,</span> <span class='ocrx_word' id='word_1_403' title='bbox 991 3108 1081 3137; x_wconf 87' lang='lat' dir='ltr'>uno</span> <span class='ocrx_word' id='word_1_404' title='bbox 1118 3090 1259 3137; x_wconf 88' lang='lat' dir='ltr'>verbo</span> <span class='ocrx_word' id='word_1_405' title='bbox 1281 3089 1532 3154; x_wconf 78' lang='lat' dir='ltr'>‘phlogoslm</span> <span class='ocrx_word' id='word_1_406' title='bbox 1561 3092 1632 3138; x_wconf 88' lang='lat' dir='ltr'>vel</span> <span class='ocrx_word' id='word_1_407' title='bbox 1668 3091 1980 3138; x_wconf 80' lang='lat' dir='ltr'>inflammatio·</span> 
     </span>
     <span class='ocr_line' id='line_1_43' title="bbox 163 3155 1979 3220; baseline 0.001 -18"><span class='ocrx_word' id='word_1_408' title='bbox 163 3172 269 3204; x_wconf 85' lang='lat' dir='ltr'>nem</span> <span class='ocrx_word' id='word_1_409' title='bbox 293 3156 445 3202; x_wconf 89' lang='lat' dir='ltr'>infert.</span> <span class='ocrx_word' id='word_1_410' title='bbox 474 3156 543 3202; x_wconf 88' lang='lat' dir='ltr'>Sic</span> <span class='ocrx_word' id='word_1_411' title='bbox 569 3157 616 3202; x_wconf 91' lang='lat' dir='ltr'>in</span> <span class='ocrx_word' id='word_1_412' title='bbox 648 3155 920 3219; x_wconf 59' lang='lat' dir='ltr'>gonorrhoed</span> <span class='ocrx_word' id='word_1_413' title='bbox 948 3156 1203 3208; x_wconf 83' lang='lat' dir='ltr'>urethram‚</span> <span class='ocrx_word' id='word_1_414' title='bbox 1231 3157 1436 3220; x_wconf 85' lang='lat' dir='ltr'>prostatas</span> <span class='ocrx_word' id='word_1_415' title='bbox 1454 3189 1466 3207; x_wconf 86' lang='lat'>‚</span> <span class='ocrx_word' id='word_1_416' title='bbox 1494 3156 1701 3202; x_wconf 84' lang='lat' dir='ltr'>vesiculas</span> <span class='ocrx_word' id='word_1_417' title='bbox 1727 3156 1979 3204; x_wconf 78' lang='lat' dir='ltr'>seminarias</span> 
     </span>
     <span class='ocr_line' id='line_1_44' title="bbox 163 3220 1980 3286; baseline 0.002 -17"><span class='ocrx_word' id='word_1_418' title='bbox 163 3221 211 3276; x_wconf 76' lang='lat' dir='ltr'>in</span> <span class='ocrx_word' id='word_1_419' title='bbox 234 3222 367 3275; x_wconf 78' lang='lat' dir='ltr'>viris3</span> <span class='ocrx_word' id='word_1_420' title='bbox 392 3221 439 3267; x_wconf 90' lang='lat' dir='ltr'>in</span> <span class='ocrx_word' id='word_1_421' title='bbox 462 3221 656 3270; x_wconf 83' lang='lat' dir='ltr'>foeminis</span> <span class='ocrx_word' id='word_1_422' title='bbox 683 3222 791 3270; x_wconf 73' lang='lat' dir='ltr'>verb</span> <span class='ocrx_word' id='word_1_423' title='bbox 813 3221 1017 3286; x_wconf 79' lang='lat' dir='ltr'>vaginam</span> <span class='ocrx_word' id='word_1_424' title='bbox 1034 3254 1046 3277; x_wconf 84' lang='grc'>,</span> <span class='ocrx_word' id='word_1_425' title='bbox 1068 3220 1241 3270; x_wconf 83' lang='lat' dir='ltr'>vulvam</span> <span class='ocrx_word' id='word_1_426' title='bbox 1258 3253 1271 3275; x_wconf 81' lang='grc'>,</span> <span class='ocrx_word' id='word_1_427' title='bbox 1299 3222 1506 3286; x_wconf 50' lang='lat' dir='ltr'>prostare-as</span> <span class='ocrx_word' id='word_1_428' title='bbox 1526 3227 1571 3269; x_wconf 83' lang='lat'>&amp;</span> <span class='ocrx_word' id='word_1_429' title='bbox 1590 3221 1815 3285; x_wconf 70' lang='lat' dir='ltr'>glandulae</span> <span class='ocrx_word' id='word_1_430' title='bbox 1839 3225 1980 3273; x_wconf 78' lang='lat' dir='ltr'>Cow-</span> 
     </span>
    </p>
   </div>
   <div class='ocr_carea' id='block_1_5' title="bbox 2018 1169 2253 1571">
    <p class='ocr_par' dir='ltr' id='par_1_9' title="bbox 2018 1169 2253 1571">
     <span class='ocr_line' id='line_1_45' title="bbox 2044 1169 2249 1206; baseline 0 0"><span class='ocrx_word' id='word_1_431' title='bbox 2044 1169 2157 1206; x_wconf 68' lang='lat' dir='ltr'>Luem</span> <span class='ocrx_word' id='word_1_432' title='bbox 2180 1178 2249 1206; x_wconf 58' lang='lat' dir='ltr'>ves</span> 
     </span>
     <span class='ocr_line' id='line_1_46' title="bbox 2018 1233 2252 1271; baseline -0.004 -15"><span class='ocrx_word' id='word_1_433' title='bbox 2018 1233 2157 1258; x_wconf 73' lang='lat' dir='ltr'>meream</span> <span class='ocrx_word' id='word_1_434' title='bbox 2173 1233 2252 1271; x_wconf 70' lang='lat' dir='ltr'>pro-2</span> 
     </span>
     <span class='ocr_line' id='line_1_47' title="bbox 2018 1285 2252 1324; baseline -0.009 -15"><span class='ocrx_word' id='word_1_435' title='bbox 2018 1285 2145 1324; x_wconf 76' lang='lat' dir='ltr'>pagati</span> <span class='ocrx_word' id='word_1_436' title='bbox 2158 1285 2252 1309; x_wconf 85' lang='lat' dir='ltr'>mor-</span> 
     </span>
     <span class='ocr_line' id='line_1_48' title="bbox 2019 1323 2251 1362; baseline -0.004 -3"><span class='ocrx_word' id='word_1_437' title='bbox 2019 1325 2132 1362; x_wconf 61' lang='lat' dir='ltr'>bstico</span> <span class='ocrx_word' id='word_1_438' title='bbox 2148 1323 2251 1360; x_wconf 78' lang='lat' dir='ltr'>lemi-</span> 
     </span>
     <span class='ocr_line' id='line_1_49' title="bbox 2019 1376 2225 1427; baseline -0.01 -14"><span class='ocrx_word' id='word_1_439' title='bbox 2019 1379 2081 1415; x_wconf 81' lang='lat' dir='ltr'>nio</span> <span class='ocrx_word' id='word_1_440' title='bbox 2097 1404 2108 1420; x_wconf 89' lang='lat'><em>‚</em></span> <span class='ocrx_word' id='word_1_441' title='bbox 2125 1376 2225 1427; x_wconf 80' lang='lat' dir='ltr'>quod</span> 
     </span>
     <span class='ocr_line' id='line_1_50' title="bbox 2018 1441 2251 1465; baseline -0.004 0"><span class='ocrx_word' id='word_1_442' title='bbox 2018 1442 2118 1465; x_wconf 66' lang='lat' dir='ltr'>UlelS</span> <span class='ocrx_word' id='word_1_443' title='bbox 2139 1441 2251 1464; x_wconf 55' lang='lat' dir='ltr'><em>vine·-</em></span> 
     </span>
     <span class='ocr_line' id='line_1_51' title="bbox 2018 1478 2253 1531; baseline -0.013 -13"><span class='ocrx_word' id='word_1_444' title='bbox 2018 1494 2115 1518; x_wconf 71' lang='lat' dir='ltr'>reum</span> <span class='ocrx_word' id='word_1_445' title='bbox 2134 1478 2253 1531; x_wconf 62' lang='lat' dir='ltr'>appel-2</span> 
     </span>
     <span class='ocr_line' id='line_1_52' title="bbox 2020 1533 2131 1571; baseline 0.009 -1"><span class='ocrx_word' id='word_1_446' title='bbox 2020 1533 2131 1571; x_wconf 82' lang='lat' dir='ltr'>latur.</span> 
     </span>
    </p>
   </div>
   <div class='ocr_carea' id='block_1_6' title="bbox 2023 3036 2256 3285">
    <p class='ocr_par' dir='ltr' id='par_1_10' title="bbox 2023 3036 2256 3285">
     <span class='ocr_line' id='line_1_53' title="bbox 2046 3036 2256 3074; baseline 0 0"><span class='ocrx_word' id='word_1_447' title='bbox 2046 3038 2079 3074; x_wconf 83' lang='lat'>1.</span> <span class='ocrx_word' id='word_1_448' title='bbox 2096 3036 2200 3074; x_wconf 76' lang='lat' dir='ltr'>Virus</span> <span class='ocrx_word' id='word_1_449' title='bbox 2213 3038 2256 3074; x_wconf 73' lang='lat' dir='ltr'>i:-</span> 
     </span>
     <span class='ocr_line' id='line_1_54' title="bbox 2023 3088 2227 3127; baseline -0.01 -1"><span class='ocrx_word' id='word_1_450' title='bbox 2023 3088 2084 3127; x_wconf 85' lang='lat' dir='ltr'>lud</span> <span class='ocrx_word' id='word_1_451' title='bbox 2113 3101 2227 3127; x_wconf 74' lang='lat' dir='ltr'>vene-</span> 
     </span>
     <span class='ocr_line' id='line_1_55' title="bbox 2025 3140 2254 3192; baseline -0.022 -14"><span class='ocrx_word' id='word_1_452' title='bbox 2025 3154 2126 3179; x_wconf 81' lang='lat' dir='ltr'>reum</span> <span class='ocrx_word' id='word_1_453' title='bbox 2145 3140 2254 3192; x_wconf 68' lang='lat' dir='ltr'>phio„</span> 
     </span>
     <span class='ocr_line' id='line_1_56' title="bbox 2024 3194 2193 3246; baseline 0.012 -17"><span class='ocrx_word' id='word_1_454' title='bbox 2024 3194 2193 3246; x_wconf 68' lang='lat' dir='ltr'>gisticum</span> 
     </span>
     <span class='ocr_line' id='line_1_57' title="bbox 2024 3246 2102 3285; baseline -0.051 0"><span class='ocrx_word' id='word_1_455' title='bbox 2024 3246 2102 3285; x_wconf 59' lang='lat' dir='ltr'>ess&#39;e„</span> 
     </span>
    </p>
   </div>
  </div>
 </body>
</html>
