2477 3643
700 92 952 142 'Lrnzn
1017 96 1052 141 1.
1119 89 1556 141 cAvur1v.
1998 100 2071 173 '¹5:-

761 283 810 337 C
870 286 919 338 A
982 286 1020 338 Ρ
1079 290 1131 342 U
1189 285 1240 339 T
1344 284 1368 336 I
1430 285 1498 338 V.

218 407 369 455 Laem
393 420 663 456 veneream
699 399 758 454 ab
790 421 914 456 anno
948 422 1093 474 1494.
1123 404 1398 549 qdspnntem
1432 410 1580 471 1496.
1614 411 1812 475 Europae
1839 401 2063 475 primicm

1003 494 1195 532 Zissnotm
1237 497 1277 529 e.
2060 495 2063 498 ’

364 605 402 648 Α
422 620 455 648 R
478 619 506 647 o
528 620 550 648 L
567 619 594 649 u
610 619 627 647 s
667 606 846 650 ostavus
878 608 1149 650 Francorum
1169 606 1266 650 Rex
1291 619 1413 649 arma
1449 600 1596 648 movit
1629 601 1678 646 in
1707 599 1879 646 Italiam
1900 600 2052 648 mense

363 669 558 730 Augusto
581 669 684 713 anni
714 687 845 727 1494.
876 674 921 714 &
943 669 1132 715 feliciter
1158 669 1397 733 peragratis
1418 666 1618 713 Insubris}
1639 700 1651 719 ,
1674 666 1850 711 Etruria
1872 699 1884 718 ‚
1906 670 2051 712 Statu-

213 747 302 794 que
326 732 621 779 Ecclefiastico
637 768 648 786 ,
667 733 824 779 invasit
843 732 991 780 mense
1016 734 1256 780 Februario
1277 735 1382 779 anni
1399 731 1674 795 insequentis
1695 735 1902 794 Regnum
1925 735 2051 778 Nea-

212 796 463 859 politanum
486 832 497 849 ,
528 799 653 861 quod
689 799 973 844 liaeteditario
1003 803 1098 860 jure
1128 798 1208 844 sibi
1247 798 1520 845 vindicabat.
1567 796 1679 842 Inde
1716 795 1929 860 digressus
1969 797 2048 843 sub

211 861 350 906 finem
383 862 538 909 mensis
574 863 684 909 Maii
718 897 730 916 ,
765 869 810 910 δέ
842 864 990 928 pugna
1017 863 1229 928 superatis
1256 863 1311 910 ad
1347 868 1507 909 Forum
1538 879 1709 908 novum
1741 860 1892 908 mense
1928 861 2048 915 Julio

211 925 440 973 hostilibus
460 933 738 975 Venetorum
763 930 902 992 copiis
916 963 927 980 ,
947 930 994 974 in
1012 930 1172 974 Gallias
1189 929 1382 992 gloriose
1410 927 1543 974 rediit
1562 925 1715 973 mense
1734 926 1928 973 Octobri
1945 927 2050 973 anni

219 1007 360 1054 1495.
392 992 619 1040 Gilbertus
656 998 759 1039 Dux
792 993 1184 1058 Montispenserii‚
1218 994 1241 1039 ὲ
1272 995 1403 1057 stirpe
1434 992 1557 1056 regia
1580 1025 1592 1045 ‚
1613 991 1691 1055 qui
1719 1009 1821 1037 cum
1844 992 2047 1057 praesidio

212 1064 336 1102 6000
371 1058 566 1104 militum
586 1058 761 1104 relic'kus
781 1057 927 1105 fuerat
947 1093 959 1111 ‚
982 1063 1189 1122 Regnum
1210 1058 1288 1104 sub
1318 1058 1493 1104 ditione
1517 1057 1711 1103 retinere
1726 1073 1924 1103 conatus
1955 1060 2016 1104 est
2030 1092 2046 1112 ,

211 1123 412 1186 quandiu
448 1123 590 1175 vixit3
612 1122 685 1169 sed
720 1123 901 1170 tandem
937 1125 1054 1169 Galli
1084 1126 1177 1188 post
1212 1123 1327 1169 illius
1351 1123 1527 1169 obitum
1557 1122 1604 1168 in
1642 1136 1786 1185 partes
1824 1122 2011 1169 disti-aeti
2029 1156 2046 1176 ,

211 1188 618 1251 Neapolitanorum
648 1187 836 1251 perfidi&
859 1188 1026 1252 proditi
1046 1222 1058 1241 ‚
1081 1194 1125 1234 δε
1148 1187 1522 1251 Arragonensrum
1543 1187 1682 1250 copiis
1702 1220 1712 1238 ,
1731 1204 1827 1249 qua:
1847 1187 1870 1232 :i
1893 1187 2046 1234 Sicilia

209 1250 604 1299 transfretaverant
620 1286 631 1304 ,
653 1252 758 1317 pulsi
775 1287 787 1305 ,
803 1257 964 1316 Regno
986 1252 1207 1300 decedere
1228 1253 1369 1298 comiti
1390 1253 1485 1297 fiunt
1507 1251 1561 1297 ad
1580 1250 1716 1296 finem
1735 1252 1838 1297 anni
1865 1261 2001 1310 1496.

271 1322 368 1362 Hac
390 1317 560 1382 epochfi
580 1318 699 1363 luem
719 1335 957 1364 veneream
980 1321 1166 1382 Europa:
1199 1317 1392 1382 primum
1423 1315 1664 1363 innotuiffe
1695 1317 1896 1362 constans
1926 1316 2046 1364 fama

212 1382 271 1428 est
288 1416 299 1434 ‚
326 1400 407 1428 nec
429 1383 552 1427 inani
583 1382 681 1428 sane
712 1381 1010 1429 fundamento
1031 1417 1043 1435 ,
1065 1382 1167 1429 cum
1198 1383 1280 1428 hac
1301 1382 1358 1429 de
1380 1399 1427 1428 re
1455 1380 1785 1428 consentientes
1803 1381 2045 1429 habeamus

211 1448 459 1511 Scriptores
494 1448 701 1494 Medicos
728 1466 885 1494 omnes
906 1482 917 1500 ‚
961 1448 1039 1511 qui
1075 1449 1123 1494 in
1153 1448 1279 1494 Itali&
1319 1465 1374 1494 eo
1411 1463 1614 1512 tempore
1649 1445 1859 1493 vixerunt
1908 1452 1954 1493 δε
1987 1448 2044 1495 de

206 1513 362 1576 primis
383 1513 532 1559 morbi
553 1512 770 1559 natalibus
794 1512 1076 1577 scripserunt„
1102 1513 1243 1576 Igitur
1261 1528 1309 1558 ut.
1335 1510 1528 1558 difficilis
1559 1517 1606 1557 <Sc
1625 1511 1788 1575 agitata
1813 1511 1891 1557 diu
1910 1513 2045 1575 quaes-

204 1578 272 1623 tio
292 1593 416 1624 certo
440 1583 486 1624 &
510 1595 636 1642 atquo
663 1578 833 1640 judicio
854 1578 1032 1625 tandem
1064 1579 1301 1624 dirimatur
1318 1611 1331 1630 ,
1353 1576 1452 1623 fiatis
1485 1579 1543 1624 est
1561 1576 1604 1638 „fi
1624 1576 1843 1641 potiffima
1863 1576 2045 1625 illorum

206 1643 459 1688 testimonia
493 1644 612 1689 nude
644 1661 936 1707 congeramus
968 1662 1021 1690 ex
1051 1643 1375 1706 Chronologiae
1407 1643 1570 1688 ordine
1590 1676 1603 1695 ,
1623 1657 1671 1687 ut
1691 1642 1798 1688 inde
1815 1642 2044 1690 manifeste

208 1707 378 1770 liqueat
400 1741 413 1760 ‚
454 1717 515 1752 10.
545 1712 685 1754 Luem
714 1725 956 1755 veneream
991 1726 1048 1755 eo
1079 1724 1281 1772 tempore
1315 1709 1363 1753 in
1397 1707 1520 1752 Itali&
1548 1706 1740 1770 primum
1771 1708 2045 1770 apparuilse‚

207 1771 329 1819 unde
350 1773 397 1818 in
416 1788 592 1820 caeteras
612 1776 797 1838 Europae
819 1773 1024 1837 regiones
1050 1772 1180 1819 brevi
1205 1771 1480 1818 diffeminata
1508 1772 1571 1816 sit.
1604 1781 1667 1818 20.
1684 1770 1904 1817 Morbum
1924 1773 2046 1819 hunc

210 1837 265 1883 ab
295 1837 486 1900 antiquis
517 1837 870 1902 quibuscumque
903 1837 1072 1884 morbis
1103 1837 1324 1902 disparem
1353 1871 1365 1889 ,
1402 1837 1425 1882 εὶ
1455 1837 1635 1883 nemine
1669 1852 1775 1882 tunc
1811 1837 2046 1900 cognitum

208 1901 350 1949 fuilse.
383 1911 445 1963 30.
469 1904 566 1948 Imo
584 1904 741 1950 contra
759 1903 965 1950 Medicos
982 1903 1127 1949 morbi
1149 1903 1352 1948 novitate
1368 1902 1592 1966 perculsos
1609 1935 1620 1954 ‚
1643 1907 1689 1948 δε
1709 1900 2014 1948 remediorum
2029 1936 2043 1956 ,

206 1985 302 2031 quae
324 1968 371 2014 in
389 1968 601 2014 similibus
616 1967 845 2015 affedhbus
863 1967 959 2014 usui
974 1967 1057 2015 effe
1079 1968 1279 2014 solebant
1296 2001 1307 2019 ,
1329 1965 1619 2014 inefficaciam
1640 1982 1846 2030 expertos
1860 2000 1872 2018 ,
1895 1967 1983 2030 quo
2001 1967 2044 2015 se

208 2049 436 2079 verterent
463 2034 593 2098 plane
624 2033 854 2081 nescivisse
872 2068 884 2085 ‚
906 2039 953 2078 &
973 2049 1061 2079 tam
1081 2034 1185 2080 dirae
1207 2032 1291 2079 luis
1322 2032 1602 2079 curationem
1620 2031 1977 2079 Circulatoribus
1997 2038 2045 2079 ὃς

209 2099 444 2162 Empiricis
462 2098 723 2162 aliquandiu
743 2097 994 2163 permisisse.

280 2169 314 2209 1.
345 2163 600 2210 Coradinus
638 2164 841 2216 Gilinus,
882 2163 1061 2209 Artium
1092 2166 1139 2208 δεῖ
1169 2161 1411 2209 Medicinae
1442 2164 1643 2215 Docstor,
1676 2164 1718 2208 in
1751 2164 1955 2224 Opusculo
1993 2164 2042 2212 de

205 2229 366 2278 Morbo
387 2231 548 2275 Gallico
562 2268 577 2283 ,
596 2229 720 2292 quod
740 2229 796 2275 ad
816 2227 1150 2291 Sigismundum
1170 2232 1345 2273 Ducem
1366 2226 1589 2274 Estensem
1604 2261 1617 2280 ‚
1636 2228 1854 2273 Herculis
1871 2234 1905 2274 Ι.
1941 2232 2041 2276 Du-

207 2295 268 2341 cis
294 2293 576 2341 Ferrariensis
604 2294 744 2340 filium
775 2293 995 2340 scribebat
1015 2327 1027 2345 ,
1056 2292 1112 2337 sic
1135 2292 1341 2356 praefatur
1358 2310 1369 2336 t
1387 2314 1410 2330 κ
1430 2291 1547 2338 Cum
1570 2309 1689 2338 anno
1722 2291 1869 2356 elapso
1903 2302 2039 2352 1496.

203 2360 384 2406 morbus
402 2359 587 2423 quidam
612 2358 856 2406 saeviffimus
889 2357 1096 2406 mortales
1125 2357 1477 2421 quamplurimos
1501 2356 1717 2403 invaserit
1734 2372 1825 2402 tam
1843 2357 1891 2402 in
1908 2363 1995 2405 l'ta-
2016 2380 2040 2400 e«

206 2425 265 2471 lia
280 2459 292 2477 ‚
312 2424 447 2488 quam
470 2424 602 2469 etiam
627 2424 742 2472 ultra
771 2440 947 2470 montes
964 2458 976 2476 ,
996 2423 1114 2468 hunc
1140 2422 1236 2468 Itali
1263 2422 1474 2468 morbum
1493 2422 1714 2469 Gallicum
1734 2422 1957 2486 appellant
1976 2457 1989 2476 ‚
2011 2447 2040 2466 ee

206 2507 312 2536 eum
346 2488 495 2534 Gallos
519 2489 565 2534 in
592 2489 762 2535 Italiam
797 2487 1042 2554 apportaffe
1081 2485 1314 2534 afferentes
1348 2506 1358 2532 ε
1392 2487 1510 2533 Galli
1544 2488 1656 2534 vero
1680 2486 1884 2533 Italicum
1918 2487 1995 2535 seu
2016 2509 2042 2528 cc

205 2554 561 2618 Neapolitanum
594 2553 802 2600 morbum
828 2555 1063 2600 nominant
1078 2587 1090 2605 ,
1110 2570 1165 2599 eo
1187 2552 1310 2615 quod
1330 2551 1378 2597 in
1411 2551 1537 2599 Italia
1554 2586 1567 2605 ‚
1589 2557 1635 2598 &
1654 2552 1845 2597 maxime
1867 2556 1993 2599 Nea·
2012 2574 2040 2594 ce

206 2619 300 2684 poli
325 2618 369 2666 se
399 2619 479 2664 hac
513 2619 761 2664 truculenti
798 2621 914 2684 peste
940 2617 1119 2665 affectos
1153 2617 1238 2664 effe
1274 2616 1546 2670 dicant3vel·
1571 2616 1676 2680 quia
1704 2617 1780 2663 iste
1813 2617 1996 2665 morbus
2013 2637 2041 2658 κ

210 2701 412 2746 tempore
434 2682 634 2729 transitus
658 2685 890 2730 Gallorum
916 2684 1027 2729 citra
1047 2699 1221 2729 montes
1245 2683 1292 2728 in
1326 2682 1451 2728 Italia&
1473 2682 1588 2728 visus
1607 2683 1681 2729 est.
1718 2685 1772 2727 Et
1792 2682 1897 2745 quia
1917 2683 1989 2728 hic
2012 2702 2042 2723 ee

209 2747 391 2794 morbus
410 2748 525 2810 apud
545 2748 795 2795 Modernos
814 2764 1124 2795 INCOGNITUS
1145 2750 1205 2794 est
1221 2781 1233 2801 ‚
1251 2747 1473 2811 variaeque
1490 2747 1548 2794 de
1572 2765 1628 2794 eo
1649 2745 1992 2810 disceptationes
2011 2767 2039 2786 κ

206 2813 325 2860 inter
340 2812 543 2873 Phyficos
569 2817 583 2871 (
600 2814 822 2873 Medicos)
844 2814 1004 2860 habitae
1022 2813 1203 2859 fuerunt
1222 2812 1506 2859 &habentur
1524 2845 1537 2864 ,
1552 2812 1735 2858 decrevi
1749 2811 1918 2873 aliquid
1935 2812 1992 2857 de
2011 2829 2038 2848 κ

205 2896 264 2926 eo
280 2882 373 2942 ‘pro
390 2874 557 2940 exiguis
574 2879 793 2942 ingenioli
815 2880 904 2926 mei
921 2878 1088 2926 viribus
1102 2877 1295 2924 scribere
1313 2911 1324 2929 ‚
1342 2878 1476 2939 quam
1496 2876 1747 2923 breviffime
1767 2892 1939 2937 potero.
2009 2894 2035 2913 ει

272 2948 290 2988 I
309 2948 341 2988 1.
374 2942 590 2989 Nicolaus
611 2945 887 2990 Leonicenus
908 2977 919 2994 ,
943 2943 1204 2989 Vicentinus
1222 2977 1234 2994 ‚
1255 2940 1476 2988 Profeffor
1498 2941 1704 2986 Medicus
1725 2937 2005 2987 Ferrarienfis
2019 2972 2033 2992 ,

208 3007 387 3055 celeber
407 3007 645 3054 Medicinae
665 3012 825 3053 Graecae
843 3009 1104 3053 instaurator
1121 3039 1133 3057 ,
1150 3007 1197 3051 in
1219 3006 1393 3052 Libello
1415 3011 1486 3050 De
1505 3005 1663 3052 Morbo
1683 3006 1844 3051 Gallico
1865 3043 1879 3058 ,
1898 3021 2033 3069 quem

209 3072 267 3120 ad
291 3075 511 3124 Ioannem
535 3072 810 3119 Franciscum
842 3070 1226 3117 Mirandulensem
1256 3069 1527 3116 Concordiae
1560 3071 1794 3116 Comitem
1821 3103 1833 3121 ,
1873 3068 2035 3134 scripsit

206 3155 327 3185 anno
362 3155 492 3200 1497.
524 3136 695 3205 'probat
723 3137 867 3185 statim
903 3154 1025 3185 novos
1057 3138 1189 3185 Italiae
1227 3136 1433 3199 advemffi’
1465 3134 1613 3183 morbos
1649 3133 1852 3200 prioribus
1879 3135 2034 3198 saeculis

2165 616 2324 658 Carolus¹

2097 666 2205 705 VIII.
2222 671 2327 708 Fran-

2093 729 2225 758 corum
2245 724 2327 764 Rex

2095 771 2268 824 Regnum

2095 825 2311 877 Neapolita;

2095 888 2181 913 num
2208 881 2329 920 armis

2092 927 2223 967 invafit
2246 942 2328 978 ann,

2102 992 2263 1029 1494·-

2119 1339 2209 1391 Quo
2225 1353 2325 1382 rema

2091 1402 2179 1440 pore
2207 1394 2282 1433 lues

2091 1455 2241 1482 venerea
2286 1460 2321 1484 m

2090 1495 2235 1559 Europa
2252 1500 2321 1550 pri-

2091 1561 2191 1586 mun]
2209 1563 2320 1589 ΙΠΠΟΨ,

2090 1600 2173 1639 tuit.

2142 2176 2316 2224 Testibus,

2088 2232 2273 2269 Coradmo

2086 2283 2223 2320 GilinO.
2277 2287 2299 2325 ς’

2142 2350 2163 2375 ·Ῑ
2171 2349 2217 2381 49
2226 2349 2268 2386 Ζ(

2128 2957 2289 2996 Nicolao‘

2075 3007 2291 3053 Leonicenoi

2132 3076 2149 3112 .¹
2158 3077 2252 3117 492-
