2477 3643
354 163 529 225 '2138
784 157 906 207 DE
969 155 1343 207 M-oRnts
1409 155 1905 207 VENERE'IS.

215 582 435 636 Qra-.

158 636 257 674 tione
289 637 396 672 Mer-

160 689 282 725 eutius
310 687 398 725 sali-

163 741 347 778 vationem

161 792 299 843 semper
325 806 395 830 non

161 857 310 885 moveat
331 855 342 884 .>

165 2862 394 2902 Mercurium

163 2911 212 2949 lui
242 2927 393 2955 venereae

163 2965 359 3006 efficaciter

166 3018 299 3055 mederi
327 3020 395 3058 (ine

164 3067 382 3122 salivatione.

500 247 566 290 60.
600 238 907 292 Iniralesceute
921 240 974 290 in
995 240 1112 290 hunc
1132 238 1319 289 modum
1345 235 1487 286 salivae
1511 234 1632 285 fluxu
1663 237 1902 295 imminui,
1932 237 2026 288 imo
2056 238 2133 315 sup
2167 238 2276 293 rim}

427 302 611 365 *necesse
629 307 689 370 est
706 307 972 356 secretiones
995 322 1171 355 caeteras
1192 321 1348 352 omnes
1373 301 1466 351 sere
1488 320 1499 357 ς
1527 301 1700 362 sanguis
1727 305 1847 352 enim
1864 338 1877 359 ,
1898 303 1989 371 quo
2011 305 2176 372 largius
2201 305 2271 356 sa-

438 370 648 423 livationi
678 370 836 420 sufficit
853 406 868 426 ,
891 372 946 420 eo
970 370 1140 437 parcius
1168 368 1335 418 exteris
1363 367 1502 433 potest
1522 364 1722 416 sufficere
1753 388 1764 416 ι
1798 372 1923 418 Unas
1950 369 2119 420 tantum
2151 373 2274 420 exci-

427 436 585 500 ,pimus
614 436 821 486 diuresim
849 441 895 483 ὃς
916 433 1216 501 diaphoresim
1235 467 1247 487 ,
1263 449 1358 499 quae
1377 447 1526 481 tamen
1547 431 1691 480 solent
1713 433 1850 481 etiam
1867 434 1965 501 ipsae
1985 434 2106 483 haud
2122 437 2272 485 levem

441 501 740 549 deceffionem
753 502 868 548 inde
888 516 995 565 pati.

498 571 566 612 ΙΙ.
606 571 773 613 Rarum
804 567 891 618 est,
922 564 996 611 sed
1024 579 1174 610 tamen
1199 560 1386 609 indubia
1413 559 1688 627 experientia
1718 577 2000 628 compertum
2017 595 2030 615 ,
2055 578 2104 610 ut
2133 564 2272 612 modo

432 630 608 679 dicium
627 631 712 677 fuit
732 665 745 684 ‚
776 630 1057 678 Mercurium
1077 623 1307 674 effeckibus
1337 626 1420 673 suis
1451 642 1659 690 magnam
1681 642 1852 691 partem
1877 627 2150 693 quandoque
2170 629 2274 678 des..

441 696 572 749 timi,
603 697 708 743 licet
735 711 830 743 arte
848 728 861 748 ‚
886 693 1104 741 methodo
1124 726 1137 745 ,
1160 691 1254 738 dosi
1273 690 1436 739 debitis
1466 690 1795 738 administretur
1815 726 1828 744 ,
1855 691 2146 757 frustrataque
2174 713 2272 743 me-

440 761 644 808 dentium
674 767 720 807 δε
740 759 1052 824 aegrotantium
1079 757 1152 822 spe
1174 775 1257 804 nec
1282 757 1368 803 ulla
1398 754 1570 804 inferre
1600 755 1750 803 ulcera
1777 757 1826 802 in
1856 775 1936 804 ore
1955 792 1968 811 ,
1998 757 2072 805 vel
2103 776 2275 823 pauca,

440 842 653 878 cutanea,
679 826 826 878 levia3
853 843 935 872 nec
955 824 1092 871 ullam
1116 821 1426 870 salivationem
1451 821 1675 873 excitare,
1704 821 1775 868 vel
1801 823 2087 886 perexiguam
2109 829 2154 869 &
2176 823 2274 891 spu-

441 891 602 938 tationi
632 890 775 955 potius
802 890 938 955 quam
967 887 1217 936 salivationi
1241 887 1442 934 similem.
1473 886 1643 932 Mirum
1674 884 1876 950 profeci&
1904 902 1994 934 tam
2023 887 2174 950 quiete
2202 892 2276 937 in-

440 971 509 1002 tra
544 974 703 1020 corpus
731 954 972 1019 aliquando
1009 952 1151 1000 adesse
1184 952 1435 999 remedium
1465 950 1615 1002 idem,
1651 950 1676 996 a
1711 968 1802 1014 quo
1830 966 1970 998 tantas
1998 956 2276 1016 tempestates

428 1021 658 1068 concitari
691 1021 872 1067 solenne
898 1022 970 1067 est.
1010 1020 1055 1066 Si
1073 1017 1184 1081 quid
1212 1033 1361 1064 autem
1389 1014 1653 1077 conjeCruris
1673 1015 1800 1062 valeo
1820 1049 1833 1069 ,
1860 1016 2038 1064 videtur
2057 1017 2107 1063 id
2127 1035 2275 1068 totum

429 1086 733 1151 repetendum
760 1085 845 1132 esse
872 1085 928 1132 ab
958 1084 1043 1132 unzi
1062 1099 1135 1129 aut
1156 1082 1293 1129 altera
1310 1081 1534 1129 causarum
1568 1079 1863 1143 sequentium.

505 1159 568 1196 10.
601 1151 645 1197 Si
687 1151 798 1197 cutis
832 1149 998 1203 densa,
1034 1150 1296 1213 compa&a‘‚
1334 1145 1441 1194 vasis
1480 1145 1669 1191 nimium
1703 1146 1892 1210 turgidis
1922 1146 2163 1212 constipata
2199 1149 2282 1195 ind

435 1216 637 1281 greffuro
669 1216 903 1263 Mercurio
932 1214 1077 1262 minus
1107 1212 1262 1279 pervia
1297 1211 1347 1258 sit
1368 1245 1382 1265 ,
1418 1228 1554 1276 quem
1587 1209 1694 1257 ideo
1724 1212 1855 1277 parce
1874 1245 1888 1266 ‚
1915 1213 2161 1276 parciffime
2192 1215 2274 1261 ad-

437 1297 609 1328 mittat.

501 1354 568 1392 20.
615 1344 661 1392 Si
691 1343 864 1407 sanguis
890 1343 1047 1390 natura
1079 1342 1235 1389 siccior
1252 1375 1264 1394 ,
1291 1338 1575 1404 quantumvis
1594 1338 1617 1384 a
1639 1339 1874 1386 Mercurio
1895 1355 2111 1388 atteratur
2130 1376 2143 1396 ‚
2167 1360 2272 1408 pau.

434 1428 533 1458 cam
550 1446 562 1464 ‚
593 1410 891 1474 paucissimam
917 1409 1136 1475 limpham
1162 1407 1363 1471 suggerat
1383 1439 1396 1459 ,
1423 1421 1518 1468 quae
1540 1403 1793 1451 salivationi
1814 1403 2021 1453 fovendae
2042 1407 2116 1453 vix
2140 1426 2189 1455 ac
2213 1426 2272 1458 ne

435 1476 510 1523 vix
534 1475 717 1540 quidem
741 1471 939 1521 sufficiat.

496 1550 559 1602 3⁰.
601 1540 644 1587 Si
667 1558 753 1603 qua
769 1539 852 1586 alia
871 1537 1107 1586 evacuatio
1125 1571 1138 1589 ,
1157 1535 1276 1582 verbi
1296 1533 1440 1598 gratia}
1460 1551 1538 1598 per
1559 1531 1740 1579 sudores
1759 1566 1771 1586 ,
1791 1533 1966 1581 urinam
1981 1569 1993 1587 ,
2014 1535 2162 1583 alvum
2182 1541 2270 1584 &c.

432 1604 591 1651 natura
607 1639 619 1657 ,
641 1604 738 1651 casu
755 1638 768 1657 ,
795 1620 889 1650 arte
915 1603 1047 1649 solito
1077 1602 1259 1648 uberior
1286 1600 1336 1645 fit
1354 1633 1366 1652 ‚
1393 1599 1514 1645 unde
1539 1597 1708 1662 limpha
1735 1598 1823 1643 alio
1855 1599 2007 1646 aversa
2023 1634 2036 1653 ‚
2058 1601 2146 1664 qua
2176 1620 2273 1649 mo·-

433 1684 503 1715 tus
544 1669 731 1717 liberior
762 1670 823 1717 est
851 1668 1119 1732 faciliorque
1140 1701 1154 1720 ,
1187 1664 1497 1713 salivationem
1530 1663 1773 1716 imminui,
1808 1662 1902 1708 imo
1940 1663 2155 1730 supprimi
2191 1684 2276 1716 ne·-

432 1733 550 1782 cesse
574 1733 639 1781 fit.

502 1809 569 1857 40.
603 1800 648 1847 Si
675 1797 870 1845 salivales
899 1795 1116 1860 glandulae
1149 1794 1304 1841 natura
1323 1793 1395 1840 vel
1419 1792 1581 1839 morbo
1606 1790 1749 1840 densae
1767 1826 1779 1845 ‚
1808 1791 1954 1857 preffae
1971 1828 1984 1847 ‚
2005 1797 2276 1860 cornpatstae,n

428 1864 555 1911 durae
572 1900 583 1917 ‚
617 1863 919 1911 skirrhoidaeae
940 1862 1118 1926 limpliae
1142 1860 1310 1907 salivali
1328 1859 1569 1923 appellenti
1589 1856 1819 1905 difficilem
1838 1892 1852 1912 ,
1875 1859 2072 1924 ideoque
2097 1861 2272 1909 tardam

436 1947 557 1977 viam
618 1944 863 1976 ermittant.

497 2003 560 2057 50.
589 1948 642 2041 {i
672 1992 861 2039 naturali
882 1990 955 2038 vel
978 1988 1140 2037 vitiosa
1160 1987 1383 2049 sanguinis
1407 1985 1591 2034 diathesr
1618 1985 1755 2033 saliva
1773 2003 1895 2059 {quae
1918 1987 1965 2034 in
1989 2005 2038 2034 os
2067 1987 2274 2044 confluit,

436 2058 500 2105 ita
528 2058 684 2110 crassa,
706 2056 875 2105 viscosa
889 2090 900 2109 ‚
931 2055 1105 2120 pinguis
1119 2054 1169 2100 sit
1187 2088 1198 2107 ‚
1217 2069 1265 2099 ut
1289 2051 1446 2098 salibus
1464 2053 1601 2111 stricte
1631 2051 1814 2098 irretitis
1843 2052 2096 2099 acrimoniae
2116 2072 2274 2120 expers

432 2123 514 2170 fiat
535 2158 547 2176 ,
568 2141 649 2171 nec
669 2123 803 2169 ullam
825 2120 1015 2187 proinde
1035 2118 1262 2166 muciferis
1279 2118 1367 2163 oris
1389 2116 1572 2163 vasculis
1592 2135 1755 2163 noxam
1774 2114 1943 2163 inferre
1962 2134 2060 2182 apta
2072 2117 2137 2164 sit.

495 2196 561 2234 6⁰.
593 2189 638 2236 Si
663 2187 912 2252 angustiora
937 2184 1143 2232 vasorum
1164 2184 1343 2230 illorum
1366 2180 1514 2228 oscula
1532 2183 1648 2229 virus
1673 2182 1814 2228 latens
1845 2181 1891 2226 in
1914 2181 2048 2228 saliva
2067 2200 2159 2229 non
2185 2183 2272 2231 im-

436 2251 596 2300 bibant
623 2287 636 2306 ,
661 2254 733 2300 vel
774 2253 835 2298 ita
875 2249 1033 2317 parum
1062 2249 1285 2296 imbibant
1303 2281 1315 2301 ‚
1351 2264 1399 2293 ut
1433 2247 1540 2295 inde
1570 2248 1641 2295 vel
1669 2246 1790 2293 nulla
1819 2246 1888 2293 vel
1916 2246 2127 2294 levissima
2152 2248 2275 2297 labes

436 2318 767 2383 conceptaculis
789 2315 1022 2363 inferatur.

499 2392 566 2442 70.
603 2383 646 2430 Si
668 2381 777 2430 desit
805 2382 877 2429 vel
898 2398 1023 2445 aequo
1056 2377 1248 2425 debilior
1281 2375 1331 2423 fit
1363 2373 1605 2441 sympathia
1622 2409 1632 2427 ,
1657 2392 1752 2438 quae
1779 2375 1897 2422 inter
1923 2375 2015 2422 oris
2050 2376 2271 2426 interiora

438 2447 756 2512 glandulasque
778 2446 974 2493 salivales
995 2443 1107 2491 solet
1127 2442 1424 2489 intercedere.
1454 2442 1524 2488 Sic
1548 2440 1670 2486 enim
1690 2458 1772 2487 nec
1792 2440 1986 2487 irritatio
2000 2476 2012 2494 ‚
2041 2459 2124 2488 nec
2153 2443 2273 2490 exul-

437 2515 608 2560 ceratio
627 2515 717 2560 oris
735 2510 1044 2559 salivationem
1075 2508 1305 2555 ullomodo
1331 2522 1513 2553 moturae
1539 2503 1651 2551 sunt.
1683 2506 1820 2565 Quod
1842 2503 1871 2550 fi
1892 2506 2003 2552 mira
2023 2506 2173 2555 forsan
2198 2507 2270 2554 vi·-

439 2577 599 2625 deatur
622 2596 673 2624 ea
688 2577 877 2624 variatio
894 2576 941 2621 in
961 2573 1214 2639 sympathiis
1234 2606 1247 2625 ‚
1265 2571 1442 2637 qualem
1461 2570 1534 2616 hic
1557 2569 1830 2617 admittimus
1848 2604 1860 2622 ,
1882 2571 2136 2618 attendatur
2156 2605 2169 2624 ,
2192 2591 2271 2619 ve-

438 2641 518 2688 lim
539 2677 551 2694 ‚
581 2642 844 2707 sympathias
867 2640 999 2687 certis
1019 2639 1148 2685 nullis
1177 2638 1319 2684 teneri
1347 2634 1518 2698 legibus
1537 2668 1549 2687 ‚
1584 2633 1660 2681 sed
1692 2635 1738 2680 in
1773 2635 1906 2681 variis
1927 2636 2068 2682 varias
2086 2637 2170 2683 effe
2189 2656 2199 2689 3
2222 2643 2272 2683 δε

437 2705 545 2753 hinc
580 2725 672 2753 non
704 2706 802 2753 raro
835 2705 1008 2753 causam
1036 2702 1121 2751 effe
1151 2719 1228 2748 cur
1253 2702 1327 2748 alii
1360 2701 1453 2747 aliis
1483 2698 1653 2745 facilius
1681 2697 1960 2746 difficiliusve
1989 2699 2045 2746 ab
2074 2703 2271 2749 emerico

440 2789 652 2824 vomant,
682 2772 705 2817 a
733 2770 859 2817 fumo
885 2771 1130 2831 lacryment
1151 2800 1162 2819 ,
1185 2765 1240 2812 ab
1271 2765 1449 2813 errhino
1475 2766 1698 2810 sternuant
1719 2770 1806 2810 &c.

502 2836 727 2884 Caeterum
748 2836 1021 2901 experientia
1052 2832 1176 2880 omni
1208 2831 1381 2877 ratione
1401 2833 1539 2891 major
1561 2828 1767 2875 Medicos
1795 2832 1883 2890 jam
1907 2829 2083 2893 pridem
2112 2828 2269 2877 docuit

443 2903 722 2948 Mercurium
742 2935 754 2954 ‚
774 2902 908 2947 etiam
940 2899 1048 2945 dum
1077 2897 1244 2945 nullam
1274 2895 1582 2943 salivationem
1605 2894 1692 2940 ciet
1708 2927 1720 2946 ‚
1747 2895 1985 2958 caeteroqui
2003 2911 2150 2941 tamen
2168 2894 2269 2941 eos-

443 2966 547 3013 dem
575 2966 756 3014 effecstus
774 2966 821 3011 in
840 2964 1050 3028 sanguine
1066 2964 1262 3028 praestare
1276 2995 1289 3014 ,
1314 2980 1363 3008 ac
1380 2959 1409 3006 si
1429 2959 1630 3006 salivario
1649 2958 1849 3021 legitima
1866 2975 1987 3005 mota
2004 2959 2124 3004 foret
2142 2992 2153 3010 ,
2172 2977 2270 3005 mo-

443 3030 503 3078 do
530 3031 680 3077 debita
710 3031 838 3095 copia
868 3031 923 3076 ad
944 3029 1200 3092 sanguinem
1254 3025 1553 3076 coenaverit,
1584 3029 1629 3070 δε
1652 3024 1843 3088 proinde
1875 3023 2109 3069 attenuatis
2135 3023 2267 3086 liqui·-

435 3096 537 3148 ·dis,
567 3094 767 3143 reseratis
790 3096 896 3142 vasis
912 3129 924 3147 ,
952 3094 1151 3144 restituto
1179 3045 1451 3138 osiillatorio
1472 3088 1665 3154 partium
1692 3104 1817 3134 motu
1836 3121 1849 3140 ‚
1878 3087 2140 3150 disgregatis
2162 3086 2265 3134 obi-

440 3159 567 3229 cibus
586 3193 599 3213 ‚
616 3160 857 3226 profligato
882 3158 1072 3209 seminio
1090 3154 1305 3206 morboso
1324 3157 1446 3206 luem
1475 3170 1716 3203 veneream
1735 3149 1944 3199 radicitus
1964 3152 2152 3217 perinde
2184 3170 2264 3206 ex*⁴

442 3235 616 3289 ¹tapam.
