2477 3643
196 335 249 373 'At
282 343 375 370 neu-

142 397 244 422 trum
265 386 377 422 ratio-

145 451 186 475 ne
212 437 351 475 definiri

143 490 264 541 potest
288 517 300 534 ‚
319 488 378 527 scd

143 542 379 595 experientia.

195 721 282 770 Qufi
306 722 380 759 du-

145 782 187 810 ee
213 787 382 825 compet·

145 827 187 864 ιὶι
212 828 261 865 est
286 831 382 864 Mer-

144 881 286 915 curium
311 878 354 914 ea

147 930 354 980 quantitate

147 981 358 1020 adhibendu

145 1033 272 1077 effe‚ut
283 1034 379 1071 blau-

144 1085 191 1123 da
206 1099 353 1125 movea-

143 1151 203 1176 tur
220 1138 354 1181 saliva-

143 1192 207 1229 tio.

416 107 506 166 982
743 104 850 151 DE
916 103 1875 155 MoRss1svssNER51s;

631 189 805 233 Ratione
836 202 946 233 certa
957 188 1098 248 facere
1115 226 1128 242 ,
1154 187 1280 232 nihilo
1302 189 1396 250 plus
1424 203 1522 249 agas
1540 225 1556 243 ,

640 254 776 314 Qam
797 254 843 313 si
867 253 931 298 des
951 268 1111 316 operam
1133 288 1147 304 ,
1178 265 1223 297 nt
1249 268 1337 297 cum
1357 254 1513 297 ratione
1535 253 1727 314 insanias.

481 313 614 364 Nihil
636 334 746 379 ergo
766 317 870 364 licet
901 317 981 362 hac
1006 317 1062 362 de
1082 333 1128 361 re
1147 314 1338 362 definire
1371 315 1495 379 quod
1541 334 1713 365 certum
1748 318 1826 372 sit,
1852 319 2027 368 ratione
2057 316 2149 368 sola
2182 323 2259 372 seu

419 395 468 427 ut
494 381 618 428 aiunt
646 379 672 427 a
695 385 854 445 priori,
882 380 957 427 sed
991 381 1106 427 duce
1137 379 1309 426 tantum
1330 381 1606 445 experientia
1639 389 1684 430 ἃ(
1714 384 1769 430 ab
1804 384 2033 433 effectibus
2053 420 2066 439 ‚
2098 385 2173 434 seu
2209 403 2258 435 ut

423 447 558 511 vulgo
592 446 748 492 dicunt
775 444 801 491 a
832 445 1047 510 posteriori.
1091 447 1200 503 Quae
1232 462 1380 492 autem
1407 445 1639 511 multiplici
1668 454 1712 494 ὃς
1746 449 1901 508 iterata
1940 451 2258 500 observatione

421 511 504 558 hac
534 512 582 557 in
611 528 657 558 re
679 511 870 556 maxime
890 510 1116 576 explorata
1137 509 1228 575 ipse
1250 511 1457 557 haetenus
1478 510 1668 559 habeam
1685 546 1698 566 ,
1721 513 1844 561 lubet
1876 518 2026 581 paucis
2058 534 2260 582 expone-

422 594 473 624 re
491 612 503 631 ,
529 592 577 623 ut
600 576 628 622 si
647 577 746 640 quis
775 575 876 639 quid
904 580 1062 623 noverit
1097 574 1176 636 zflis
1200 579 1348 624 refixus
1366 614 1382 632 ,
1409 577 1608 623 candidas
1647 582 1849 642 impertiat
1865 618 1880 634 ,
1895 583 1941 643 st
1963 600 2039 628 non
2071 583 2133 628 his
2162 597 2260 628 uta-

426 657 495 690 tur
527 658 690 688 mecum.
1493 661 1495 664 ·

449 751 452 755 .
488 711 522 753 1.
550 712 702 769 Itaque
731 720 1014 771 compertum
1038 707 1096 753 est
1127 705 1399 771 experientia
1420 706 1702 753 Mercurium
1732 707 2000 772 extirpandae
2022 707 2085 754 lui
2114 726 2259 756 vene-

425 789 507 818 reae
531 789 683 835 parem
705 770 818 823 effe,
840 771 1015 834 quoties
1050 772 1302 835 legitimum
1335 771 1616 837 ptyalismum
1649 788 1817 818 movet.
1849 772 2077 830 Quocirca
2109 774 2260 822 danda

424 838 483 883 est
503 854 638 900 opera
674 851 721 882 ut
759 836 960 883 salivario
982 838 1151 883 cieatur
1170 871 1182 889 ‚
1216 856 1308 883 non
1345 836 1574 884 subitanea
1593 870 1606 890 ,
1641 838 1952 890 tumultuaria,
1981 837 2260 894 immodica,

424 902 565 964 qualis
583 901 630 946 in
647 902 850 966 pleniore
873 901 1186 966 hydrargyrosi
1204 937 1216 955 ‚
1238 901 1358 949 unde
1378 902 1577 950 salivales
1600 902 1815 966 glandulae
1836 918 2035 949 tumeant
2054 937 2067 955 ,
2085 903 2174 950 oris
2191 898 2263 949 in-

425 966 593 1013 teriora
621 966 954 1014 inflammentur
971 1002 983 1019 ‚
1006 970 1131 1032 plura
1151 972 1196 1013 δε
1215 966 1440 1032 profunda
1457 966 1680 1014 ulcuscula
1699 969 1747 1013 in
1769 986 1848 1015 ore
1868 983 2099 1032 emergant
2115 1002 2127 1021 ‚
2158 967 2263 1014 sali-

423 1050 479 1078 va
501 1032 557 1079 ad
576 1031 711 1079 libras
740 1036 842 1079 oCto
861 1065 874 1085 ,
904 1049 1071 1079 novem
1094 1066 1105 1084 ‚
1127 1032 1286 1080 decem
1309 1033 1476 1081 defluat
1508 1033 1625 1079 intra
1650 1034 1987 1095 ny6themerum
2015 1052 2026 1087 ·,
2052 1033 2126 1081 sed
2162 1033 2261 1098 pla-

422 1097 523 1144 cida
541 1131 553 1150 ,
572 1098 805 1144 moderata
821 1132 835 1151 ‚
865 1096 1037 1144 remiffa
1053 1131 1066 1151 ,
1084 1097 1214 1144 facile
1234 1099 1471 1145 tra-<stabilis
1486 1131 1498 1152 ,
1519 1115 1615 1162 quae
1635 1099 1705 1144 ori
1726 1098 2129 1146 inflammationem
2156 1098 2261 1145 nul-

421 1162 511 1208 lam
527 1196 540 1215 ,
573 1163 643 1210 vel
662 1163 807 1211 levem
823 1197 837 1216 ,
857 1180 952 1226 quae
970 1163 1120 1211 ulcera
1139 1181 1277 1228 pauca
1297 1169 1343 1210 ἅτ
1362 1163 1656 1228 superficiaria
1686 1162 1850 1211 inferat
1867 1198 1881 1218 ‚
1906 1181 2004 1228 quae
2029 1181 2164 1210 unam
2185 1178 2261 1211 aut

422 1227 608 1275 alteram
626 1262 638 1281 ‚
664 1229 736 1275 vel
758 1229 812 1275 ad
833 1227 1054 1275 summum
1075 1244 1161 1275 tres
1182 1227 1322 1275 salivae
1341 1229 1475 1275 libras
1502 1229 1618 1275 intra
1646 1228 1778 1275 horas
1801 1249 1872 1288 24.
1901 1229 2123 1293 suggerat.

487 1293 630 1357 Igitur
649 1326 662 1345 ,
694 1294 833 1339 statim
868 1310 1000 1357 atque
1036 1311 1090 1339 ex
1125 1293 1266 1340 tribus
1298 1295 1453 1359 primis
1482 1292 1764 1340 frictionibus
1790 1295 2038 1341 innotuerit
2070 1292 2181 1357 quid
2210 1292 2260 1340 in

417 1359 675 1421 aegrotantis
710 1358 970 1422 sanguinem
1000 1361 1252 1405 Mercurius
1284 1360 1455 1411 valeat,
1485 1359 1656 1422 reliqua
1681 1360 1728 1404 in
1756 1359 1873 1405 hunc
1901 1360 2036 1406 finem
2058 1359 2120 1404 ita
2149 1358 2263 1404 diri-

417 1439 549 1485 gatur
578 1424 751 1470 curatio
768 1458 780 1476 ,
806 1424 944 1470 modo
965 1424 1273 1470 inunc‘tionum
1295 1424 1433 1471 dosim
1454 1458 1464 1477 ‚
1485 1425 1624 1470 modo
1646 1425 1933 1471 crebritatem
1951 1459 1964 1477 ‚
1998 1423 2138 1470 modo
2159 1441 2262 1470 cre-

419 1486 628 1535 britatem
658 1487 783 1534 fimul
807 1494 853 1534 &
881 1488 1021 1534 dofim
1039 1489 1322 1536 intendendo
1339 1522 1351 1542 ,
1384 1506 1432 1535 ut
1460 1488 1660 1535 salivario
1691 1507 1744 1535 ex
1768 1490 1885 1545 votis
1906 1490 2085 1536 tandem
2107 1487 2262 1535 succe-

416 1552 522 1606 dat,
550 1572 644 1617 quae
678 1552 708 1598 si
756 1554 990 1601 moderata
1009 1588 1022 1606 ,
1050 1553 1276 1607 fovenda3
1304 1553 1332 1598 fi
1357 1554 1535 1618 parcior
1554 1587 1567 1606 ,
1596 1553 1905 1601 confirmanda
1933 1555 2062 1600 novis
2081 1553 2261 1599 [[ἰᾶἰο-

416 1617 576 1673 nibus·‚
605 1618 635 1664 si
667 1616 818 1664 forsan
848 1618 1192 1665 immoderatior
1217 1618 1291 1670 s1t,
1320 1619 1602 1683 reprimenda
1629 1621 1714 1671 est,
1746 1620 1882 1666 &aad
1907 1622 2094 1684 modung
2123 1618 2260 1664 redu-

415 1683 562 1729 cenda
590 1701 643 1729 ex
675 1684 778 1729 artis
806 1683 992 1747 legibus.
1031 1685 1228 1730 Proinde
1250 1701 1296 1729 ut
1319 1702 1371 1730 ex
1395 1683 1620 1745 cynosurae
1643 1684 1815 1749 aspectu
1833 1683 2133 1748 navigationis
2152 1701 2259 1729 cur-

413 1746 485 1793 sus
506 1781 518 1801 ,
551 1747 607 1794 fic
639 1766 691 1796 ex
721 1747 994 1796 salivationis
1026 1749 1256 1815 praesentia
1289 1754 1335 1796 δε
1357 1750 1499 1813 gradu
1527 1750 1801 1797 mercurialis
1833 1749 2060 1815 therapeia
2086 1748 2260 1813 semper

414 1813 616 1875 regenda
644 1815 717 1861 est.

478 1881 643 1925 Errant
671 1878 840 1941 igitur,
874 1878 953 1944 qui
983 1895 1140 1943 putant
1171 1879 1479 1926 salivarionem
1508 1878 1555 1925 in
1589 1879 1785 1925 curanda
1817 1879 1890 1926 lue
1922 1878 2117 1926 venerea
2147 1894 2258 1925 cane

416 1945 541 2007 pejus
568 1948 614 1988 &
646 1960 789 2005 angue
812 1943 1043 1990 vitandam
1064 1944 1150 1991 effe
1168 1979 1180 1997 ,
1214 1945 1410 2008 ideoque
1433 1944 1481 1989 in
1511 1961 1567 1990 eo
1596 1944 1682 1989 toti
1706 1944 1805 1990 sunt
1827 1961 1875 1991 ut
1900 1943 2165 2007 parcissimas
2184 1961 2257 1988 ra-

417 2005 685 2071 riffimasque
705 2007 936 2056 friCtiones
957 2008 1201 2057 adhibeant
1220 2029 1231 2055 :
1261 2011 1329 2056 Sic
1353 2009 1475 2055 enim
1502 2026 1688 2073 operam
1705 2009 1867 2055 ludunt
1885 2008 2008 2055 suam
2023 2041 2038 2061 ‚
2067 2007 2258 2072 suosque

416 2071 643 2119 deludunt
671 2088 953 2134 aegtotantes.

479 2140 582 2185 Nec
610 2137 751 2183 multo
782 2137 921 2184 levius
953 2153 1135 2200 peccant
1155 2171 1169 2190 ‚
1196 2136 1273 2200 qui
1306 2152 1475 2184 motam
1502 2136 1575 2183 vel
1602 2138 1917 2185 imminentem
1945 2135 2257 2185 salivationem

416 2201 738 2267 intempestivis
765 2201 1106 2267 purgationibus
1135 2202 1384 2267 reprimunt
1409 2203 1482 2249 vel
1510 2219 1719 2250 coercent
1736 2222 1747 2257 3
1765 2219 1908 2266 ‘atque
1927 2202 2042 2248 adeo
2069 2205 2258 2248 Mercu-

420 2267 538 2312 rium
558 2301 569 2319 ,
598 2267 705 2313 dum
734 2283 890 2332 optato
909 2268 1036 2313 instat
1055 2268 1208 2332 operi,
1239 2283 1431 2313 evocant
1453 2271 1500 2314 δέ
1519 2284 1761 2321 amovent3
1794 2267 1849 2314 sic
1882 2268 2005 2314 enim
2035 2266 2084 2313 id
2114 2285 2253 2314 unum

418 2331 631 2379 videntur
650 2350 783 2396 agere
799 2366 812 2384 ‚
833 2349 879 2379 ut
899 2333 1088 2396 operose
1107 2332 1219 2378 nihil
1240 2348 1389 2395 agant.

482 2397 618 2443 Haud
647 2397 858 2462 equidem
887 2415 1004 2460 nego
1037 2396 1271 2460 aliquoties
1297 2396 1384 2443 fine
1407 2395 1669 2444 salivatione
1699 2397 1819 2443 luem
1841 2413 2082 2442 veneream
2105 2393 2255 2441 felici-

418 2476 486 2508 ter
518 2462 781 2526 extirpatam
806 2461 932 2508 fuiffe
950 2496 962 2514 ,
989 2480 1081 2526 quae
1111 2479 1262 2508 recens
1288 2462 1393 2508 effer
1423 2467 1469 2508 δε
1495 2463 1605 2509 levis
1623 2496 1634 2513 ‚
1669 2466 1715 2508 δε
1745 2478 1839 2525 quae
1864 2475 2129 2524 aegrotantes
2157 2458 2254 2506 affi-

418 2542 543 2573 ceret
567 2529 800 2574 Mercurio
831 2526 961 2573 facile
992 2525 1312 2591 obsequiosos:
1341 2529 1400 2572 At
1430 2527 1538 2574 vero
1559 2544 1756 2591 pernego
1786 2524 1905 2591 posse
1927 2526 2034 2572 inde
2054 2542 2254 2588 unquam

418 2592 575 2654 colligi
606 2591 914 2639 salivationem
935 2591 1106 2656 semper
1145 2591 1443 2638 omittendam
1473 2589 1558 2638 esse
1590 2592 1636 2636 in
1670 2591 1901 2638 curatione
1935 2591 2018 2636 luis
2052 2606 2254 2636 venereae

417 2657 750 2720 cujuscumque.
786 2656 918 2717 Quasi
950 2659 1058 2704 vero
1079 2692 1090 2709 ,
1120 2656 1149 2701 [ι
1177 2656 1285 2720 quid
1316 2655 1447 2702 semel
1479 2656 1701 2702 iterumve
1746 2655 1955 2720 prospere
2003 2654 2254 2701 successerit

419 2720 523 2767 casu
546 2722 618 2768 vel
647 2720 858 2774 fortunii,
886 2722 1049 2769 debeat
1072 2722 1194 2768 illico
1220 2721 1327 2767 inde
1353 2721 1602 2784 exemplum
1632 2720 1742 2766 sumi
1759 2753 1772 2772 ,
1802 2721 1927 2783 quod
1954 2720 2002 2764 in
2027 2720 2254 2782 posterum

417 2803 578 2834 norma
605 2785 680 2832 fiat
700 2820 714 2840 ,
745 2787 879 2833 etiam
906 2804 1062 2832 contra
1089 2803 1263 2849 aequum
1290 2791 1335 2831 δέ
1363 2785 1534 2843 bonum
1558 2804 1567 2830 :
1600 2789 1693 2831 Aut
1719 2785 1843 2847 quod
1871 2787 1993 2848 pejus
2020 2786 2107 2836 est,
2133 2784 2256 2847 quafi

416 2850 542 2898 nefas
570 2850 691 2899 foret
720 2851 776 2898 ad
804 2851 982 2897 consilia
1009 2850 1142 2897 tutius
1172 2851 1433 2914 exequenda
1461 2850 1589 2896 novis
1617 2855 1661 2895 Sc
1690 2847 2007 2894 munitioribus
2034 2849 2118 2895 viis
2148 2850 2214 2895 uti
2232 2882 2249 2902 ‚

415 2934 526 2980 quas
546 2914 760 2964 indefes&
782 2934 931 2963 rerum
950 2916 1206 2963 observatio
1227 2915 1419 2962 feliciter
1439 2915 1625 2979 parturit
1648 2913 1705 2960 ad
1724 2913 1936 2960 utilitates
1955 2915 2135 2960 nostras.
2165 2918 2252 2961 Nae

415 2981 531 3028 mihi
553 2982 764 3028 videntur
780 3014 792 3033 ,
820 2982 897 3046 qui
917 2981 971 3027 fic
992 2982 1255 3044 vitilitigant
1275 3015 1286 3033 ‚
1315 2998 1404 3028 non
1430 2980 1633 3026 firmiore
1657 2979 1783 3025 causa
1805 2979 1888 3025 niti
1907 3012 1918 3032 ‚
1944 2979 2078 3042 quam
2101 2978 2128 3023 fi
2152 2979 2253 3041 quis

417 3045 642 3109 praefiniit&
672 3046 776 3092 ideb
802 3047 1049 3094 contendat
1074 3046 1373 3109 navigationis
1402 3045 1577 3091 cursum
1604 3044 1691 3090 fine
1717 3044 1881 3108 pjvxide
1902 3044 2077 3089 nautica
2100 3043 2249 3089 felici-

421 3125 487 3155 ter
515 3129 630 3157 nunc
661 3111 755 3174 regi
780 3116 825 3156 &⁸
855 3112 974 3175 posse
1001 3117 1047 3157 &
1073 3112 1242 3158 debere
1260 3144 1281 3163 ³.
1300 3110 1423 3173 quod
1447 3110 1695 3171 contigerit
1719 3107 1871 3154 forsan
1897 3107 2166 3171 aliquando,
2195 3120 2249 3151 ut

420 3173 469 3219 in
499 3176 695 3240 regenda
722 3175 832 3241 navi·
855 3175 1001 3225 ventis
1030 3176 1236 3223 secundis
1265 3174 1359 3222 aeta
1385 3175 1515 3239 pyxis
1542 3173 1655 3221 nulli
1683 3173 1821 3221 fuerit
1850 3173 1946 3220 usui
1965 3205 1981 3226 2
2016 3171 2092 3219 vei
2120 3170 2247 3234 quod
