2477 3643
643 154 890 200 Lrnrit
955 151 1088 199 111:
1155 151 1424 200 canui·
1488 155 1694 201 VIII.
1939 163 2028 215 269

198 230 541 284 fflorrhoiclibus
559 231 633 279 vix
657 249 853 296 unquam
871 231 1025 277 induci
1045 231 1170 296 poffit
1185 251 1196 286 ς
1211 234 1477 298 potissimuin
1494 236 1600 281 vero
1625 234 1747 299 quod
1769 250 1820 282 ea
1837 241 2029 285 coareta-

197 298 267 345 tio
287 297 332 342 in
357 297 534 343 cinaedis
556 298 633 360 qui
660 297 820 342 morbo
848 298 1047 361 corrupti
1067 297 1164 344 sunt
1181 332 1190 350 ,
1210 300 1425 364 perpetuo
1444 303 1739 363 conjungatur
1769 317 1867 346 cum
1896 302 1988 349 ficis
2007 337 2023 356 ,

200 361 419 413 mariscis,
443 363 576 407 cristis
608 361 760 409 aliisve
791 361 862 407 ani
898 361 1146 410 tumoribus
1172 396 1186 416 ‚
1216 364 1295 428 qui
1323 382 1473 412 veram
1508 364 1820 412 coarctationis
1850 367 2025 414 causam

198 426 377 474 abunde
397 426 628 473 denotant.

271 493 493 553 Prognofis.
548 494 610 536 1⁰.
657 489 868 552 Phymata
907 490 1065 538 callosa
1116 492 1384 557 chordaeque
1437 493 1698 541 skirrhodes
1731 493 1993 557 genitalium
2011 526 2024 548 ,

197 555 397 619 quandiu
425 556 582 618 exigua
609 589 621 609 ‚
660 556 845 603 mobilia
876 590 888 608 ‚
919 573 1057 621 pauca
1083 555 1208 609 sunt,
1242 559 1404 604 nullius
1433 558 1526 605 fere
1559 560 1777 605 momenti
1796 575 2022 623 putantur.

195 620 367 666 Contra
401 621 510 666 vero
532 621 822 667 incommoda
847 620 944 667 sunt
960 655 973 672 ,
994 620 1025 665 si
1054 638 1243 668 numero
1260 657 1272 674 ,
1294 623 1413 668 mole
1433 657 1444 675 ,
1474 624 1640 670 duritie
1658 624 1919 689 praeputium
1949 640 2023 670 aut

191 687 361 747 vaginae
383 684 539 730 ostium
559 686 689 731 nimis
711 688 936 731 coarctent
955 690 1001 731 &
1021 686 1196 732 venetis
1215 686 1308 732 usui
1328 685 1538 734 officiant.

214 793 217 796 ,
256 758 317 794 2⁰.
355 749 557 803 Malum,
586 750 614 794 fi
644 751 851 815 phymata
884 749 1120 796 chordaeve
1154 751 1368 816 incipiant
1393 753 1583 799 latenter
1616 753 1662 799 in
1692 753 2022 800 carcinomato-

189 811 280 860 den
306 829 510 860 naturam
535 814 776 861 desciscere
810 834 821 867 ;
852 814 1079 879 pessimum
1099 848 1111 866 ‚
1134 813 1163 859 fi
1198 821 1285 877 jam
1311 817 1581 864 desciverint
1601 851 1613 870 ,
1641 817 1742 864 cum
1768 818 2021 865 carcinoma

188 878 507 926 confirmatum
524 878 644 926 ferro
665 880 834 925 tantum
855 885 900 925 &
919 879 1024 942 igne
1048 880 1233 943 reprimi
1251 881 1390 944 pollit.

267 952 327 1003 3⁰.
361 943 573 1003 Quandiu
593 945 799 1008 phymata
823 944 1211 990 carcinomatodea
1240 945 1424 991 mobilia
1458 944 1555 991 sunt
1585 951 1631 991 &
1658 945 1778 993 ferto
1810 945 2021 993 radicitus

194 1008 393 1054 exscindi
416 1007 591 1068 possunt
608 1042 619 1060 ,
641 1008 829 1072 superest
849 1008 994 1054 salutis
1013 1007 1106 1072 spes
1126 1043 1137 1061 ‚
1164 1010 1302 1072 magis
1319 1009 1520 1056 minusve
1543 1028 1666 1057 certa
1693 1029 1775 1074 pro
1804 1011 1942 1057 modo
1971 1018 2021 1057 δε

190 1073 333 1135 gradu
352 1073 625 1136 operationis
645 1073 730 1136 qna
749 1073 965 1119 utendum
981 1074 1101 1118 estut
1120 1074 1398 1137 extirpentur
1418 1094 1426 1119 :
1444 1074 1532 1119 Sed
1549 1074 1578 1120 si
1606 1075 1665 1121 ob
1694 1076 1820 1122 situm
1844 1076 1914 1121 vel
1938 1075 2020 1122 ad-

190 1137 426 1184 haelionem
457 1155 556 1182 cum
589 1137 880 1184 vicinioribus
904 1137 1099 1201 partibus
1131 1155 1354 1201 nequeant
1385 1139 1622 1203 extirpari,
1648 1155 1752 1187 tunc
1779 1139 1939 1188 misera
1971 1144 2019 1187 &

189 1201 460 1249 ineluctabili
479 1218 624 1248 morte
646 1201 799 1249 sensim
821 1201 1101 1266 pereundum
1121 1204 1194 1248 est.

251 1277 316 1324 40.
355 1272 405 1312 In
447 1267 640 1313 foeminis
671 1273 716 1312 <Sc
749 1266 926 1312 cinaedis
965 1266 1173 1330 phymata
1205 1267 1597 1316 carcinomatodea
1628 1268 1798 1315 rariora
1832 1269 2018 1333 quidem

186 1330 287 1376 sunt
311 1330 445 1394 quam
475 1330 521 1375 in
557 1332 689 1383 viris,
711 1347 759 1376 ut
794 1331 920 1395 supra
956 1331 1177 1384 vidimus,
1204 1331 1278 1377 sed
1319 1333 1529 1395 graviore
1554 1334 1752 1397 periculo
1783 1335 1831 1380 in
1859 1333 2019 1381 iisdem

185 1395 394 1459 stipantur
408 1428 420 1447 ,
437 1395 651 1457 quoniam
668 1395 795 1442 altius
816 1396 1049 1442 recondita
1066 1397 1378 1461 operationem
1394 1395 1616 1444 difficilius
1633 1397 1877 1445 admittunt
1896 1432 1908 1450 ‚
1934 1415 2019 1445 ne-

184 1477 272 1522 que
296 1459 504 1507 remediis
530 1461 651 1523 aeque
669 1460 804 1507 obvia
824 1460 935 1507 sunt.

254 1531 425 1571 Curatio
459 1525 514 1570 ad
539 1526 624 1571 tria
642 1525 778 1572 debet
812 1526 948 1589 dirigi
977 1544 1057 1589 pro
1085 1525 1250 1591 triplici
1275 1526 1425 1574 morbi
1452 1530 1576 1575 statu.
1625 1535 1684 1572 10.
1713 1529 1782 1572 Ut
1809 1528 2017 1593 phymata

185 1589 376 1653 perfecte
413 1588 705 1636 discutiantur
744 1596 790 1636 δε
819 1590 1125 1644 resolvantur,
1156 1591 1186 1636 s1
1214 1592 1334 1637 mere
1363 1593 1520 1639 callosa
1555 1591 1636 1637 fint
1668 1598 1715 1638 <Sc
1749 1593 2013 1640 indolentia.

189 1661 253 1699 20.
284 1657 349 1699 Ut
374 1670 580 1700 caveatur
601 1673 656 1700 ne
679 1655 725 1700 in
745 1655 1043 1701 carcinomata
1067 1656 1343 1717 degenerent
1360 1691 1372 1709 ‚
1391 1656 1419 1701 fi
1444 1658 1498 1704 eo
1517 1657 1734 1703 inclinare
1758 1658 2012 1704 videantur.

191 1726 253 1780 3⁰.
283 1722 350 1763 Ut
370 1719 646 1783 extirpentur
664 1720 797 1783 quam
815 1720 1073 1771 celerrime,
1090 1720 1120 1765 fi
1139 1722 1186 1765 in
1205 1720 1504 1768 carcinomata
1520 1726 1607 1782 jam
1630 1720 1917 1768 desciverint.

243 1788 276 1830 I.
308 1784 380 1829 Ad
400 1784 725 1847 procurandam
749 1785 1007 1848 phymatum
1029 1783 1345 1831 resolutionem
1362 1819 1374 1838 ,
1401 1795 1460 1832 10.
1482 1785 1694 1832 Materiei
1716 1786 1762 1831 in
1783 1786 1914 1833 callos
1930 1788 2012 1834 im-

181 1850 314 1912 paitae
339 1848 548 1894 mollities
563 1882 575 1901 ‚
596 1854 642 1894 δέ
662 1848 857 1895 densiori
878 1850 1095 1895 callorum
1126 1851 1358 1895 contextui
1375 1850 1527 1897 laxitas
1548 1851 1830 1898 concilianda
1851 1853 1909 1898 est
1923 1886 1935 1903 ‚
1963 1868 2011 1898 ut

182 1913 474 1976 liquidiorem
503 1912 719 1977 limpham
736 1913 904 1959 laxiora
929 1913 1108 1959 stamina
1130 1913 1273 1960 minus
1301 1931 1554 1962 coerceant.
1585 1915 1703 1961 Huic
1732 1915 1809 1962 fini
1837 1916 2009 1962 condu-

183 1983 290 2024 cunt
316 1978 534 2024 diluentia
555 1979 707 2024 omnia
726 1979 927 2029 interna,
959 1996 1247 2042 quaecumque
1278 1977 1406 2044 supra
1442 1979 1667 2026 attulimus
1698 1981 1855 2041 hujusce
1887 1981 2013 2028 Libri

182 2057 273 2107 cap.
302 2050 342 2087 6.
363 2054 400 2101 ξ.
422 2060 459 2088 2.
490 2042 567 2088 ubi
597 2044 647 2089 de
677 2046 851 2090 Tumore
871 2041 1018 2101 testium
1043 2061 1209 2090 venereo
1227 2081 1241 2097 ,
1261 2042 1553 2109 fomentaque
1584 2044 1860 2092 emollientia
1890 2046 2014 2094 varia.

182 2125 279 2173 quae
299 2107 471 2155 ibidem
492 2107 711 2172 proposita
734 2108 845 2154 sunt.

255 2181 317 2218 20.
344 2173 523 2219 Deinde
543 2171 571 2217 fi
592 2190 676 2234 qua
694 2171 743 2218 fit
765 2172 940 2220 latentis
962 2177 1007 2218 δε
1026 2171 1138 2218 male
1161 2189 1320 2218 curatae
1336 2172 1418 2218 luis
1436 2172 1622 2239 suspicio
1637 2208 1648 2227 ‚
1667 2188 1716 2221 ut
1742 2173 1907 2220 accidit
1919 2191 2011 2224 non

181 2237 281 2285 raro
297 2272 308 2289 ‚
328 2236 583 2284 adhibenda
609 2237 940 2301 hydrargyrofis
958 2237 1258 2283 conveniente
1288 2253 1489 2301 tempore
1519 2244 1565 2285 <Sc
1588 2239 1741 2286 debita
1762 2239 1981 2287 methodo
1997 2274 2011 2294 ‚

180 2321 235 2350 ex
258 2302 360 2349 artis
380 2302 549 2366 legibus
570 2302 684 2347 infr-2¹1
703 2302 1008 2367 proponendis
1024 2335 1036 2353 ‚
1058 2317 1104 2346 ut
1124 2319 1179 2348 eo
1198 2304 1324 2365 padio
1353 2304 1472 2348 virus
1491 2303 1723 2350 admissum
1744 2303 2010 2357 edometur,

178 2368 355 2430 limphae
375 2368 525 2414 nativa
539 2366 736 2413 fluiditas
753 2369 1004 2415 restituatur
1021 2399 1034 2418 ‚
1053 2381 1185 2429 atque
1220 2367 1333 2414 adeo
1363 2365 1607 2432 superstites
1636 2368 1737 2414 calli
1768 2367 2009 2416 efficaciter

182 2430 478 2479 resolvantur.

246 2504 312 2556 30.
344 2496 467 2553 Quin
487 2494 579 2540 imo
596 2494 763 2542 etiamsi
783 2495 947 2558 liqueat
976 2494 1141 2541 nullam
1175 2493 1313 2541 latere
1342 2495 1460 2542 luem
1481 2529 1494 2548 ,
1523 2495 1552 2540 si
1579 2513 1669 2542 non
1693 2495 2007 2560 hydrargyrofi

181 2561 321 2626 plenae
340 2593 352 2612 ,
369 2560 454 2623 qua
481 2575 585 2605 tunc
602 2578 713 2623 opus
733 2577 821 2607 non
841 2563 899 2607 est
914 2595 926 2614 ‚
945 2576 987 2606 at
1007 2559 1158 2606 saltem
1179 2560 1423 2607 levioribus
1436 2560 1768 2606 munctionibus
1789 2563 2007 2624 unguenti

180 2624 452 2673 mercurialis
477 2623 755 2670 insistendum
780 2627 863 2677 est,
887 2626 986 2672 raro
1013 2624 1222 2688 quidem,
1250 2641 1410 2689 nempe
1443 2625 1575 2672 semel
1603 2624 1801 2688 qualibet
1825 2625 2006 2672 hebdo-

181 2691 313 2737 made
333 2725 345 2743 ‚
366 2689 440 2735 sed
460 2688 537 2735 diu
553 2723 565 2741 ‚
583 2706 660 2753 per
681 2705 767 2737 tres
783 2706 1031 2752 quatuorve
1049 2689 1218 2736 menses
1235 2688 1460 2736 iterandis.
1493 2692 1662 2736 Docuit
1682 2708 1843 2754 nempe
1870 2709 2006 2755 expe-

180 2755 341 2800 rientia
366 2755 442 2800 vix
475 2753 661 2800 alterum
696 2755 946 2801 remedium
980 2755 1033 2800 ad
1065 2755 1421 2818 promovendam
1446 2753 1763 2802 resolutionem
1791 2755 2006 2802 callorum

179 2818 295 2864 illito
325 2819 556 2865 Mercurio
594 2817 812 2865 efficacius
843 2819 930 2866 effe
964 2852 976 2870 ‚
1010 2819 1243 2882 praesertim
1271 2819 1376 2864 vero
1405 2820 1579 2883 quoties
1599 2818 1802 2866 haerentis
1829 2820 2005 2883 limphae

178 2882 402 2947 spissitudo
425 2882 481 2928 ab
497 2882 709 2945 inspirato
727 2882 913 2929 seminio
933 2900 1126 2929 venereo
1143 2882 1331 2946 primum
1349 2899 1448 2929 orta
1464 2886 1538 2929 est.

238 2948 305 3005 4⁹.
342 2944 519 2992 Possunt
544 2947 678 2992 etiam
709 2947 870 2993 eodem
903 2946 1086 2992 consilio
1110 2947 1418 2991 inunctionum
1443 2948 1545 2993 loto
1565 2947 1612 2991 in
1641 2945 1765 2994 usum
1790 2947 2010 2995 advocari

177 3012 405 3076 emplastra
439 3011 560 3056 varia
600 3028 652 3057 ex
698 3010 927 3057 Mercurio
964 3027 1065 3056 cum
1095 3010 1418 3057 resolventibus
1452 3013 1523 3058 vel
1557 3011 1854 3058 relaxantibus
1882 3014 2005 3060 varie

177 3092 427 3141 temperato
450 3091 712 3140 praeparata‚
732 3092 778 3121 ut
799 3076 1075 3139 emplastrum
1098 3075 1153 3122 de
1167 3075 1303 3121 Ranis
1323 3094 1422 3121 cum
1445 3076 1676 3123 Mercurio
1691 3110 1703 3129 ‚
1721 3077 2005 3141 emplastrum

177 3141 367 3205 Vigonis
397 3140 732 3205 quadruplicato
773 3140 1003 3186 Mercurio
1040 3144 1128 3186 δίε.
1174 3139 1313 3185 modo
1344 3140 1518 3186 seorsim
1547 3145 1593 3186 δε
1628 3139 1913 3193 sola31nodo
1945 3142 2003 3190 ad

175 3206 361 3270 aquales
394 3221 538 3270 partes
573 3223 675 3253 cum
711 3204 950 3271 emplastris
982 3204 1039 3254 de
1071 3205 1441 3270 mucilaginibus,
1473 3206 1530 3255 de
1565 3204 1783 3317 spermate
1807 3207 1894 3254 ceti
1929 3222 2003 3262 aut·

1624 3274 1658 3319 L
1735 3273 1786 3332 iij

2078 516 2312 567 pingamus·-

2101 1545 2272 1587 Curatio.

2087 1789 2295 1842 Qmodo

2062 1843 2112 1893 ph
2121 1854 2245 1893 ymata

2060 1894 2274 1931 telolvenda
2287 1922 2299 1938 ,

2063 1945 2088 2036 i}
2100 1946 2297 1986 indolentia

2077 2010 2126 2037 int
2139 2009 2150 2040 Ξ
