2477 3643
662 85 908 131 anssn
958 86 1014 129 V.
1082 83 1438 129 SECULUM
1502 83 1684 152 XVIJ.
1967 101 2056 152 503

217 167 438 229 mmqu'am
467 166 643 229 priorem
670 167 847 228 corporis
869 162 1015 220 statum
1036 201 1049 217 ‚
1072 164 1217 210 nedum
1231 167 1436 228 integrum,
1444 163 1638 222 sanitatis
1652 164 1832 211 habitum
1860 205 1874 221 ,
1889 184 2057 234 recupe-

223 234 416 276 raverint
435 262 444 272 .
461 266 472 276 .
497 264 507 274 .
527 266 536 275 .
559 261 570 273 .
594 231 757 292 Neque
777 230 1004 275 internum
1025 228 1290 292 hydrargyri
1311 227 1433 274 usum
1454 228 1592 291 magis
1608 228 1794 293 probat3
1813 230 1914 278 licet
1933 235 2055 282 enim

225 295 305 358 ipse
325 296 549 358 periculum
580 311 796 356 numquam
812 295 993 353 fecerit,
1018 296 1193 340 testatur
1216 294 1238 339 ὁ.
1260 291 1303 340 se
1323 294 1425 354 visos
1447 292 1567 354 susse
1592 296 1797 339 nonnullos
1817 334 1831 348 ,
1867 301 1935 358 qui
1964 302 2056 346 licet

223 373 301 423 per
327 361 466 405 multos
498 360 580 404 dies
614 359 908 405 devoraverint
935 359 1125 421 quosdam
1158 358 1261 404 bolos
1279 397 1293 412 ‚
1321 359 1399 422 qui
1434 372 1669 421 argentum
1693 358 1846 404 vivum
1872 378 2054 425 recepe-

225 440 326 470 rant
341 457 352 475 ,
369 457 516 468 .....
533 442 605 469 nec
614 425 755 483 fiznetti
779 424 830 470 ab
854 423 943 488 ipsei
963 427 1026 469 lue
1046 462 1060 477 ,
1083 442 1154 469 nec
1172 427 1214 468 in
1232 426 1428 469 meliorem
1440 422 1586 481 statum
1600 429 1821 489 permutati
1831 426 2015 484 fiternnt.

288 494 378 535 1V.
409 488 677 536 Universam
719 492 802 548 (a)
840 488 988 534 morbi
1022 488 1298 534 curationem
1324 488 1348 534 a
1375 488 1606 535 sudatione
1629 489 1948 553 expestandam
1970 489 2055 540 esse

217 553 370 601 ‹credit
390 587 403 606 ‚
432 572 563 617 quam
585 570 738 600 movet
756 572 841 618 ope
860 554 1040 600 aestuarii
1063 558 1109 599 δε
1128 553 1420 600 ἀεεοίὶοῑυιη
1449 553 1792 600 sudorificorum
1822 572 1874 601 ex
1894 558 2054 602 Guaia-

227 636 282 664 co
300 652 313 671 ‚
332 619 455 682 quod
477 625 620 684 Regem
639 638 649 664 ς
677 618 957 683 ΓαΙεᾶ-ρειῑίἰὶᾶ
976 653 988 671 ,
1009 636 1143 681 quam
1163 623 1359 682 Reginam
1387 619 1471 676 (b)
1506 619 1646 673 dicit3
1679 636 1732 665 ex
1754 619 1904 665 China
1927 627 1971 667 &a
2000 639 2054 669 ex

223 683 416 730 sallafras
434 718 444 736 ‚
467 686 537 730 vel
565 700 612 730 ut
630 685 704 731 ille
731 683 885 729 scribit
902 718 914 736 ,
935 683 1138 743 Saxifras
1163 689 1250 730 &a
1278 702 1472 748 quorum
1489 684 1939 732 administrandorum
1957 705 2054 735 me·-

223 748 418 796 thodum
439 750 586 796 multis
613 749 822 795 describit
843 756 980 814 Capp.
1001 766 1068 807 43.
1091 748 1142 794 &⁴
1164 768 1241 807 44.

287 820 340 862 V.
373 820 493 861 Inter
526 816 607 875 (c)
641 814 859 860 Antidota
886 814 966 860 luis
1000 830 1200 860 venereae
1232 812 1430 860 recenset
1453 814 1703 860 Theriacezm
1735 815 2055 872 Andromachi‚

223 880 496 939 confhHioizem
530 880 776 944 Cyphoiolem
806 880 976 938 ejusdem
1003 879 1028 924 a
1065 878 1238 925 Galeno
1268 878 1536 943 descriptam
1565 879 1663 924 Lib.
1687 885 1723 924 8.
1758 885 1830 925 De
1867 883 2054 945 composi-

221 948 324 990 tione
344 946 744 993 [medicamentorum
754 944 974 1004 fi’cimdiim
995 946 1110 990 locos.
1129 949 1239 1008 Cap.
1259 963 1301 1002 7.
1326 950 1449 991 Uvas
1475 945 1610 1007 passas
1628 983 1641 997 ,
1670 945 1716 989 he
1749 963 1798 988 ezr
1823 947 1911 1010 lupi
1930 984 1943 999 ,
1971 964 2053 991 me-

217 1010 497 1056 almazanum
513 1049 527 1064 ,
555 1015 599 1055 ὃ(
622 1010 706 1055 alia
736 1009 863 1069 liujus
883 1009 1083 1073 generis,
1104 1026 1199 1073 quae
1229 1026 1437 1073 tanquam
1462 1008 1590 1073 plane
1618 959 1863 1056 ineflicacia
1883 1009 2055 1057 dudum

227 1073 284 1120 ab
304 1074 512 1120 omnibus
531 1073 710 1138 explosa
730 1073 840 1119 sunt.

284 1144 370 1186 VI.
409 1139 567 1184 Mirari
597 1138 713 1184 subit
742 1137 1024 1204 probandum
1052 1135 1210 1202 suscipi
1245 1137 1270 1183 ἐι
1300 1135 1521 1182 Minadoo
1554 1138 1641 1197 (d)
1675 1141 1880 1186 Gallicum
1914 1144 2050 1187 Mor-

221 1202 315 1250 bum
345 1221 423 1249 non
441 1206 510 1263 effe
530 1205 802 1249 chimericum
821 1205 1089 1265 antfiifiiitium
1107 1225 1117 1249 ‚-
1130 1204 1206 1263 fid
1222 1220 1364 1249 verum
1385 1217 1504 1264 atque
1521 1204 1686 1247 realem.
1717 1205 1920 1251 Aderant
1936 1224 2057 1252 nem-

220 1286 276 1333 pe
296 1272 386 1328 ejus
411 1284 539 1314 aetate
558 1301 570 1320 ,
605 1268 682 1331 qui
704 1268 954 1330 objicerent
976 1268 1089 1315 hanc
1110 1268 1193 1313 luis
1215 1284 1414 1314 venereae
1436 1266 1698 1330 opinionem
1723 1269 1952 1316 inventam
1971 1271 2058 1319 effe

219 1334 243 1378 a
266 1332 458 1379 Medicis
478 1366 490 1384 ‚
523 1332 601 1396 qui
630 1335 737 1379 lucri
762 1334 900 1397 cupidi
933 1349 1003 1379 ant
1034 1334 1275 1397 egritudinis
1306 1336 1441 1396 ignari
1474 1331 1659 1395 antiquo
1678 1366 1691 1384 ‚
1724 1333 1801 1380 sed
1831 1335 1943 1381 male
1977 1354 2058 1382 co-

218 1397 347 1461 gnito
376 1397 548 1443 Morbo
581 1398 742 1444 Gallici
771 1416 939 1445 nomen
972 1398 1261 1458 imponerent
1288 1431 1301 1450 ,
1332 1413 1379 1442 ut
1413 1412 1618 1460 tegerent
1648 1398 1948 1460 ignorantiam
1984 1402 2058 1449 vel

219 1462 456 1527 pecuniam
490 1463 544 1508 ab
573 1463 694 1525 :egr-is
714 1480 1050 1527 extorquerent.
1083 1467 1138 1509 Et
1155 1463 1341 1527 quidem
1363 1461 1492 1508 facile
1527 1461 1798 1510 crediderim
1832 1465 1942 1511 olim
1963 1483 2058 1513 non

222 1527 412 1574 defuisse
435 1528 641 1574 Medicos
662 1562 673 1580 ,
697 1528 774 1591 qui
795 1528 916 1575 luem
937 1546 1176 1576 veneream
1197 1528 1296 1574 satis
1318 1527 1482 1574 temere
1502 1527 1741 1591 aliquando
1773 1529 2057 1578 causarentur

219 1592 341 1656 quali
369 1592 576 1639 fomitem
598 1592 861 1639 morborum
881 1592 1188 1640 difficiliorum
1207 1610 1402 1657 quorum
1425 1591 1550 1639 causa
1572 1592 1739 1639 latebat
1755 1628 1767 1646 ,
1783 1613 2058 1658 quamquam

223 1658 249 1704 a
268 1658 341 1704 lue
363 1657 554 1704 venerea
584 1675 677 1703 non
701 1658 1012 1723 dependerent
1029 1693 1042 1711 ,
1070 1659 1159 1722 qua
1178 1658 1279 1705 sane
1301 1657 1427 1722 culpa
1459 1675 1541 1703 nec
1569 1673 1668 1703 aetas
1690 1661 1833 1705 nostra
1854 1658 1952 1705 satis
1984 1679 2057 1706 va⁴=

222 1738 308 1769 cat.
343 1722 430 1768 Sed
458 1722 550 1768 haec
573 1723 916 1786 qualiacumque
951 1723 1252 1789 supponantur
1270 1757 1282 1776 ‚
1310 1740 1403 1768 non
1425 1723 1687 1787 opinionem
1718 1724 1775 1770 de
1809 1724 1890 1770 luis
1922 1742 2056 1772 venen

221 1805 305 1836 reae
333 1787 562 1835 existentia
581 1821 594 1842 ,
619 1786 696 1835 sed
717 1788 1005 1835 Medicorum
1025 1789 1322 1852 quorumdam
1345 1787 1482 1835 fidem
1502 1787 1697 1834 elevant.

280 1922 455 1964 HERC
475 1933 617 1964 ULES
660 1920 686 1964 S
706 1932 738 1963 A
758 1934 785 1961 x
805 1934 833 1962 0
854 1935 884 1963 N
904 1934 916 1962 1
937 1933 968 1963 A
990 1956 1004 1973 ‚
1028 1917 1264 1964 patavinus
1285 1950 1298 1969 ‚
1318 1932 1443 1963 natus
1462 1932 1581 1962 anno
1610 1933 1657 1978 15
1679 1920 1854 1981 51.,(e)
1882 1931 2054 1981 patrem

216 1982 375 2029 habuit
408 1982 690 2028 Ludovicum
706 2015 717 2033 ‚
737 2000 870 2027 avum
898 1983 1232 2043 Hieronymum
1247 2016 1260 2034 ,
1280 1987 1326 2027 δέ
1356 1998 1568 2046 patruum
1590 1983 1821 2028 ViOcorem
1845 1982 2054 2028 Medicos

217 2065 293 2094 aut
314 2047 415 2093 artis
435 2047 616 2093 medicae
637 2045 908 2094 Professores
931 2047 1133 2093 eximios.
1166 2049 1337 2093 DoCtor
1367 2047 1413 2091 in
1444 2044 1583 2110 patria
1604 2047 1879 2094 renuntiatus
1895 2048 2051 2094 Medi-

217 2113 369 2163 cinam
400 2130 478 2176 per
501 2130 667 2158 annum
700 2112 876 2176 publice
912 2112 1067 2157 docuit
1092 2130 1103 2165 3
1129 2110 1205 2158 sed
1232 2114 1309 2170 (f)
1337 2111 1595 2174 profhffione,
1623 2111 1710 2174 qua
1747 2111 2016 2174 fungebatur
2034 2145 2049 2165 ,

215 2184 251 2225 S
257 2177 394 2224 enati'is
423 2181 568 2223 Veneti
599 2182 777 2223 Decreto
787 2177 958 2236 sublate?
974 2215 987 2229 ,
1017 2181 1064 2222 V
1062 2181 1208 2222 enetias
1217 2177 1261 2234 se
1278 2179 1425 2238 recepit
1442 2213 1456 2228 ‚
1478 2174 1609 2237 ibique
1636 2176 1903 2221 Medicinam
1920 2177 2047 2234 fasti-

216 2245 342 2288 tando
363 2243 419 2287 ad
428 2244 624 2302 flammam
633 2243 755 2301 famae
768 2243 943 2305 gloriam
956 2241 1157 2302 grassatus
1176 2239 1238 2296 est.
1270 2246 1350 2285 Per
1368 2240 1447 2284 haec
1461 2238 1674 2302 abstemptis
1692 2242 1771 2284 oft'o
1790 2244 1907 2285 annis
1928 2279 1943 2295 ,
1952 2243 2049 2300 fitc-

218 2309 337 2369 ceffor
373 2311 622 2370 Hieronymo
652 2310 907 2368 Capivaccio
937 2307 1163 2368 defignamr
1195 2322 1299 2349 anno
1329 2320 1438 2365 1590.
1469 2302 1517 2349 in
1549 2302 1793 2349 Academia⁴
1821 2306 2046 2352 Patavina.

218 2375 356 2419 Anno
382 2389 509 2431 1573.
530 2371 859 2431 Hieronymum
885 2369 1070 2432 quidem
1091 2368 1404 2414 Mercurialem
1426 2401 1438 2419 ‚
1456 2385 1590 2431 quem
1612 2368 1945 2416 Maximilianus
1978 2376 2046 2417 ΙΙ.

217 2442 467 2501 Imperator
488 2435 670 2498 ancipiti
688 2434 847 2480 morbo
869 2434 1110 2498 implicitus
1131 2433 1186 2480 ad
1205 2432 1248 2480 se
1269 2431 1519 2479 accersebat
1539 2466 1552 2485 ‚
1572 2434 1620 2479 in
1638 2434 1936 2480 >Germaniam
1968 2453 2047 2482 co-

215 2503 395 2548 mitatus
417 2502 477 2547 est
499 2520 508 2552 ·,
530 2499 604 2546 sed
635 2500 680 2544 in
712 2517 864 2547 errore
896 2498 1125 2546 versantur
1145 2504 1232 2563 (g)
1254 2499 1329 2561 qui
1351 2498 1590 2544 Saxoniam
1615 2498 1757 2562 ipsum
1787 2500 1810 2544 :l
1833 2499 2047 2546 Maximi-

216 2567 340 2614 liano
363 2566 553 2612 accitum
575 2562 701 2611 fuille
720 2580 927 2618 narrant3
950 2563 1047 2610 cum
1069 2565 1189 2611 enim
1212 2581 1315 2609 tunc
1346 2580 1511 2608 annum
1544 2563 1618 2609 vix
1655 2563 1864 2626 attigisset
1891 2564 2048 2612 vicesi..

219 2650 343 2678 mum
366 2630 610 2678 secundum
630 2663 643 2683 ,
663 2630 865 2676 nondum
894 2648 991 2677 eam
1012 2628 1193 2694 adipisci
1214 2644 1419 2693 potuerat
1437 2627 1601 2672 famam
1621 2661 1631 2679 ,
1650 2645 1746 2691 quae
1775 2629 2051 2677 Maximilia-

222 2714 282 2744 no
302 2697 367 2744 sui
388 2695 652 2742 desiderium
677 2710 897 2741 moveret.
928 2695 1118 2741 Decessit
1138 2694 1330 2741 Saxonia
1354 2711 1471 2739 anno
1498 2700 1630 2750 1607.
1649 2692 1784 2739 aetatis
1812 2702 1883 2756 56.

343 2766 447 2810 Lm‘s
470 2779 644 2807 venereae
664 2761 954 2824 perfebi‘iffimns
974 2762 1250 2805 Trabiatnsex
1265 2777 1328 2804 ore
1351 2759 1548 2804 Herculis
1572 2762 1604 2803 S
1611 2762 1762 2804 oxonia
1781 2797 1797 2813 ,
1815 2763 2047 2816 Patavini,

416 2826 589 2873 Medici
610 2827 811 2886 clariffimi
831 2859 843 2877 ,
862 2829 903 2869 in
924 2824 1153 2871 Academici
1173 2820 1386 2870 Patavina
1403 2823 1610 2868 ordinario
1629 2825 1711 2869 loco
1730 2824 1956 2883 Proft’ſjbris
1975 2843 2049 2870 ex«

413 2905 545 2954 ceptus
577 2890 664 2936 &a
702 2889 752 2936 ὠ
776 2892 857 2935 [ιιι-ι’
889 2890 1005 2934 datus
1030 2885 1150 2954 operti
1179 2889 1454 2953 Andreghetti
1474 2887 1762 2951 Andreghettii
1796 2890 1972 2935 Medici
1999 2887 2056 2943 ἀ

414 2956 647 3019 Philosophi
667 2957 883 3000 Patavini.
912 2958 1089 2999 Patavii
1109 2957 1150 2998 in
1168 2971 1211 3010 4.
1236 2970 1346 3015 1597.

281 3022 584 3082 Quaecumque
608 3018 661 3063 ad
681 3018 800 3065 luem
822 3035 1059 3064 veneream
1081 3019 1331 3082 pertinent,
1349 3019 1395 3064 in
1415 3017 1492 3064 illo
1512 3018 1723 3063 Tradatu
1749 3017 1962 3082 Capitibus
1982 3032 2056 3078 41:

221 3086 453 3136 enucleate
472 3084 748 3149 explicantur
764 3118 775 3136 ,
793 3099 839 3129 ut
860 3082 1031 3129 ferebat
1049 3098 1304 3147 temporum
1322 3083 1503 3129 illorum
1517 3082 1643 3129 ratio.

281 3156 316 3198 Ι.
346 3148 518 3200 Censet
541 3153 653 3213 Cap.
686 3166 724 3195 2.
746 3149 933 3214 primam
956 3148 1107 3198 morbi
1133 3149 1357 3214 originem
1374 3167 1465 3198 non
1495 3147 1785 3214 repetendam
1804 3147 1890 3198 esse
1920 3147 1971 3197 ab
1989 3151 2053 3200 ini

2143 499 2205 549 (a)
2245 505 2334 552 Cap.

2103 563 2167 592 42.

2131 634 2214 683 (b)
2242 639 2337 684 Gap.

2105 698 2171 729 41.

2131 824 2204 873 (ὃ)
2223 831 2336 878 Cap?-

2101 890 2157 926 45·
2175 879 2221 923 ό·
2238 896 2300 928 44·

2146 1959 2163 1988 1
2182 1955 2294 2007 597³

2137 2031 2187 2074 (e)
2212 2029 2338 2064 Petrus

2101 2079 2282 2116 castella-

2098 2144 2185 2177 nus,
2215 2133 2252 2168 in
2270 2132 2344 2168 vi-·

2095 2187 2142 2220 tis
2171 2181 2281 2230 illus-

2094 2239 2205 2273 trium
2223 2239 2310 2272 Me-

2095 2288 2264 2326 dicorum.

2128 2371 2139 2416 l
2150 2368 2184 2419 f
2195 2372 2206 2417 i
2236 2368 2331 2405 zeid.

2163 2456 2174 2497 l
2189 2467 2213 2503 g
2230 2455 2258 2510 l·
2274 2453 2330 2492 Ut

2098 2507 2283 2548 Merckh-

2094 2571 2158 2596 nus
2173 2585 2183 2602 ‚
2197 2562 2234 2594 in
2247 2558 2331 2594 Lin-

2091 2612 2171 2649 den.
2187 2621 2307 2653 renam
