2477 3643
378 117 477 187 '1³36
715 117 827 166 DE
886 116 1259 165 MORBIS
1325 113 1855 162 VENEREIS.

381 203 524 251 terat&
547 201 621 248 lue
644 200 763 248 virus
791 200 1042 266 penetravit
1066 196 1220 250 altius,
1242 213 1292 242 ac
1327 192 1539 259 plurimas
1570 209 1714 258 partes
1750 197 1838 256 jam
1870 192 2039 242 invafit.
2077 199 2209 244 Tunc

382 268 506 316 enim
531 265 634 313 cum
659 266 842 313 morbus
870 264 1096 312 difficilior
1114 263 1162 309 fit
1180 296 1193 316 ,
1213 260 1373 322 majori
1394 275 1573 322 quoque
1595 257 1732 323 opera
1758 258 2019 306 enitendum
2047 263 2106 307 est
2121 294 2133 312 ‚
2162 274 2212 306 ut

383 333 506 381 virus
532 332 616 379 alte
644 334 864 397 repostum
892 330 1107 378 evellatur
1134 325 1373 376 radicitus,
1400 328 1446 369 &
1470 321 1670 370 evulsum
1706 324 1892 370 omnint>
1922 324 2177 372 eliminetur
2196 355 2213 377 ,

388 413 522 462 atque
554 398 697 450 adeo,
729 413 777 443 ut
796 395 969 459 vulgari
986 392 1129 441 fertur
1151 391 1340 454 adagio,
1357 387 1476 434 malo
1504 387 1628 435 nodo
1657 388 1795 438 malus
1825 407 1986 438 cuneus
2013 405 2215 453 quaeren-

388 463 474 510 dus
492 463 566 509 est.

453 532 542 576 VI.
573 526 717 573 Caute
746 542 894 572 tamen
926 521 1234 570 salivationem
1264 517 1435 590 semper
1462 517 1799 581 temperandam
1822 511 1935 570 effe,
1961 523 2007 564 &
2041 517 2071 564 fi
2105 517 2129 563 ὲ
2165 534 2214 564 re

389 591 476 641 esse
494 591 700 639 videatur
720 589 971 637 catharticis
997 585 1296 634 coercendam
1311 617 1322 635 ‚
1344 599 1406 629 ita
1428 597 1476 628 ut
1511 587 1558 627 δε
1591 600 1727 647 pauca
1745 581 1852 629 fiant
1873 583 1919 630 in
1938 601 2017 629 ore
2036 583 2185 629 ulcera
2202 615 2218 635 ‚

390 673 474 705 nec
499 655 752 722 profunda3
774 661 820 702 δε
851 655 994 716 ejedtae
1023 651 1227 716 quolibet
1252 648 1327 695 die
1355 647 1498 694 salivae
1524 647 1652 711 copia
1677 664 1813 692 unam
1844 664 1916 694 aut
1949 648 2134 694 alteram
2167 646 2218 691 li·-

389 722 517 770 bram
550 738 642 767 non
676 719 876 767 excedat.
911 718 1139 777 Quorsum
1159 715 1279 762 enim
1302 729 1441 776 aegros
1469 712 1600 758 taedio
1616 745 1629 764 ,
1650 713 1854 758 aerumnis
1871 747 1884 765 ,
1911 713 2066 776 vigilia
2086 746 2100 765 ‚
2130 711 2218 757 do-

389 787 513 840 lore,
545 785 803 832 salivatione
822 818 835 838 ,
869 784 1035 830 temere
1070 800 1152 828 nec
1184 779 1275 825 fine
1308 779 1407 825 vitae
1439 776 1638 841 periculo
1672 776 1927 830 conficere,
1959 794 2184 825 macerare
2203 809 2221 829 ‚

395 868 607 914 torquere
628 885 640 902 ‚
658 849 893 896 exhaurire
908 883 921 901 ,
938 847 967 894 si
993 848 1138 894 curari
1158 844 1317 909 poffint
1333 842 1453 906 aeque
1482 843 1579 887 turb
1595 876 1606 894 ‚
1636 846 1681 886 ὃς
1697 840 1857 903 majori
1874 842 2145 906 compendio
2166 853 2179 888 Ξ

453 921 523 964 VI
539 921 571 961 Ι.
615 916 740 973 Quin
762 914 854 960 imb
880 912 1003 960 tarda
1037 918 1084 959 δε
1120 910 1248 976 parca
1267 905 1483 954 Mercurii
1510 906 1891 953 administratione
1914 907 1970 953 de
2005 905 2219 952 industrii

384 980 703 1027 ‘declinandam
719 1013 732 1033 ‚
753 995 826 1025 aut
850 978 881 1024 fi
905 993 1108 1043 appareat
1130 991 1224 1022 arte
1254 970 1587 1037 reprimendam
1617 971 1702 1017 effe
1726 971 1979 1018 catharticis
1998 1005 2010 1024 ,
2038 971 2068 1016 fi
2101 988 2216 1034 aeget
2280 984 2283 986 ’

389 1045 446 1091 ad
475 1044 679 1110 phthisim
719 1044 906 1091 inclinet
933 1077 946 1097 ,
986 1059 1059 1089 aut
1092 1038 1295 1106 epilepsia
1326 1035 1498 1084 laboret
1530 1055 1542 1088 ς
1574 1035 1604 1081 fi
1643 1037 1833 1099 gingivae
1867 1036 2075 1083 scorbuto
2102 1035 2219 1084 male

388 1108 660 1163 habeant3s1
689 1109 883 1161 collum,
915 1107 1110 1170 collique
1136 1104 1328 1152 confinia
1358 1101 1578 1165 glandulis
1612 1101 1827 1147 strumofis
1853 1101 1993 1148 obfita
2022 1100 2104 1147 fint
2139 1119 2151 1154 3
2186 1100 2218 1145 fi
2268 1157 2273 1161 Ι

388 1174 551 1221 mulier
571 1191 747 1221 uterum
772 1189 926 1237 gerat3
955 1171 986 1217 si
1016 1174 1132 1218 vires
1154 1169 1338 1217 infirma:
1370 1167 1585 1212 diuturno
1617 1166 1837 1229 ptyalismi
1862 1167 1993 1214 taedio
2023 1166 2220 1213 toleran-

390 1238 453 1285 do
472 1240 663 1305 impares
682 1238 768 1288 esse
785 1239 1020 1288 videantur
1039 1242 1128 1285 ἃς.
1157 1235 1247 1284 Sed
1267 1233 1325 1281 de
1343 1233 1409 1279 his
1425 1230 1557 1278 fusius
1578 1230 1699 1277 alibi.
