2477 3643
646 103 1582 154 [innam-LCAPUTIX.
1909 123 2000 166 279

197 232 205 235 ,
233 193 305 249 ⁷4⁰.
338 189 481 239 Simili
502 187 640 236 modo
656 223 668 241 ‚
691 189 720 235 fi
741 190 1002 236 alterutrum
1023 187 1163 235 vulvae
1183 187 1351 235 labium
1371 222 1384 241 ‚
1406 188 1475 236 vel
1495 187 1643 253 portio
1659 189 1861 252 quaedam
1881 207 2001 237 mai·-

172 254 289 321 ginis
310 257 381 302 ani
403 254 608 319 spliacelo
629 253 859 307 afficiatur,
879 254 934 300 ad
956 255 1110 299 vivum
1130 253 1366 300 resecanda
1380 287 1392 306 ,
1413 252 1677 318 extirpando
1695 252 1724 297 fi
1744 254 1839 301 fieti
1859 255 2002 320 poffit,

168 321 391 384 quidquid
412 320 650 366 sidetatum
678 323 750 366 est.
786 319 895 366 Inde
916 318 1119 365 cohibito
1139 317 1349 383 sanguine
1371 317 1711 381 astringentibus
1733 352 1745 370 ‚
1781 319 1967 381 ligatura
1986 353 1999 372 ‚

170 385 242 433 vel
271 386 469 432 cauterio
504 383 689 436 actuali,
725 403 820 449 pars
850 384 1124 431 foveatur&
1154 384 1370 431 irroretur
1401 384 1556 449 spiritu
1585 383 1681 429 vini
1710 385 2002 448 camphorato

169 467 272 496 cum
294 449 380 496 sale
401 451 683 497 ammoniaco
702 467 713 502 3
735 468 782 495 ac
809 449 885 495 ubi
908 449 1100 513 primum
1132 447 1386 514 suppuratio
1415 448 1668 514 apparuerit
1683 480 1696 498 ,
1722 446 2003 513 suppuranti-

170 514 279 568 bus,
309 515 646 579 detergentibus
664 548 677 567 ,
705 514 967 562 vulnerariis
985 548 998 567 ‚
1026 514 1258 579 epuloticis
1289 515 1342 561 ad
1370 515 1625 562 cicatricem
1648 530 1702 560 ex
1732 530 1823 560 arte
1855 514 2003 561 dedu-

170 596 311 627 catur.

247 653 309 707 50.
352 643 576 691 Caeterum
601 644 630 690 fi
652 662 847 708 unquam
864 677 876 697 ,
905 642 1095 689 maxime
1126 641 1173 688 in
1194 642 1356 689 casibus
1384 643 1523 691 modo
1539 644 1796 710 propositis,
1818 643 2001 691 interno

169 709 479 756 cardiacorum
503 709 596 755 usui
629 710 905 757 insistendum
938 710 997 754 est
1016 742 1028 759 ‚
1059 725 1153 771 quae
1175 710 1322 753 cordis
1349 725 1521 754 motum
1544 743 1555 761 ,
1584 710 1803 774 sanguinis
1835 710 2001 755 circui-

169 789 264 820 tum
286 808 297 826 ‚
323 773 553 838 spirituum
574 774 791 821 influxuni
816 789 1023 819 tueantur
1040 805 1052 824 ,
1079 772 1281 836 adeoque
1302 774 1483 820 horrori
1505 808 1517 826 ‚
1544 774 1733 840 syncope
1749 810 1760 826 ,
1783 772 2001 839 :isphyxiae

167 837 407 888 efficaciter
427 840 691 886 medeantur
708 874 720 893 ,
740 840 796 887 de
814 839 975 903 quibus
996 837 1233 885 videantur
1254 856 1347 902 qua:
1366 838 1561 903 superius
1578 841 1694 886 dieta
1715 839 1828 886 sunt.

721 1046 1201 1101 CAPUT
1308 1048 1465 1100 IX.

368 1173 442 1218 De
480 1146 645 1217 horris
667 1203 683 1226 ,
722 1167 946 1219 Verrucis
981 1161 1040 1222 dy
1073 1164 1443 1234 condylomatis
1470 1163 1791 1236 genitalium.

668 1311 710 1359 ᾗ.
758 1303 789 1346 1.
855 1301 1503 1348 DESCRIPTio.

174 1421 301 1537 A
319 1417 358 1462 C
378 1433 403 1462 c
420 1434 443 1463 E
460 1433 488 1462 D
505 1433 519 1462 t
538 1434 566 1462 τ
596 1416 952 1481 praecedentibus
978 1421 1066 1479 jam
1093 1417 1324 1489 descriptis
1349 1432 1503 1488 quarta
1524 1415 1672 1462 morbi
1694 1414 1878 1463 venerei
1900 1414 1998 1480 spe⁴

320 1482 406 1528 cies
419 1516 434 1533 ,
456 1482 699 1528 verrucosae
719 1480 886 1528 scilicet
905 1482 1212 1529 excrescentiae
1232 1500 1278 1527 in
1297 1482 1563 1546 genitalibus
1579 1516 1590 1533 ,
1611 1500 1705 1545 quae
1723 1481 1995 1546 quandoque

160 1547 306 1593 coitui
325 1547 502 1611 impuro
519 1587 531 1601 ‚
560 1545 636 1593 sed
668 1548 931 1610 plerumque
961 1548 1194 1612 praegresfis
1217 1554 1262 1594 δε
1288 1548 1403 1594 male
1425 1547 1586 1594 curatis
1610 1550 1777 1594 caeteris
1794 1546 1994 1595 affectio-

166 1612 297 1658 nibus
317 1611 573 1675 syphiliticis
594 1611 737 1657 solent
758 1612 1009 1658 succedere.

243 1682 296 1722 In
317 1677 423 1722 viris
450 1677 496 1720 in
513 1692 610 1721 toto
634 1694 748 1741 pene
764 1677 1018 1739 germinant
1039 1710 1051 1729 ‚
1082 1675 1156 1723 sed
1184 1674 1450 1740 potissimum
1475 1675 1523 1720 in
1552 1675 1766 1740 praeputio
1788 1681 1832 1722 ὃς
1849 1675 1897 1721 in
1917 1675 1995 1722 ba-

163 1740 269 1788 lano
286 1774 298 1793 ,
321 1741 377 1786 ad
400 1759 615 1787 coronam
636 1757 709 1787 aut
724 1746 844 1803 juxta
872 1739 1058 1787 fraenum
1084 1761 1094 1787 :
1125 1747 1176 1787 In
1195 1741 1382 1786 faeminis
1403 1740 1511 1787 verb
1529 1741 1575 1785 in
1599 1741 1691 1786 tota
1722 1741 1854 1788 vulva
1874 1775 1886 1793 ‚
1919 1741 1996 1787 sed

164 1805 405 1871 praesertim
436 1805 483 1850 in
516 1806 714 1869 pudendi
740 1805 895 1858 labiis,
927 1806 973 1851 in
1003 1806 1241 1858 clitoride,
1272 1806 1491 1852 clitoridis
1519 1806 1731 1869 praeputio
1751 1839 1763 1858 ‚
1790 1812 1835 1852 δε
1863 1823 1997 1867 nym-

165 1870 263 1935 phis
282 1869 358 1916 seu
382 1871 595 1934 pterygiis
625 1890 635 1915 z
671 1871 743 1917 Ad
775 1872 848 1917 ani
876 1871 1092 1916 ambitum
1114 1870 1398 1917 efflorescunt
1426 1871 1472 1917 in
1492 1870 1544 1915 iis
1562 1871 1639 1932 qui
1662 1870 1897 1917 muliebria
1917 1888 1997 1934 pa-

164 1935 322 1981 tiendo
353 1936 717 1981 contaminantur
742 1955 750 1981 z
786 1934 980 1981 Demum
1007 1937 1054 1982 in
1085 1935 1360 1986 nutricibus,
1393 1952 1487 1998 quae
1517 1935 1752 1982 lactatione
1785 1934 1997 1982 morbum

164 2017 416 2064 concepere
434 2034 446 2052 ‚
468 2018 762 2046 mammarum
783 2001 963 2064 papillas
978 2035 990 2053 ,
1014 2002 1085 2048 vel
1108 2001 1371 2065 papillarum
1390 1998 1524 2045 basim
1542 1998 1762 2046 obsident.

226 2065 383 2127 Figura
405 2065 603 2117 variant,
635 2065 743 2111 ficut
763 2071 808 2112 <Sc
838 2065 949 2111 situ:
981 2066 1025 2112 Si
1054 2067 1259 2129 oblongae
1277 2099 1288 2117 ‚
1319 2065 1453 2111 exiles
1481 2070 1526 2110 δε
1555 2081 1717 2111 teretes
1742 2064 1855 2117 sint,
1880 2068 1999 2129 porri

164 2129 376 2176 dicuntur
397 2148 408 2183 3
437 2147 617 2176 verrucae
633 2169 648 2185 ,
675 2130 704 2176 si
729 2145 889 2177 teretes
917 2130 1101 2194 quidem
1124 2131 1198 2177 sed
1221 2130 1452 2176 breviores
1473 2129 1783 2193 planioresque
1803 2148 1814 2183 3
1851 2130 2000 2192 condy-

165 2197 315 2240 tomam
334 2234 347 2248 ,
377 2195 407 2239 fi
436 2195 809 2258 complanatioi·es
839 2194 920 2240 sint
947 2202 989 2242 δε
1018 2197 1066 2241 in
1096 2196 1341 2258 oblongam
1371 2212 1516 2241 aream
1546 2194 1748 2240 extensae.
1800 2193 1998 2241 Demum

163 2259 284 2318 cristae
300 2298 314 2314 ,
338 2259 368 2305 fi
385 2259 506 2306 mole
524 2260 786 2323 grandiores
802 2294 815 2313 ‚
835 2261 882 2306 in
900 2259 1094 2308 fimbrias
1112 2261 1184 2308 seu
1203 2259 1379 2307 lacinias
1398 2259 1505 2305 latas
1528 2264 1572 2305 δε
1592 2258 1801 2305 foliaceas
1821 2258 1999 2307 excres-

171 2340 291 2370 cant„

231 2387 378 2433 Mod-o
403 2387 557 2451 sponte
584 2388 799 2434 decidunt
826 2389 1125 2436 exarescendo
1144 2423 1157 2442 ,
1184 2388 1259 2434 sed
1285 2386 1511 2452 superstite
1536 2386 1624 2431 basi
1652 2404 1705 2432 ex
1732 2386 1819 2449 qua
1847 2386 2001 2450 repul-

165 2451 332 2503 lulant3
365 2451 501 2497 modi)
522 2469 785 2515 permanent
806 2452 881 2499 sed
907 2453 1127 2505 flaccidae,
1150 2453 1307 2499 molles
1324 2487 1335 2505 ,
1363 2458 1407 2498 δέ
1426 2450 1552 2498 sensu
1575 2451 1668 2496 fere
1690 2451 1835 2503 orbae3
1857 2451 1997 2496 modo

168 2516 286 2563 durae
304 2550 315 2567 ‚
341 2513 456 2559 ficcae
473 2549 484 2565 ,
508 2517 702 2578 rigentes
731 2524 776 2564 &
806 2518 923 2580 quasi
944 2537 1115 2565 corneae
1138 2518 1263 2565 sensu
1290 2533 1441 2564 carent
1467 2522 1511 2562 δε
1538 2515 1640 2561 vere
1673 2514 1838 2560 callosae
1867 2514 1997 2568 sunt3

168 2581 310 2627 modo
329 2579 438 2625 verb
457 2580 613 2627 dolent
626 2616 637 2634 ,
658 2582 824 2628 ichoris
841 2584 1074 2648 quidpiam
1101 2601 1153 2631 ex
1173 2583 1344 2630 summo
1367 2582 1490 2647 apice
1509 2582 1708 2628 erudiant
1727 2585 1773 2627 &
1792 2596 1998 2628 naturam

167 2645 569 2695 carcinomatoden
586 2648 860 2694 aemulantut.

769 2777 1412 2837 §.11.CAUSAE.

231 2904 528 2967 Compertum
553 2905 612 2950 est
640 2903 819 2967 papillas
844 2919 1056 2950 contextu
1084 2921 1267 2950 nerveas
1283 2938 1296 2956 ‚
1326 2903 1468 2966 figura
1493 2902 1785 2967 pyramidales
1811 2901 1885 2949 seu
1913 2919 1994 2967 po-

168 2966 255 3015 tius
284 2967 548 3029 cylindricas
567 3002 580 3020 ‚
608 2968 748 3013 modb
775 2966 949 3032 sparsim
966 3002 978 3020 ‚
1006 2968 1144 3013 modo
1177 2967 1387 3031 parallelo
1416 2967 1574 3014 ordine
1603 2967 1793 3014 insidere
1820 2967 1994 3028 eictimae

170 3033 294 3087 cuti,
325 3051 421 3096 quae
450 3033 661 3096 genitalia
688 3033 734 3077 in
762 3049 954 3096 utroque
984 3031 1086 3079 sexu
1114 3032 1239 3079 vestit
1256 3067 1269 3085 ,
1297 3031 1402 3079 ficut
1424 3038 1468 3078 δε
1500 3032 1591 3078 cuti
1612 3033 1789 3097 reliquae
1808 3032 1892 3095 qua
1911 3051 1989 3079 cae·

171 3113 274 3145 tetae
300 3100 501 3164 corporis
520 3113 665 3163 partes
682 3097 980 3161 obteguntur3
1013 3104 1059 3143 ὃς
1088 3095 1341 3144 numerosas
1363 3131 1375 3150 ‚
1409 3096 1632 3144 confertas
1651 3131 1662 3151 ‚
1689 3100 1994 3161 prominentes

170 3163 365 3217 maxime
394 3162 623 3212 observati
651 3163 698 3218 iii
727 3163 913 3221 balano,
940 3162 1079 3213 fraeno
1097 3197 1111 3218 ‚
1142 3162 1329 3230 utraque
1357 3163 1560 3230 praeputii
1579 3162 1694 3215 facie
1725 3169 1771 3213 ὃς
1790 3179 1993 3213 extremo

2063 1424 2274 1480 Descriptio

2041 1491 2239 1530 portorum
2259 1507 2274 1524 ,

2041 1544 2239 1569 verrucam
2258 1559 2272 1576 ,

2039 1588 2073 1621 ὃ(
2089 1583 2276 1635 condylo-

2040 1649 2200 1677 matum.

2042 2906 2120 2943 Cau
2127 2904 2170 2944 sae
2183 2915 2270 2959 pot-a

2040 2970 2271 3003 toturn‚vet-

2040 3023 2210 3049 tucatum
2257 3040 2270 3058 ‚

2038 3068 2074 3101 δε
2093 3064 2272 3115 condylo-

2039 3128 2178 3153 matum
2203 3117 2271 3152 de-

2037 3168 2203 3210 ducendae
2223 3167 2269 3210 ab
