2477 3643
398 147 507 202 ‘170‘
711 140 1313 206 ‚DEMORBIS
1380 142 1871 189 VENEREIS.

411 223 529 275 curii
555 229 642 274 &c.
667 240 861 290 quorum
891 223 1165 290 singulorum
1192 223 1306 270 dosis
1335 223 1382 271 in
1411 223 1571 271 adultis
1600 224 1624 270 εὶ
1654 242 1717 289 gr.
1751 244 1824 272 xv.
1865 223 1921 273 ad
1958 225 1992 276 9
2007 228 2036 290 j.
2067 213 2242 292 siugulis

414 291 574 340 diebus
597 291 669 339 vel
699 290 879 338 alternis
905 290 1075 336 tanturn
1097 307 1178 354 pro
1199 289 1372 335 Medici
1394 289 1660 354 prudentia3
1686 290 1758 338 sed
1791 308 1885 356 quae
1924 292 2135 340 conserva
2170 293 2246 342 vel

415 357 578 422 sytupo
599 356 934 421 excipiebantur
964 354 1044 401 sub
1072 353 1220 400 forma
1243 353 1365 407 boli,
1398 370 1454 402 ne
1474 355 1630 402 dentes
1650 355 1831 420 nigrore
1850 356 2085 405 inficerent
2102 358 2212 407 illita
2226 392 2242 413 ,

416 424 512 471 imo
530 423 654 487 qnod
681 425 800 486 pejus
826 423 884 468 est
911 420 1030 466 carie
1059 435 1318 466 tentarent(

486 498 548 549 30.
583 491 663 535 Per
694 486 819 532 usum
846 500 1191 549 praeparatorum
1212 483 1553 530 Mercurialium
1576 483 1821 532 istiusmodi
1845 485 2086 549 diligenter
2110 505 2244 536 cave-

420 555 578 604 batur,
608 570 664 599 ne
694 552 804 597 aeris
831 549 1097 596 humiditate
1127 565 1200 594 aut
1236 549 1408 613 frigore
1446 565 1643 595 ventove
1675 550 2016 598 vehementiore
2055 552 2245 617 diapho-

417 618 548 670 resis,
568 635 701 681 quam
736 613 1019 662 Mercurialia
1049 613 1323 666 movebant,
1355 613 1642 660 cohiberetur
1660 646 1672 666 ,
1705 615 1823 662 unde
1852 615 2070 662 fluxiones
2092 635 2140 662 ac
2171 635 2245 664 ca-

419 684 561 731 tarrhi
580 698 733 746 graves
755 679 1024 729 accidissent,
1048 679 1278 736 Quocirca
1305 678 1541 742 jubebatur
1567 695 1707 742 teger,
1727 679 1758 724 si
1785 682 2013 745 tempestas
2031 680 2244 746 frigidior

417 750 525 797 effer
543 784 556 803 ‚
585 746 792 793 cubiculo
821 744 864 791 se
884 743 1133 790 continere.
1904 752 1909 755 ’

481 824 549 872 40.
580 812 675 857 Ubi
704 809 897 875 primum
923 809 1185 856 continuato
1206 807 1546 855 Mercurialium
1570 807 1649 853 usu
1668 807 1810 872 prima
1831 808 2100 872 apparebant
2120 826 2245 875 ptya==

415 879 533 927 lismi
565 876 731 923 indicia
757 909 770 928 ,
805 875 1012 941 purgatio
1045 874 1341 921 exhibebatur
1382 873 1645 938 praecedenti
1685 871 1832 918 fimilis
1866 873 1936 919 vel
1967 877 2246 938 praecedente

415 944 548 1008 paulo
576 940 769 988 validior
803 958 904 986 cum
935 939 1081 987 infuso
1108 938 1412 986 folliculorum
1446 936 1588 984 sennae
1612 971 1624 990 ,
1658 937 1819 983 additis
1853 937 1938 984 sale
1973 940 2165 1002 vegetali
2199 946 2246 987 ὃ(

417 1006 578 1055 manna
598 1026 608 1057 3
632 1006 702 1052 vel
731 1024 832 1051 cum
861 1005 1084 1069 diagridio
1111 1003 1325 1050 sulfurato
1348 1008 1393 1049 δε
1417 1003 1608 1067 jalappio
1634 1001 1794 1067 syrupo
1825 1018 1898 1048 aut
1926 1003 2142 1052 conserva
2169 1023 2248 1052 ex·-

419 1074 558 1137 ceptis
574 1073 621 1117 in
648 1070 842 1117 formam
856 1069 977 1116 boli:
1000 1087 1055 1116 eo
1083 1069 1171 1116 fine
1192 1085 1240 1115 ut
1261 1067 1409 1116 versus
1436 1066 1652 1114 inferiora
1673 1067 1988 1115 deturbaretur
2015 1071 2249 1125 materies,

415 1155 513 1202 quae
546 1137 601 1184 ad
629 1155 677 1182 os
695 1136 868 1182 irruens
887 1134 1167 1200 ptyalismum
1195 1150 1370 1186 mortua
1389 1131 1549 1179 fuiss'et.

490 1211 550 1265 50.
586 1201 646 1248 Est
676 1200 892 1247 methodo
920 1200 1138 1247 alternans
1160 1215 1500 1264 praeparatorum
1520 1195 1860 1243 Mercurialium
1890 1203 1935 1244 &
1964 1198 2249 1262 purgantium

416 1266 519 1316 usus
544 1266 705 1332 pluries
732 1264 1012 1329 repetebatur
1033 1298 1044 1317 ,
1071 1281 1119 1311 ut
1150 1264 1297 1309 morbi
1330 1264 1488 1326 gradus
1517 1268 1561 1309 ὃς
1589 1261 1932 1326 symptomatum
1965 1263 2250 1312 vehementia

418 1332 604 1399 poscere
625 1330 895 1377 videbantur
914 1363 926 1382 ,
947 1330 1093 1375 donec
1120 1328 1258 1374 fluxus
1286 1327 1613 1391 gonorrhoicus
1630 1327 1819 1372 omnino
1839 1327 2123 1374 evanesceret
2142 1362 2155 1380 ‚
2177 1331 2250 1378 vel

419 1398 567 1447 abiret
592 1396 773 1441 tandem
793 1396 838 1442 in
857 1393 1036 1459 simplex
1058 1393 1233 1441 seminis
1254 1393 1524 1451 stillicidium
1542 1391 1637 1438 aliis
1657 1392 1848 1438 remedis
1867 1393 2185 1439 coercendum,

487 1470 552 1508 60.
591 1458 761 1507 Verum
779 1459 1062 1524 frequentior
1093 1457 1167 1504 illa
1192 1459 1415 1505 &iterata
1443 1472 1783 1522 praeparatorum
1805 1458 2142 1503 Mercurialium
2168 1476 2249 1505 ex·-

418 1526 585 1573 hibitio
603 1525 782 1571 videtur
809 1524 856 1570 in
883 1524 977 1571 dies
1006 1522 1287 1570 obsolescere
1306 1542 1317 1576 3
1337 1540 1482 1586 neque
1503 1520 1667 1581 injuria
1685 1554 1697 1572 ‚
1721 1538 1822 1568 meo
1848 1522 2031 1584 quidem
2062 1523 2250 1584 judicio.

419 1594 721 1656 Compertum
752 1590 809 1636 est
839 1589 961 1636 enim
984 1588 1168 1634 illorum
1189 1587 1493 1634 remediorum
1515 1585 1594 1632 usu
1618 1603 1710 1630 non
1741 1585 1880 1631 modo
1910 1586 2147 1633 ventriculi
2177 1604 2251 1635 to·-

417 1674 527 1703 num
547 1655 772 1703 debilitari
788 1688 799 1705 ‚
821 1652 1026 1717 viresque
1046 1652 1263 1715 infringi,
1277 1651 1401 1715 quod
1417 1649 1516 1697 sane
1536 1667 1746 1713 magnum
1766 1652 1825 1697 est
1840 1684 1852 1703 ‚
1872 1650 1946 1699 sed
1967 1652 2103 1698 etiam
2123 1653 2250 1716 quod

416 1722 664 1768 maximum
680 1753 693 1772 ,
724 1718 944 1782 sanguinis
965 1719 1257 1764 acrimoniam
1278 1718 1339 1763 ita
1357 1716 1561 1768 intendi,
1595 1731 1643 1761 ut
1671 1715 1819 1761 ulcera
1834 1750 1846 1768 ‚
1869 1733 1963 1780 quae
1984 1717 2030 1762 in
2054 1734 2253 1782 concep-

420 1786 574 1833 taculis
604 1784 780 1831 seminis
805 1784 974 1836 latent,
1009 1782 1132 1829 auc‘til
1173 1781 1394 1845 sanguinis
1425 1779 1636 1843 dyscrafia
1655 1814 1668 1831 2
1694 1779 1862 1826 nedum
1900 1779 2134 1835 sanentur,
2172 1783 2250 1830 sed

418 1851 686 1913 maligniora
706 1848 813 1894 fiant
833 1854 879 1894 ὃ(
901 1863 1056 1894 curatu
1083 1845 1349 1892 difficiliora.
1377 1846 1512 1892 Certe
1537 1845 1699 1910 pluries
1722 1844 1812 1909 ipse
1834 1862 2038 1911 expertus
2059 1847 2152 1892 sum
2170 1882 2182 1900 ‚
2203 1854 2252 1894 δε

417 1923 828 1978 mecum'expertos
854 1912 939 1958 effe
972 1912 1179 1959 Medicos
1207 1927 1385 1958 caeteros
1421 1909 1566 1956 nullus
1603 1910 1763 1956 dubito
1798 1909 1877 1956 usu
1911 1912 2253 1959 Mercurialium

417 1982 545 2027 caute
570 1979 704 2026 etiam
729 1977 1036 2023 exhibitorum
1064 1976 1287 2037 dysuriam
1310 1980 1397 2036 jam
1418 1975 1721 2021 remittentem
1743 2009 1753 2026 ‚
1786 1974 2045 2038 fluxumque
2078 1993 2252 2039 gonor-

419 2046 627 2093 rhoicum
657 2041 935 2089 fatiscentem
964 2040 1234 2088 recruduisse
1252 2075 1265 2094 ‚
1297 2058 1398 2086 cum
1424 2040 1543 2086 nova
1570 2039 1771 2085 humoris
1806 2040 2023 2086 manantis
2053 2042 2255 2089 virulen-

420 2111 481 2158 tia
496 2145 509 2161 ‚
536 2126 669 2173 quam
688 2106 826 2152 flavus
846 2105 1060 2153 viridisve
1080 2105 1207 2151 color
1226 2139 1238 2158 ,
1267 2107 1478 2167 auctaque
1509 2103 1755 2150 acrimonia
1779 2103 1875 2150 satis
1894 2105 2170 2151 indicabant.

482 2183 549 2233 70.
584 2173 692 2219 Ideo
727 2171 968 2233 ablegatis,
1007 2169 1079 2217 vel
1116 2170 1267 2216 saltem
1295 2169 1429 2215 rarius
1459 2167 1670 2232 usurpatis
1695 2170 1941 2233 praeparatis
1965 2171 2256 2217 Mercuriali-

418 2238 501 2286 bus
520 2256 600 2285 ore
628 2235 891 2284 exhibendis
911 2270 922 2288 ‚
955 2234 1032 2281 usu
1050 2239 1137 2297 jam
1157 2251 1384 2298 receptum
1407 2235 1466 2281 est
1498 2232 1782 2279 fri‘Ctionibus
1814 2235 2151 2282 mercurialibus
2174 2254 2255 2282 ex-

420 2305 548 2351 terne
568 2303 659 2353 uti,
685 2301 926 2365 perinaeum
943 2334 954 2352 ‚
981 2299 1189 2363 genitalia
1204 2334 1216 2351 ,
1241 2299 1389 2345 clunes
1411 2333 1422 2350 ‚
1444 2298 1630 2361 inguina
1647 2298 1693 2344 in
1711 2298 1818 2344 viris
1836 2317 1847 2351 3
1868 2299 1914 2344 in
1929 2297 2125 2346 foeminis
2144 2302 2254 2347 verb

418 2369 659 2434 perinaeum
682 2400 693 2419 ‚
709 2366 859 2412 clunes
874 2400 885 2418 ,
906 2365 1088 2428 inguina
1103 2399 1116 2417 ‚
1134 2364 1335 2429 pudendi
1356 2363 1472 2409 labia
1488 2397 1500 2416 ,
1520 2363 1613 2408 imo
1632 2361 1712 2408 nifi
1730 2363 1909 2426 gravius
1930 2364 2037 2412 inde
2055 2365 2255 2418 doleant,
2314 2392 2330 2404 .›

418 2434 599 2481 vulvam
627 2430 763 2494 ipsam
784 2445 1015 2493 unguento
1034 2428 1124 2476 sive
1160 2429 1399 2475 linimento
1437 2427 1693 2474 mercuriali
1713 2427 1768 2474 ad
1798 2428 1951 2491 ignem
1977 2429 2256 2493 inungendo.

420 2498 579 2546 Solent
606 2495 833 2541 fr‘itfftiones
856 2492 1101 2541 istiusmodi
1120 2494 1255 2541 tertio
1276 2492 1449 2539 tantum
1474 2493 1547 2540 vel
1578 2508 1739 2556 quarto
1768 2510 1949 2558 quoque
1977 2494 2050 2541 die
2083 2494 2257 2559 repeti,

421 2561 624 2609 adhibita
645 2561 873 2606 dumtaxat
903 2558 990 2605 una
1015 2559 1088 2605 vel
1123 2558 1260 2605 altera
1290 2558 1507 2622 unguenti
1538 2557 1751 2604 drachma
1769 2592 1781 2610 ,
1803 2576 1859 2606 ne
1891 2559 2026 2605 illitus
2043 2557 2255 2622 frequen-

423 2630 511 2674 tior
555 2642 628 2672 aut
671 2643 772 2671 cum
815 2629 982 2686 majore
1011 2624 1227 2686 unguenti
1261 2624 1354 2670 dofi
1383 2621 1664 2688 ptyalismum
1711 2624 1922 2670 concitet.
1980 2621 2175 2669 Demum
2207 2639 2257 2670 ut

422 2690 641 2754 unguenti
664 2689 860 2752 „reliquiae
889 2689 979 2734 cuti
1009 2688 1262 2734 adhaereant
1286 2722 1299 2740 ‚
1329 2705 1410 2734 nec
1435 2686 1608 2733 indufio
1629 2687 1932 2751 abstergantur
1949 2721 1963 2741 ‚
1999 2688 2258 2737 inducenda

424 2757 526 2804 sunt
546 2754 781 2803 femoralia
797 2788 809 2806 ,
836 2771 929 2817 quae
949 2768 1047 2799 toto
1070 2753 1312 2798 curationis
1333 2769 1536 2816 tempore
1557 2753 1792 2815 gestentur.

492 2822 555 2868 8⁹.
594 2824 656 2867 Ea
690 2817 790 2864 sane
826 2817 1063 2865 methodus
1086 2823 1132 2863 δε
1160 2818 1302 2878 efficax
1319 2819 1378 2864 est
1399 2822 1443 2863 &
1473 2817 1690 2863 commoda.
1721 2818 1887 2878 Efficax
1916 2816 2129 2881 quidem,
2155 2815 2261 2880 quia.

424 2886 566 2933 atomi
584 2884 866 2932 mercuriales
885 2884 931 2929 in
953 2883 1064 2929 cutis
1097 2880 1312 2947 spiracula
1332 2917 1344 2934 ,
1373 2882 1421 2928 in
1450 2879 1550 2929 vasa
1581 2881 1839 2945 limphatica
1858 2881 1882 2926 a
1903 2898 2013 2929 cute·
2032 2881 2224 2927 oriunda
2245 2912 2262 2933 ‚

424 2951 476 2999 in
506 2949 650 3014 ipsum
686 2948 866 2995 demum
901 2946 1156 2995 affectatum
1190 2951 1384 3012 partium
1414 2962 1676 2994 contextum
1706 2946 1820 2995 illitu
1854 2945 2008 2993 senfim
2035 2944 2257 2992 infinuatae

427 3014 669 3062 corrofivas
694 3014 891 3077 contagii
918 3013 1100 3061 venerei
1128 3013 1361 3078 particulas
1379 3046 1392 3064 ‚
1423 3012 1585 3075 quibus
1610 3011 1793 3058 morbus
1816 3011 2045 3058 inducitur
2063 3044 2077 3063 ‚
2109 3007 2258 3057 effica-

429 3081 540 3126 citer
572 3079 795 3142 impetunt
813 3111 824 3129 ‚
844 3077 1096 3142 infringunt
1114 3111 1127 3131 ‚
1149 3077 1405 3137 destruunt}
1427 3077 1648 3123 Commoda
1671 3077 1780 3124 vero
1797 3110 1810 3129 ,
1829 3077 1934 3139 quia
1949 3075 2115 3123 eaedem
2142 3090 2259 3120 mer-

428 3144 618 3190 curiales
645 3141 784 3189 atomi
803 3141 938 3188 illitus
970 3160 1055 3206 ope
1073 3176 1086 3194 ‚
1114 3142 1186 3188 via
1206 3141 1457 3188 breviffima
1491 3146 1536 3187 ὃς
1568 3140 1657 3189 fine
1680 3140 1769 3187 ulla
1795 3140 2035 3187 ventriculi
2060 3137 2176 3184 noxa
2200 3138 2262 3186 ad.

431 3222 578 3268 partes
608 3205 919 3264 deducuntur,
945 3206 1026 3254 ubi
1054 3206 1164 3257 latet
1195 3205 1432 3255 seminium
1461 3222 1702 3256 venereum
1718 3239 1733 3260 ,
1759 3203 1884 3271 quod
1913 3219 2121 3252 neutrum
2143 3220 2259 3262 conf:
