2477 3643
423 113 520 182 586

419 361 530 434 M
547 349 670 392 Acollo
703 352 715 390 (
737 350 898 396 Joannes
917 341 927 376 l
947 355 1023 397 quo
1040 340 1317 397 epiphonemate

585 403 719 442 librum
735 398 838 438 suum
855 396 1071 436 concludat?
1111 406 1227 444 pagm.
1247 409 1313 446 515

419 460 573 497 Macula
601 455 691 494 cutis
710 465 868 492 venercae
885 480 896 497 ,
1087 462 1167 494 293,
1185 449 1229 490 ό»
1251 463 1312 498 303

422 517 466 548 M
473 526 490 540 ι’
492 524 575 558 grtes
591 508 865 547 anti-venereus
882 502 1035 551 joannis
1052 501 1190 539 Winell
1206 531 1215 548 ,
1249 516 1317 552 530

421 568 464 600 M
484 563 676 603 >humetum
708 557 781 595 Vid
812 563 961 592 Tuscus.

422 620 671 653 Miz-amarum
695 622 820 648 cancer
847 607 869 647 ὲ,
891 605 999 647 causa
1027 605 1180 645 venerea
1195 636 1206 653 ,
1238 614 1318 655 296.

474 670 519 708 (92
549 678 616 714 320
1041 713 1045 717 Ι

420 721 632 758 Manara‘us
666 718 853 762 (Joannes
875 719 884 737 *-
916 710 1065 750 credidit
1094 712 1190 749 luem
1206 725 1319 750 vene-

471 783 570 808 ream
598 781 718 807 ortam
746 765 848 805 fuiffe
878 765 899 805 a
932 771 1056 804 Scorto
1086 765 1283 809 Valentino
1307 793 1318 811 ,

472 836 632 877 quocum
650 819 807 872 leprosus
824 835 899 859 rem
913 818 1040 858 habuit
1053 851 1065 868 ,
1131 832 1191 866 43.
1209 829 1252 860 &-
1270 831 1320 866 44

422 883 580 924 Mariscae
607 876 667 913 ani
699 873 769 914 Vid
811 878 904 909 Fiaos
923 873 994 910 ani.

420 930 624 968 Martialis.
658 929 718 965 An
745 928 782 964 in
798 924 1017 980 syphiliticos
1035 927 1173 976 jocatus
1189 923 1231 963 fit
1253 936 1320 960 no-

477 983 576 1020 rnine
602 978 797 1018 ficosorum
814 989 823 1018 ?
1185 983 1217 1015 8.
1235 978 1279 1017 (³7
1298 993 1318 1023 9

422 1038 613 1072 Martinus
644 1031 992 1081 (Bartholomaeus)
1022 1029 1225 1070 cardinalis
1255 1033 1321 1068 Se-

474 1086 689 1142 gobricenfis
719 1088 870 1124 moritur
895 1085 946 1124 ob
975 1085 1175 1124 adhibitam
1199 1082 1321 1122 thera-

475 1143 593 1195 peiam
609 1140 858 1178 mercurialem
878 1168 889 1186 ,
1253 1149 1321 1183 107

424 1197 470 1231 Μ
475 1192 667 1241 artinafius
690 1191 885 1245 Episcopus
902 1189 1125 1232 Varadicnsis
1140 1194 1175 1228 δε
1190 1192 1322 1228 Prorex

475 1246 677 1299 Hungariae
706 1246 848 1285 videtur
875 1245 1057 1284 medicum
1088 1249 1320 1294 Montagna-

477 1314 531 1338 nce
547 1299 732 1337 consilium
746 1297 880 1350 petiiffe
894 1329 903 1346 ‚
1247 1304 1319 1343 467

421 1353 542 1401 Massa
572 1358 584 1399 (
601 1352 779 1391 Nicolaus
800 1358 810 1399 )
843 1351 887 1389 de
902 1350 1048 1389 bubone
1065 1362 1218 1388 venereo
1235 1363 1322 1401 pau-

477 1419 518 1444 ca
533 1406 702 1458 quaedam
719 1405 808 1443 dixit
826 1419 922 1442 anno
944 1418 982 1452 15
994 1417 1048 1452 34.
1277 1410 1321 1449 67

424 1461 466 1493 Μ
471 1461 640 1495 atcbnolus
659 1461 807 1504 (Petrus
824 1457 1008 1503 Andreas)
1027 1455 1159 1493 temere
1173 1452 1323 1492 credidit

477 1510 575 1549 luem
593 1524 782 1549 veneream
799 1512 914 1549 curari
928 1508 1025 1564 poffe
1039 1508 1204 1547 remediis
1218 1508 1324 1561 plane

477 1564 725 1603 inefficacibus
743 1593 755 1611 ,
1248 1575 1321 1610 457

423 1619 637 1654 Mamm-zi
666 1617 762 1654 luem
788 1628 970 1669 acceptam
991 1614 1125 1653 habent
1142 1613 1163 1653 ὲ
1187 1613 1322 1662 Judaeis

477 1682 520 1710 ex
548 1668 725 1722 Hispania
752 1671 894 1709 exulare
913 1668 1032 1719 juliis,
1060 1667 1156 1707 unde
1184 1666 1323 1705 factum

477 1725 529 1767 est
548 1740 587 1765 ut
602 1725 648 1764 ab
666 1724 734 1761 illis
756 1724 892 1760 nmium
907 1729 944 1760 H
948 1722 1140 1773 ispam‘cum
1158 1720 1298 1760 dicatur
1312 1749 1322 1768 ,

425 1796 598 1876 Mai-ferne
627 1825 876 1876 (Theodorus
900 1830 1112 1879 Turquetus
1140 1823 1212 1871 de)
1241 1823 1324 1863 lau-

477 1887 539 1926 dat
568 1882 779 1930 inietstiones
815 1881 1042 1919 mercuriales
1072 1881 1111 1918 in
1141 1877 1325 1917 urethram

476 1940 524 1980 ad
539 1933 767 1993 gonorrhoeae
784 1936 1008 1972 curationem
1022 1963 1033 1979 ,
1258 1944 1326 1979 ¹74

574 1994 669 2031 Item
698 1987 827 2025 bolum
866 1986 1115 2025 mercurialem
1141 2013 1152 2031 ,
1190 1996 1325 2035 aquam

639 2038 797 2076 menthae
813 2068 823 2083 ‚
850 2045 886 2076 &
909 2053 1053 2076 carnem
1069 2035 1245 2074 bubulam
1265 2051 1325 2074 ex-

632 2091 798 2132 siccatam
811 2095 845 2128 &
860 2089 1084 2139 pulveratam
1099 2116 1109 2133 ,
1257 2093 1324 2136 528

429 2145 654 2198 Maynasdus
688 2147 700 2190 (
719 2146 842 2180 Petrus
860 2150 871 2188 )
903 2142 1038 2192 primus
1060 2138 1240 2191 descripsc
1262 2153 1328 2177 an·

481 2217 531 2242 no
547 2198 684 2240 circiter
712 2207 814 2244 1520.
833 2207 997 2233 verrucas
1015 2199 1051 2233 &
1069 2205 1195 2246 porros
1218 2206 1325 2229 vene-

481 2269 562 2297 reos
577 2249 791 2307 genitalium
805 2278 816 2295 ,
1280 2253 1327 2283 66

580 2302 685 2346 Falso
715 2300 805 2339 olim
834 2299 982 2339 tradidit
1008 2298 1106 2338 luem
1135 2310 1326 2336 veneream

631 2368 730 2396 anno
752 2360 853 2403 1584.
887 2352 1097 2392 cessaturam
1112 2349 1203 2398 effe,
1277 2364 1322 2393 71

425 2416 647 2460 Medicorum
686 2419 850 2446 veterum
880 2407 960 2446 loca
988 2406 1161 2459 explicata
1182 2434 1193 2451 ,
1229 2403 1326 2442 unde

477 2466 633 2507 creditur
650 2461 845 2513 antiquitas
865 2459 934 2499 luis
951 2473 1110 2498 venercae
1140 2454 1236 2510 posse
1251 2457 1326 2495 col-

477 2520 568 2574 ligi,
1016 2565 1021 2572 ·
1131 2524 1165 2558 4·
1190 2509 1324 2569 &seq-

578 2565 837 2618 Expenduntur
868 2563 949 2603 loca
978 2562 1117 2616 aliquot
1148 2560 1323 2602 Medico-

632 2634 714 2659 rum
730 2631 828 2658 anno
849 2630 952 2667 ¹494·
967 2619 1215 2671 antiquiorum
1230 2646 1242 2664 ,
1266 2630 1322 2655 zo.

631 2674 677 2716 (ῥυ
693 2675 750 2723 [τᾳ

425 2730 563 2775 Mecl’ci
590 2726 790 2779 complures
816 2722 990 2764 testantur
1016 2724 1113 2764 luem
1131 2735 1324 2762 veneream

479 2782 685 2823 endemiam
701 2779 792 2818 olim
808 2776 910 2818 fuiffe
928 2780 965 2818 in
985 2777 1108 2817 Insula
1127 2776 1325 2828 Hispanie-

479 2838 517 2878 ιὲ
533 2868 544 2885 ²
1112 2845 1170 2878 49·
1192 2830 1325 2880 &fiq'

578 2886 690 2928 initio
722 2884 791 2923 luis
824 2898 984 2924 venereae
1011 2885 1235 2924 curationem
1263 2882 1323 2922 de-

633 2938 834 2978 tres-'tabant
857 2940 895 2975 in
937 2936 1041 2976 italia
1058 2969 1068 2986 ,
1105 2935 1283 2989 Hispania
1310 2965 1322 2983 ,

635 2989 833 3032 Germania
846 2996 881 3030 δι
898 2990 1017 3030 Gallia
1033 3020 1044 3038 ,
1256 3002 1324 3037 ¹04

429 3047 559 3085 Medici
573 3045 616 3085 de
626 3043 923 3084 morbisvenereis
933 3043 1139 3084 consulendi
1152 3042 1247 3091 sunt,
1255 3057 1323 3094 5⁰²-

427 3102 692 3137 Medccammm
723 3097 1018 3136 anti-clioeradica
1035 3126 1045 3143 ,
1248 3103 1322 3144 4¹⁶

582 3150 803 3190 Eorumdem
816 3148 1088 3192 administrandi
1103 3151 1196 3190 ratio
1210 3180 1222 3199 ,
1250 3153 1322 3196 418

430 3202 595 3243 Medulla
625 3202 754 3245 ollium
769 3203 914 3253 morbi,
1257 3215 1321 3253 309

970 104 1285 157 INDEX
1364 101 1724 156 RERUM.

1321 239 1367 279 M

1371 336 1592 380 Melicerides
1619 350 1779 380 venereae
1795 368 1805 388 ,
1888 340 2010 393 μείω.
2031 353 2112 392 295.
2130 338 2175 382 ὁ·
2199 353 2261 394 μς

1370 392 1566 439 Menjotius
1608 392 1621 438 (
1641 393 1821 432 Antonius
1837 394 1850 440 )
1895 394 2026 435 merito
2066 393 2276 449 culpandus.

1423 441 1526 495 quod
1545 444 1582 481 in
1599 442 1915 485 Differtationibus
1939 445 2008 486 suis
2027 447 2266 502 pathologicis

1426 495 1646 546 therapeiam
1663 495 1823 535 omiserit
1838 528 1848 544 ,
2197 510 2264 550 535

1371 554 1414 586 M
1420 550 1559 598 anstrum
1589 550 1783 588 mulierum
1802 551 1840 587 in
1858 551 2086 592 calidioribus
2103 552 2267 606 regioni-2

1425 601 1492 641 bus
1509 604 1681 639 acerrima
1701 604 1782 640 sunt
1799 632 1809 649 ,
2221 611 2267 643 62.

1523 654 1614 693 Ideo
1648 656 1723 709 lege
1756 657 1910 694 vetitum
1946 669 2020 695 erat
2053 656 2188 704 Judaeis
2220 670 2269 696 ne

1575 721 1660 745 cum
1690 709 1918 747 menstruatis
1950 710 2064 749 ullum
2095 709 2270 750 haberent

1579 761 1859 800 contubernium
1873 791 1883 808 ,
2222 772 2244 800 6
2251 778 2264 812 3

1523 810 1686 865 Ideoque
1705 816 1840 855 Arabes
1857 814 1993 854 Medici
2010 845 2020 861 ,
2054 821 2088 855 &
2110 816 2215 868 primi
2232 822 2270 856 δε

1578 865 1666 918 saepe
1682 866 1853 907 differunt
1869 868 1913 906 de
1942 867 2091 918 pustulis
2116 876 2151 907 ὅ(
2168 870 2269 909 ulce-

1576 918 1675 959 ribus
1691 922 1799 975 virgae
1814 952 1824 969 ‚
1836 922 2000 960 oriundis
2014 936 2055 960 ex
2072 923 2171 961 coitu
2186 936 2271 962 cum

1579 973 1681 1011 ioeda
1694 974 1763 1015 hot
1780 978 1829 1014 eli:
1852 990 1935 1014 cum
1946 973 2167 1014 menstruata
2184 989 2273 1015 rnu-

1582 1026 1668 1065 liere
1681 1056 1692 1074 ,
1734 1034 1737 1036 ’
2184 1028 2275 1067 ibid.

1525 1078 1618 1118 Inde
1633 1080 1774 1117 videtur
1789 1080 1980 1131 repetenda
1994 1079 2173 1133 potissima
2189 1095 2274 1121 cau-

1580 1131 1618 1170 sa
1632 1146 1694 1171 cur
1718 1132 1793 1171 lues
1816 1148 1969 1174 venerea
1985 1137 2024 1174 in
2037 1134 2183 1173 Antillis
2202 1150 2272 1175 en-

1577 1186 1697 1224 demia
1714 1185 1825 1223 fuerit
1840 1217 1850 1233 ,
2186 1189 2274 1227 ibid.

1373 1238 1418 1271 M
1423 1251 1432 1269 ι
1440 1232 1636 1283 nstruorum
1674 1238 1865 1292 suppreffio
1895 1239 1916 1279 a
1944 1238 2053 1281 causa
2082 1240 2235 1281 venerea
2260 1270 2272 1290 ‚

1427 1297 1508 1334 296·
1525 1287 1569 1329 ό
1603 1306 1668 1339 320

1528 1341 1658 1382 Fluxus
1675 1343 1891 1382 immodicus
1906 1374 1916 1391 ,
2131 1344 2273 1382 ibidem.

1526 1396 1677 1449 Eruptio
1687 1411 1850 1449 tempore
1862 1396 2164 1452 hydrargyroseos
2175 1428 2186 1446 ‚
2207 1412 2276 1446 37·

1375 1445 1527 1483 Mentha
1545 1463 1641 1504 aqua
1659 1452 1886 1503 Qercerani
1898 1480 1910 1499 ,
2039 1465 2121 1498 420·
2139 1452 2184 1494 &⁶
2206 1456 2274 1500 5²-8

1375 1500 1613 1552 Mentulagra
1627 1532 1638 1546 ,
2203 1518 2275 1554 437

1376 1554 1557 1590 Mercerus
1588 1558 1801 1604 (Joannes)
1830 1554 1990 1594 modeste*
2005 1554 2079 1594 filet
2097 1555 2141 1594 de
2164 1571 2276 1596 natu-

1430 1601 1471 1641 ra
1486 1608 1628 1658 morbi,
1644 1624 1718 1663 quo
1734 1610 1847 1662 jobus
1863 1607 2041 1663 peicussus
2058 1608 2128 1648 fuit
2141 1639 2152 1658 ,
2176 1609 2278 1662 Pras.

1432 1669 1455 1694 v

1380 1714 1613 1751 Mercurialis
1658 1718 1672 1764 (
1689 1716 1938 1767 Hieronymus
1956 1717 1970 1759 )
2006 1728 2052 1753 an
2084 1717 2280 1756 tractatum

1433 1761 1605 1818 scripserit
1623 1767 1668 1807 de
1684 1767 1822 1808 Morbo
1843 1769 1985 1807 Gallico
2002 1777 2012 1807 Ξ
2044 1775 2127 1817 498.
2144 1775 2189 1813 θ’
2206 1785 2279 1817 49,

1432 1820 1469 1853 in
1496 1821 1640 1858 addend
1648 1852 1652 1856 .
2228 1823 2278 1871 xij

1378 1873 1582 1908 Mercurius
1622 1885 1705 1912 ante
1742 1886 1870 1913 notam
1901 1873 1998 1912 luem
2038 1888 2227 1913 veneream
2256 1875 2280 1915 *a

1431 1926 1565 1965 Graecis
1581 1932 1617 1966 ὅ(
1635 1927 1772 1966 Latinis
1783 1926 1975 1966 damnatus
1990 1957 2001 1975 ‚
2018 1939 2193 1981 tanquam
2217 1927 2280 1966 de·

1429 1978 1573 2018 leterius
1592 2010 1602 2027 ,
2209 1993 2223 2018 1
2234 1987 2276 2020 18

1529 2033 1588 2069 Ab
1626 2032 1806 2071 Arabibus
1837 2031 1884 2070 ad
1913 2030 1996 2070 usus
2026 2032 2188 2072 medicos
2217 2031 2279 2072 sed

1574 2087 1766 2123 exteriores
1782 2097 1933 2123 vocatur
1944 2113 1958 2131 ,
2209 2092 2276 2126 118

1529 2140 1704 2191 Qorum
1724 2138 1889 2189 exempla
1913 2136 2055 2190 sequuti
2085 2136 2169 2177 sunt
2186 2142 2278 2178 Me-

1585 2190 1657 2228 dici
1674 2192 1839 2242 Europaei
1853 2220 1864 2237 ‚
2209 2206 2223 2230 1
2235 2206 2278 2242 19

1531 2241 1622 2282 Inde
1654 2241 1793 2281 fastum
1828 2241 1879 2281 est
1910 2254 1951 2280 ut
1981 2240 2026 2279 ad
2054 2245 2279 2286 curationem

1584 2296 1652 2334 luis
1671 2311 1686 2334 v
1696 2309 1829 2335 enereae
1845 2295 2163 2335 accommodatum
2177 2297 2218 2336 fit
2233 2313 2278 2339 ex

1583 2348 1754 2402 analogia
1772 2378 1783 2395 ,
1945 2383 1950 2387 .
2208 2364 2277 2392 120

1530 2401 1598 2443 sed
1618 2403 1723 2441 initio
1740 2401 1814 2440 dosi
1832 2398 2031 2455 parcissima
2048 2407 2084 2442 &
2108 2405 2278 2444 cautione

1585 2453 1746 2494 maxima
1761 2485 1771 2503 ,
2207 2460 2273 2497 1'21.

1531 2506 1754 2560 aliquandiu
1780 2520 1902 2545 tamen
1927 2505 2083 2545 exolevit
2105 2507 2184 2560 post
2208 2511 2277 2549 de-

1583 2562 1679 2600 tecta
1712 2562 1915 2601 Guaiacum
1929 2590 1940 2607 ‚
1972 2558 2130 2599 Chinam
2144 2591 2155 2609 ,
2190 2567 2278 2602 Sar-

1582 2613 1848 2666 sam-parillam
1866 2619 1901 2652 ὃς
1919 2610 2110 2663 Saffafras,
2203 2629 2276 2656 ιη

1528 2668 1574 2706 In
1602 2666 1707 2707 usum
1726 2679 1914 2705 revocatur
1940 2663 2190 2706 vilescentibus
2215 2683 2276 2708 te*

1582 2720 1710 2760 mediis
1725 2721 1793 2759 illis
1811 2718 1996 2758 hidroticis
2013 2748 2024 2766 ‚
2206 2735 2270 2773 ¹23

1529 2772 1734 2815 Adhibetur
1751 2771 1890 2812 interne
1907 2772 1961 2811 vel
1979 2769 2144 2819 externe,
2204 2788 2235 2812 1⁷
2255 2791 2271 2826 3

1583 2825 1687 2868 Usus
1701 2839 1866 2866 externus
1880 2825 2054 2865 Mercurii
2070 2825 2194 2878 triplex
2208 2826 2275 2877 est,

1588 2880 1638 2919 1⁰.
1665 2879 1738 2920 Sub
1763 2876 1890 2918 forma
1901 2879 2085 2933 unguenti
2115 2881 2167 2916 vel
2185 2878 2276 2921 lini-

1583 2933 1722 2979 menti,
2208 2947 2248 2973 12
2256 2948 2273 2987 3

1527 2984 1579 3025 ι’.
1604 2989 1678 3026 Sub
1693 2984 1813 3025 forma
1838 2985 1947 3025 cerati
1970 2983 2042 3023 sive
2064 2985 2244 3040 emplastri
2259 3016 2274 3036 ,

1533 3053 1678 3143 3331)
1695 3090 1815 3131 forma
1833 3088 2029 3144 suffumigii
2048 3116 2060 3134 ,
2132 3088 2275 3134 ib-demo

1528 3144 1634 3188 Usus
1652 3146 1812 3184 internus
1829 3146 2004 3186 Mercurii
2019 3141 2110 3181 olim
2129 3139 2274 3181 tantum

1579 3198 1711 3253 duplex
1724 3210 1798 3238 erat
1812 3227 1825 3251 ,
2202 3204 2268 3244 1²5
