2477 3643
221 384 256 409 2·
285 370 392 413 Vita-

160 418 266 465 sium.

157 632 181 670 '3
195 651 203 660 -
218 629 392 666 Natura-

156 675 260 719 lium.

160 1027 203 1064 ’4.
222 1017 390 1057 Univer-

158 1070 299 1122 salium.

158 1294 202 1335 '5.
219 1287 395 1327 Funt‘Jtio-

161 1353 276 1384 num,
315 1354 396 1393 quae

132 1390 339 1430 «foemina-

158 1456 246 1481 xum
275 1458 369 1495 pro-

161 1496 358 1554 pxiaesunt.

438 163 533 215 296
756 159 866 205 DE
926 150 1298 203 MORBIS
1363 150 1897 200 VENEREIS.

435 254 633 286 tremore
665 255 840 287 artuum
859 274 872 294 ‚
904 235 1174 303 hemiplegia
1194 268 1207 288 ,
1236 231 1512 300 paraplegia‚
1540 231 1719 299 paralysi
1737 228 2019 297 particulari3
2037 219 2263 292 hydroce-*J

435 303 572 369 phalo
586 337 600 358 ‚
629 304 842 371 agrypnia
862 303 1116 351 contumaci
1135 306 1221 346 &c.

496 371 559 415 2⁰.
585 371 846 417 FunGtiones
879 369 1033 415 vitales
1063 362 1273 429 dyspnoea
1291 396 1303 414 ‚
1321 361 1529 408 asthmate
1550 394 1564 414 ‚
1597 361 1867 426 orthopnoeil
1881 395 1894 415 ‚
1918 361 2171 423 baemoptoe
2181 356 2257 404 seu

435 432 658 498 sanguinis
676 433 803 500 sputo
820 468 833 486 ‚
854 432 948 479 tussi
965 430 1072 476 ficcfi.
1100 427 1368 479 humidam,
1388 425 1567 473 vomica
1583 459 1595 477 ‚
1616 425 1775 490 phthisi
1793 427 1817 473 a
1839 425 2082 474 tuberculis
2109 422 2182 470 vel
2199 421 2259 469 ab

435 498 659 546 ulceribus
685 500 977 564 pulmonum3
1008 495 1156 542 cordis
1183 509 1381 540 tremore
1400 496 1445 537 ὃς
1467 490 1753 554 palpitatione
1773 525 1784 542 ,
1805 489 1998 555 syncope
2013 524 2026 542 ,
2055 486 2254 551 lipothy-

436 563 526 610 mia
538 598 550 617 ‚
567 563 772 628 asphyxia
786 581 796 615 3
810 561 1013 626 pulsuum
1029 558 1325 622 inaequalitate
1344 561 1389 602 ὃ(
1403 553 1724 601 intermistione
1749 561 1838 601 &c.

493 631 555 691 30.
581 628 838 674 functiones
867 625 1086 672 naturales
1116 622 1309 684 Α’νορεξία
1337 620 1412 668 seu
1445 618 1746 684 inappetentia
1776 652 1789 672 ,
1821 621 1994 680 Α’πεψία.
2024 618 2099 666 seu
2133 615 2256 662 indi-

437 694 633 757 gestione
649 727 660 744 ‚
683 691 922 739 affectione
931 685 1326 754 hypochondriaca
1344 720 1356 737 ,
1373 684 1561 749 singultu
1576 718 1588 736 ‚
1606 683 1833 746 frequenti
1849 684 2124 734 vomitione,
2146 681 2262 727 diat-=

437 757 562 804 rhoea
583 756 835 803 contumaci
863 790 876 809 ‚
910 755 1069 802 biliosa
1089 787 1102 807 ‚
1135 751 1279 800 setosa
1294 784 1306 804 ‚
1331 748 1600 798 stercoracea
1619 783 1631 801 ,
1658 747 1889 794 lienterica
1905 781 1918 800 ‚
1949 746 2156 800 coeliac33
2178 746 2267 792 ob·-

438 821 743 868 structionibus
772 837 846 867 aut
867 818 1051 866 skirrhis
1076 818 1247 883 hepatis
1263 851 1275 869 ‚
1302 817 1429 863 lienis
1447 849 1458 867 ,
1478 813 1746 879 pancreati33
1765 813 1904 858 icrero
1928 811 2048 859 flavo
2066 845 2079 863 ,
2099 811 2229 873 nigro
2248 829 2261 862 3

439 886 641 950 hydrope
661 886 914 932 abdo-minis
934 884 1007 932 seu
1023 883 1154 931 ascite
1170 917 1182 935 ‚
1202 879 1609 928 haemorrhoidibus
1626 878 1746 923 caecis
1762 911 1775 930 2
1795 876 2035 924 fluentibus
2052 909 2065 929 ‚
2080 875 2264 927 callosis,

437 950 720 998 inflammatis
737 985 749 1003 ‚
767 950 1011 1016 suppuratis
1024 983 1035 1001 ‚
1052 947 1258 994 ulceratis
1277 979 1289 999 ,
1307 942 1757 992 carcinomatodibus.

500 1018 570 1075 4⁰.
595 1016 854 1062 FunEkiones
882 1013 1152 1062 universales
1177 1012 1311 1057 totius
1347 1009 1548 1074 corporis
1582 1024 1786 1054 marcore
1803 1040 1815 1058 ‚
1841 1004 2045 1069 atrophia
2061 1038 2072 1057 ‚
2100 1001 2268 1051 maras-

440 1098 516 1126 mo
533 1114 544 1133 ,
565 1081 730 1127 virium
751 1081 967 1145 languore
987 1114 999 1132 ,
1020 1078 1311 1143 prostratione
1329 1109 1341 1129 ‚
1361 1073 1665 1121 imbecillitate
1685 1090 1697 1125 ·‚
1726 1070 1869 1118 vultus
1897 1069 2265 1121 decoloratione,

441 1145 610 1209 pallore
629 1179 641 1197 ‚
661 1145 805 1193 livore
821 1164 834 1199 3
850 1144 977 1192 febre
996 1143 1322 1190 intermittente
1340 1174 1351 1192 ,
1373 1137 1604 1206 periodica
1617 1172 1629 1190 ‚
1659 1134 1861 1184 anomala
1879 1168 1892 1187 ,
1912 1133 2099 1182 erratica
2115 1152 2127 1188 ·‚
2143 1133 2270 1181 febre

443 1210 655 1256 continua
673 1211 791 1257 lenta
810 1244 823 1263 ‚
840 1209 1010 1258 heffica
1022 1243 1035 1261 ‚
1055 1205 1344 1270 colliquativa
1359 1239 1371 1258 ,
1390 1202 1684 1250 marasmode.

509 1277 571 1338 5⁹.
590 1277 786 1322 Demum
799 1274 993 1321 foeminae
1014 1273 1106 1320 suas
1121 1278 1165 1318 &
1185 1271 1266 1317 sibi
1284 1269 1484 1335 proprias
1498 1284 1711 1314 :erumnas
1727 1263 2018 1330 experiuntur
2031 1282 2042 1317 3
2057 1279 2271 1310 cancrum

444 1357 765 1392 mammarum,
796 1339 1139 1404 suppressionem
1159 1336 1230 1383 vel
1247 1335 1415 1381 fluxum
1433 1334 1755 1380 menstruorum
1772 1329 2095 1380 immodicum,
2116 1326 2273 1374 mulien

445 1403 572 1451 brem
592 1403 782 1452 fluorem
800 1438 812 1457 ‚
833 1403 1072 1469 passionem
1096 1401 1377 1464 hystericam3
1399 1397 1800 1445 inflammationem
1825 1427 1837 1446 ,
1862 1392 2101 1439 abscessum
2121 1426 2133 1444 ,
2155 1389 2274 1437 skir-

444 1469 576 1516 rhum
598 1503 610 1521 ‚
640 1487 919 1533 gangraenam
934 1502 947 1522 ‚
975 1469 1096 1515 ulcus
1112 1501 1123 1519 ,
1145 1465 1399 1511 carcinoma
1422 1462 1538 1509 uteri
1558 1481 1569 1515 3
1592 1460 1864 1507 sterilitatem
1893 1458 1964 1504 vel
1988 1456 2274 1519 frequentem

443 1534 651 1581 abortum
666 1569 678 1587 ‚
694 1551 870 1599 partum
886 1533 1079 1579 foetuum
1097 1529 1349 1594 erysipelate
1365 1526 1605 1576 universali
1624 1523 1879 1572 rubentium
1894 1557 1906 1577 ,
1922 1521 2242 1585 squallidorum
2256 1552 2272 1574 ‚

443 1596 776 1662 semi-putrium
794 1633 806 1651 ‚
828 1597 1148 1645 ulcerosorum.

505 1666 631 1711 Cave
656 1680 806 1711 tamen
836 1680 962 1728 putes
987 1661 1281 1726 symptomata
1310 1675 1361 1706 ea
1390 1654 1541 1703 omnia
1558 1669 1755 1716 unquam
1773 1650 1860 1698 una
1876 1666 2147 1696 concurrere
2164 1681 2177 1701 ‚
2203 1662 2277 1694 aut

441 1728 493 1774 in
510 1727 704 1789 subjecro
721 1746 947 1792 quoquam
963 1727 1087 1773 simul
1110 1724 1354 1773 observari.
1375 1721 1580 1784 Singulos
1601 1717 1765 1781 singula
1784 1715 2033 1778 singulatim
2048 1713 2246 1760 afficiunt
2260 1745 2275 1765 ‚

444 1794 599 1839 omnia
631 1794 738 1841 vero
772 1793 1030 1840 neminem:
1053 1795 1216 1855 Neque
1243 1789 1364 1838 enim
1383 1803 1607 1834 venenum
1635 1782 1759 1846 quod
1791 1795 2055 1843 conceptum
2088 1780 2146 1825 est
2164 1812 2175 1830 ‚
2207 1793 2281 1822 ut-

446 1875 623 1921 cunque
643 1859 690 1903 in
719 1875 907 1922 corpore
926 1856 1271 1918 multiplicetur,
1291 1868 1428 1900 totae
1453 1867 1542 1896 tam
1565 1849 1694 1895 variis
1720 1846 1846 1892 noxis
1870 1844 2135 1891 inducendis
2162 1840 2280 1888 suffi-

449 1923 570 1968 ciens
588 1925 673 1974 est,
693 1940 837 1986 neque
857 1921 1020 1968 etiamsi
1043 1919 1258 1967 sufficeret
1277 1953 1288 1971 ‚
1309 1916 1447 1982 postet
1471 1931 1665 1976 unquam
1688 1911 1776 1956 haec
1796 1909 1948 1955 omnia
1986 1908 2281 1971 symptomata

447 1986 574 2032 firnul
593 1986 814 2033 advocare
830 2021 841 2038 ‚
865 1985 965 2032 cum
986 1985 1194 2049 pleraque
1214 1985 1330 2029 inter
1347 1981 1388 2028 se
1407 1978 1630 2025 contraria
1649 2010 1661 2028 ,
1692 1976 1785 2019 imo
1804 1970 2044 2038 pugnantia
2059 1973 2154 2017 smt.
2188 1971 2278 2017 Secl

448 2068 504 2098 ex
538 2051 873 2115 quamplurimis
902 2049 1121 2113 syphilide
1149 2045 1453 2093 laborantibus
1482 2076 1495 2095 ‚
1523 2042 1600 2104 qui
1637 2039 1794 2102 singuli
1819 2037 1897 2084 suo
1933 2038 2099 2100 quique
2135 2035 2275 2081 modo

451 2132 717 2178 aegrotarent
738 2148 751 2167 ‚
777 2115 966 2180 plurima
991 2113 1284 2177 symptomata
1316 2110 1498 2172 seligere
1524 2112 1569 2152 &
1598 2105 1646 2150 in
1678 2120 1816 2149 unum
1847 2118 2093 2164 congerere
2134 2099 2279 2146 visum

452 2180 538 2225 fuit
557 2213 569 2232 ‚
590 2196 637 2226 ut
669 2197 862 2227 venerea
891 2180 986 2226 lues
1012 2177 1209 2243 pluribus
1242 2174 1462 2238 descripta
1487 2167 1766 2218 lineamentis
1794 2166 2037 2213 accuratius
2061 2165 2278 2229 depinge-

455 2260 592 2291 retur.

514 2311 638 2356 Cave
656 2309 790 2355 etiam
818 2324 875 2354 ne
893 2306 1108 2353 existimes
1130 2304 1339 2352 recensita
1367 2303 1659 2365 symptomata
1685 2296 1837 2341 omnia
1863 2294 1923 2340 lui
1943 2311 2142 2340 venereae
2172 2311 2279 2358 pro-

453 2374 548 2439 pria
563 2373 647 2420 esse
662 2407 675 2426 ,
697 2378 744 2419 δε
761 2372 815 2418 ad
832 2373 951 2418 luem
974 2388 1217 2418 veneream
1231 2369 1455 2433 pertinere
1475 2364 1640 2411 omnia.
1665 2361 1837 2407 Contra
1862 2359 2132 2405 notissimum
2152 2360 2210 2405 est
2229 2371 2279 2404 ut

455 2439 577 2485 nulla
592 2442 695 2484 omni
713 2478 726 2492 ,
742 2437 796 2483 fic
817 2455 952 2502 pauca
963 2438 1042 2496 fhli
1066 2436 1126 2482 lui
1145 2451 1346 2482 venereae
1363 2429 1623 2478 convenire.
1651 2425 1865 2488 Pleraque
1880 2441 1980 2469 cum
1996 2424 2162 2469 caeteris
2175 2423 2281 2486 qui«

455 2502 604 2549 busvis
630 2502 798 2549 morbis
822 2502 1076 2548 communia
1095 2499 1217 2552 sunt,
1231 2496 1482 2563 paucissima
1500 2493 1607 2540 vero
1625 2525 1636 2543 ‚
1666 2490 1757 2535 imo
1785 2487 1936 2535 forsan
1955 2487 2074 2534 nulla
2095 2488 2177 2534 luis
2197 2505 2278 2534 ve·-

455 2585 597 2614 nereae
615 2567 676 2612 ita
695 2568 875 2632 propria
890 2600 902 2618 ,
933 2581 984 2611 ut
994 2563 1405 2630 pathognomonica
1419 2560 1510 2607 dici
1529 2557 1701 2623 optimo
1713 2559 1808 2618 jure
1828 2569 2096 2601 mereantur.
2115 2551 2204 2600 Sed
2221 2552 2280 2598 de

455 2632 524 2679 his
537 2631 669 2678 fufius
686 2631 803 2677 infra
816 2665 829 2684 ,
852 2630 928 2676 ubi
944 2631 991 2676 de
1012 2631 1224 2693 Diagnost.

522 2694 719 2742 Demum
748 2713 855 2742 cave
873 2712 1054 2758 quoque
1073 2711 1128 2740 ne
1159 2691 1313 2739 credas
1338 2690 1628 2755 symptomata
1650 2685 1732 2730 luis
1758 2698 1957 2731 venereae
1978 2679 2283 2744 descriptione

459 2760 585 2824 supra
614 2759 742 2805 allata
768 2760 971 2806 exhausta
997 2758 1081 2804 esse
1102 2791 1113 2810 ,
1141 2773 1286 2820 neque
1316 2756 1439 2820 plura
1463 2754 1589 2802 dari,
1621 2749 1754 2813 quam
1791 2764 1885 2811 quae
1918 2743 2128 2792 recensita
2163 2744 2280 2790 sunt.

460 2823 683 2872 Potiffima
711 2823 895 2887 quidem
931 2828 976 2869 &
1008 2819 1354 2885 frequentissima
1380 2818 1612 2881 selegimus
1633 2848 1645 2865 ,
1667 2813 1853 2859 sednon
1873 2811 2023 2857 omnia
2050 2828 2062 2862 ·‚
2096 2825 2280 2856 caetero-

495 2890 571 2935 uin
598 2906 705 2953 opus
735 2887 880 2935 fuisset
898 2906 990 2934 non
1010 2887 1147 2933 modi)
1166 2884 1349 2932 morbos
1372 2901 1524 2930 omnes
1542 2915 1555 2935 ‚
1582 2878 1657 2925 sed
1682 2894 1838 2923 omnes
1862 2876 1996 2922 etiam
2014 2874 2280 2920 morborum

461 2907 738 3000 differentias
766 2970 1027 3001 enumerare
1056 2970 1068 3004 ·,
1101 2950 1316 3014 siquidem
1346 2944 1619 3014 experientia
1642 2957 1921 3005 compertum
1950 2940 2008 2986 est
2036 2952 2278 2986 veneream

462 3019 583 3065 luem
606 3018 754 3064 Protei
771 3019 902 3065 instar
924 3016 1183 3065 mutabilem
1205 3021 1251 3061 ὃς
1271 3031 1426 3062 omnes
1443 3011 1708 3061 morborum
1726 3005 1889 3055 formas
1908 3004 2096 3052 induere
2115 3007 2161 3049 &
2178 3016 2281 3051 ome

465 3100 544 3132 mes
568 3082 831 3132 eorumdem
854 3082 1018 3148 species
1043 3081 1212 3131 referre
1236 3077 1390 3149 possed

1909 3260 2167 3311 CAPUT
2217 3260 2286 3305 ΙΙ.
