2477 3643
172 2218 363 2262 Ulcuscu-

132 2273 257 2313 {orum
294 2287 364 2311 vc-

133 2339 328 2364 nemorum

132 2381 359 2431 symptoma-

130 2444 184 2469 ta.
210 2445 241 2468 1.
258 2431 368 2482 Illap-

134 2484 193 2521 sus
206 2482 367 2535 contagii

133 2535 274 2575 venerei
304 2537 339 2572 in

130 2587 325 2640 glandulas

134 2640 315 2678 lebaccas.

182 2735 217 2761 2.
236 2721 367 2774 Inspis-

134 2776 228 2813 satio
263 2775 339 2812 hu-

134 2828 248 2863 moris
266 2827 365 2863 seba-

137 2880 190 2915 cei
203 2879 222 2916 a
237 2891 365 2915 conta-

137 2932 201 2982 gio
218 2930 367 2968 illaben-

138 2994 191 3019 te·

196 3065 209 3098 3
224 3076 232 3087 .
274 3051 369 3087 Hinc

138 3102 274 3153 papula
298 3103 369 3137 ml·

138 3155 252 3191 liaris.

193 3237 238 3268 4.
278 3220 372 3257 Cum

401 116 502 177 543
755 116 866 162 DE
931 112 1300 162 MoR131s
1365 106 1857 159 VENERE15.

488 200 550 239 1⁰.
583 194 829 256 Diffierentid
858 194 1042 258 quidem
1063 210 1198 259 penes
1217 189 1439 239 diversam
1470 191 1635 240 veneni
1656 191 1750 238 vim
1769 197 1813 239 δε
1832 190 2063 248 indolem3
2084 191 2188 242 nam
2205 192 2264 243 ff·

408 259 472 307 ita
497 258 674 325 spissum
704 259 975 323 crassumque
998 258 1076 312 sit,
1104 274 1151 304 ut
1175 258 1267 303 cuti
1297 256 1460 304 haereat
1488 257 1727 323 impastum
1747 292 1759 310 ,
1781 275 1862 303 nec
1889 258 2069 305 ulterius
2099 278 2242 325 pene·-

411 341 498 372 tret
516 359 529 378 ,
549 326 597 370 in
616 343 671 372 eo
691 324 790 371 casu
815 325 983 389 poterit
1009 324 1065 370 ad
1096 322 1315 369 summum
1335 321 1555 369 ulcuscula
1573 320 1782 369 cancrosa
1809 323 2058 387 producere
2076 324 2123 370 in
2143 323 2242 373 vas-

408 391 506 436 cula
522 389 706 438 sebacea
725 390 815 436 cuti
831 389 1023 450 subjetsta
1037 387 1194 434 sensim
1208 387 1454 434 illabendo.
1482 388 1527 434 Si
1541 387 1649 435 vero
1674 388 1848 434 tenuius
1874 387 1923 434 fit
1937 423 1949 441 ‚
1971 388 2165 452 ideoque
2180 391 2239 438 ad

408 454 648 502 humorem
668 454 899 501 sebaceum
919 452 1246 516 coagulandum
1266 458 1312 499 δε
1330 451 1552 498 ulcuscula
1573 453 1867 516 producenda
1893 453 2039 500 minus
2055 454 2209 501 efficax
2224 488 2239 509 ‚
2273 478 2276 480 ·

408 519 485 567 sed
501 519 628 566 altius
643 519 816 565 subiens
831 536 930 564 cum
945 518 1112 583 limpha
1128 517 1276 564 subter
1292 534 1439 564 cutem
1456 519 1700 564 circulante
1713 520 2080 572 commisceatur,
2099 519 2243 567 bubo·

408 603 513 631 nem
532 585 716 649 quidem
736 583 1030 630 excitaturum
1044 583 1165 630 estin
1178 582 1397 647 glandulis
1412 582 1710 647 inguinalibus
1726 617 1737 635 ‚
1754 584 1844 647 quo
1860 585 1943 630 unzi
1960 603 2061 631 cum
2075 586 2246 650 limpha.

408 651 677 697 convehitur
709 668 721 702 3
759 648 922 694 nullam
950 665 1098 695 tamen
1131 649 1449 713 gonorrhoeam
1479 682 1492 700 ‚
1521 649 1737 712 quoniam
1772 666 1856 712 prae
1888 648 2159 714 spissitudine
2192 652 2242 698 in

409 714 647 780 vaporosos
671 713 832 760 halitus
853 713 1013 759 resolvi
1040 732 1130 760 non
1154 715 1293 778 potest
1311 748 1323 767 ‚
1344 713 1502 777 quibus
1530 713 1718 760 urethrae
1743 713 1962 760 interiora
1986 721 2032 760 δε
2062 716 2245 780 praeser-

411 781 491 825 tim
520 779 697 826 seminis
733 779 1049 843 conceptacula
1082 780 1367 841 impetantur.
1400 778 1596 825 Demum
1626 778 1655 823 si
1688 779 1816 823 valde
1844 777 2002 825 subtile
2026 780 2163 828 fuerit
2195 790 2243 829 ὃς

409 860 645 910 penetrans
690 877 702 896 ,
747 859 851 889 tunc
889 844 1070 890 illibatis
1103 844 1296 890 sebaceis
1335 843 1519 889 vasculis
1570 843 1879 906 glandulisque
1908 844 2208 907 inguinahbus
2231 882 2245 902 ‚

409 909 513 972 quia
536 927 616 955 nec
645 909 826 955 humori
855 908 1039 956 sebaceo
1059 944 1071 961 ‚
1090 927 1171 956 nec
1198 908 1374 973 limphae
1401 908 1689 971 coagulandis
1717 926 1800 973 prae
1821 909 2034 956 tenuitate
2063 928 2246 976 compat

408 976 468 1021 est
485 1008 497 1025 ,
528 992 691 1038 vapore
711 973 932 1020 halituoso
955 975 1001 1020 in
1033 993 1168 1039 quem
1186 973 1281 1021 fere
1304 990 1448 1019 totum
1478 974 1652 1019 exhalat
1682 980 1727 1018 &
1758 990 2010 1020 attenuatur
2035 980 2244 1039 orgasmo

407 1039 673 1086 concubitus
691 1074 703 1092 ‚
724 1041 1041 1103 conceptacula
1069 1039 1244 1086 seminis
1268 1039 1554 1103 aggredietur
1576 1072 1588 1091 ‚
1615 1055 1746 1102 atque
1772 1040 2041 1086 virulentam
2073 1058 2246 1103 gonor-

409 1104 578 1150 1·hoeam
602 1104 783 1152 inferet.
841 1105 978 1164 Quod
1000 1104 1027 1150 fi
1049 1105 1344 1169 multigenum
1370 1103 1508 1150 fuerit
1524 1139 1536 1156 ‚
1567 1103 1984 1168 partesque'habeat
2012 1124 2146 1170 penes
2178 1125 2245 1154 te-

408 1169 627 1218 nuitatem
658 1171 909 1223 variantes,
942 1171 990 1215 in
1021 1171 1101 1217 illo
1129 1171 1228 1217 casu
1258 1170 1328 1217 vel
1356 1186 1443 1216 tres
1473 1186 1745 1216 memoratos
1776 1168 1953 1216 affectus
1974 1205 1986 1223 ‚
2015 1173 2085 1217 vel
2114 1172 2247 1221 binos

407 1235 560 1282 saltem
588 1235 675 1280 una
697 1234 823 1281 simul
849 1235 1014 1300 poterit
1042 1236 1255 1283 inducere
1272 1270 1283 1288 ‚
1304 1252 1351 1282 ut
1370 1235 1416 1282 in
1435 1235 1556 1299 praxi
1582 1237 1844 1298 frequenter
1862 1234 2139 1283 observatur.

474 1308 537 1346 20.
572 1302 824 1362 Differentid
839 1301 948 1347 vero
964 1318 1098 1366 penes
1118 1299 1340 1348 diversam
1362 1301 1552 1364 partium
1583 1301 1946 1347 constitutionem
1966 1319 1978 1354 3
1995 1319 2098 1347 nam
2124 1303 2247 1350 virus

406 1365 532 1412 idem
567 1365 614 1410 in
633 1365 723 1411 haec
744 1382 817 1411 aut
841 1365 915 1411 illa
953 1366 1052 1412 loca
1071 1364 1288 1413 efficacius
1322 1366 1392 1412 vel
1411 1362 1679 1412 inefficacius
1700 1382 1801 1428 aget
1821 1399 1833 1417 ‚
1855 1366 1975 1412 unde
1996 1367 2215 1413 ulcuscula
2230 1402 2246 1421 ‚

408 1429 613 1476 bubones
628 1464 640 1482 ‚
658 1430 977 1493 gonorrhoeam
999 1432 1120 1477 varie
1136 1432 1360 1477 illaturum
1381 1432 1439 1478 est
1459 1465 1471 1483 ,
1502 1446 1632 1494 prout
1653 1429 1834 1476 sebacea
1861 1431 2124 1493 genitalium
2145 1432 2246 1478 vas-

409 1496 534 1547 cula,
557 1494 634 1540 ubi
672 1495 919 1548 ulcuscula,
956 1498 1093 1559 magis
1126 1498 1195 1543 vel
1221 1495 1363 1541 minus
1393 1496 1540 1573 patula
1572 1510 1647 1540 aut
1680 1494 1774 1542 laxa
1806 1512 1969 1549 erunt3
1996 1496 2248 1560 inguinales

408 1560 626 1623 glandulae
644 1594 656 1612 ,
682 1561 759 1606 ubi
779 1560 985 1607 bubones
1004 1595 1016 1613 ,
1035 1562 1171 1624 magis
1192 1562 1261 1608 vel
1292 1561 1436 1606 minus
1454 1558 1644 1606 densatae
1664 1593 1676 1611 ,
1697 1560 1950 1624 compressae
1965 1594 1978 1611 ‚
2000 1562 2054 1606 ad
2075 1562 2246 1609 infarc-

410 1641 505 1671 tum
525 1624 676 1671 faciles
693 1643 703 1678 3
723 1625 902 1671 demum
927 1625 1158 1672 seminaria
1173 1625 1490 1689 conceptacula
1507 1659 1519 1677 ,
1548 1625 1625 1670 ubi
1647 1625 1928 1686 gonorrhoeae
1946 1624 2061 1671 fiunt
2075 1660 2087 1678 ,
2108 1628 2248 1691 magis

407 1691 481 1736 vel
508 1689 653 1736 minus
683 1690 833 1736 hiulca
853 1725 864 1743 ,
883 1707 956 1737 aut
977 1692 1280 1755 concipienda-e
1305 1689 1515 1737 ulcerosae
1534 1689 1878 1736 inflammationi
1898 1691 2036 1753 magis
2057 1692 2128 1737 vel
2159 1693 2247 1738 mi-

408 1754 488 1801 nus
509 1772 762 1819 comparata
786 1773 941 1809 erunt3
961 1774 1055 1819 quae
1077 1756 1177 1803 cum
1199 1755 1391 1802 millenis
1410 1755 1556 1801 modis
1573 1760 1618 1801 &
1635 1755 1832 1802 invicem
1853 1756 2026 1802 variare
2040 1790 2052 1808 ‚
2074 1762 2120 1802 δέ
2141 1775 2244 1804 cum

408 1820 584 1867 diversa
611 1819 784 1866 leminii
804 1821 998 1868 morbofi
1020 1822 1230 1885 qualitate
1259 1827 1304 1867 &
1326 1821 1480 1867 indole
1507 1820 1666 1884 possint
1682 1838 1950 1867 concurrere
1968 1854 1980 1872 ,
2007 1820 2115 1868 inde
2140 1822 2244 1867 infi-

408 1885 501 1930 nita
522 1884 747 1931 diverfitas
768 1886 901 1932 debet
921 1904 1152 1950 emergere
1173 1922 1183 1939 ,
1204 1886 1344 1949 qualis
1368 1904 1421 1933 ex
1445 1885 1609 1932 eodem
1639 1885 1884 1934 concubitu
1901 1886 1949 1932 in
1978 1887 2246 1950 generandis

405 1949 577 1996 morbis
599 1951 800 1998 venereis
825 1951 872 1997 in
893 1952 1027 1998 variis
1045 1953 1164 1998 varie
1188 1951 1468 1999 observatur.

475 2217 535 2253 10.
569 2211 690 2256 Dum
707 2208 918 2271 genitalia
951 2209 1133 2256 madent
1157 2208 1348 2255 humore
1377 2209 1602 2256 virulento
1622 2243 1633 2262 ,
1653 2207 1822 2254 debent
1850 2206 2104 2254 tenuissima?r
2125 2227 2244 2274 quse-

411 2274 513 2319 dam
537 2272 719 2336 guttulae‘
739 2293 815 2339 per
846 2277 1021 2338 angusta
1050 2273 1329 2320 vasculorum
1361 2272 1650 2320 sebaceorum
1683 2273 1830 2319 oscula
1855 2272 1976 2317 intro
2004 2273 2149 2321 subire
2180 2293 2246 2321 ta-

410 2339 500 2384 cito
531 2339 685 2405 illapsu
716 2341 760 2385 in
787 2339 877 2384 hcrc
905 2356 977 2385 aut
1010 2340 1085 2385 illa
1106 2373 1117 2392 ,
1150 2340 1195 2386 in
1212 2340 1336 2403 plura
1363 2339 1435 2385 vel
1471 2340 1705 2403 pauciora,
1725 2339 1772 2383 in
1802 2340 2034 2398 conjuncta
2062 2340 2131 2385 vel
2156 2340 2246 2386 clis-

411 2420 564 2457 creta,
607 2421 736 2469 prout
767 2403 941 2450 diversa
974 2404 1256 2452 diversorum
1285 2403 1566 2450 vasculorum
1609 2404 1781 2450 orificia
1818 2403 1955 2465 magis
1988 2404 2060 2449 vel
2097 2403 2244 2451 minus

409 2468 557 2515 hiulca
584 2469 680 2515 sunt
702 2503 713 2522 ‚
735 2486 808 2515 aut
825 2486 959 2533 prout
980 2471 1141 2516 humor
1162 2469 1380 2533 copiosior
1416 2471 1547 2516 certis
1583 2470 1692 2514 locis
1714 2468 1814 2514 casu
1841 2467 2034 2514 adhaeret
2049 2502 2060 2521 ,
2095 2469 2164 2515 vel
2187 2470 2244 2516 ad

408 2534 485 2580 illa
505 2533 762 2581 declivitate
783 2534 983 2581 confluit.
1013 2535 1139 2581 Idem
1167 2535 1333 2580 dicium
1357 2534 1558 2580 volumus
1575 2535 1631 2580 de
1650 2551 1826 2580 veneno
1847 2550 2040 2579 venereo
2068 2535 2191 2596 quod
2214 2535 2241 2579 εὶ

410 2599 673 2645 circumfluo
700 2599 908 2663 sanguine
930 2599 1118 2646 sebaceis
1149 2599 1332 2645 vasculis
1352 2599 1538 2646 latenter
1572 2598 1922 2644 subministratur
1944 2631 1956 2649 ,
1981 2596 2080 2643 cum
2098 2597 2244 2644 ulcus-

409 2662 506 2710 cula
525 2663 614 2710 fine
632 2665 796 2728 praevio
818 2665 994 2728 impuro
1014 2664 1254 2709 concubitu
1276 2663 1544 2709 oboriuntur
1571 2663 1616 2708 in
1636 2662 1917 2727 genitalibus.

471 2736 534 2773 20.
566 2727 727 2793 Illapsae
750 2727 901 2775 sensim
927 2730 1107 2791 guttulae
1127 2728 1358 2775 sebaceum
1377 2728 1613 2774 humorem
1630 2762 1640 2779 ,
1669 2728 1745 2789 qui
1777 2724 1932 2771 natura
1954 2725 2124 2772 oleosus
2155 2729 2242 2781 est,

411 2793 525 2841 vitio
544 2794 846 2840 contaminant
865 2795 1046 2855 gemino
1061 2829 1072 2846 ,
1092 2810 1183 2839 tum
1202 2794 1336 2839 acidis
1356 2810 1428 2838 aut
1445 2792 1713 2839 acido-salsis
1731 2789 1927 2856 partibus
1943 2789 2210 2854 inspiffando
2227 2825 2240 2845 ,

413 2876 506 2905 tum
527 2857 698 2923 spiculis
720 2858 949 2904 corrofivis
970 2878 1116 2905 acrem
1149 2856 1401 2904 efficiendo.

481 2931 542 2984 30.
577 2924 697 2978 Hinc
717 2940 829 2987 ergo
852 2923 1057 2971 sebaceus
1085 2924 1246 2969 humor
1263 2928 1348 2986 jam
1367 2921 1578 2969 viscidior
1597 2956 1608 2974 ‚
1639 2921 1739 2968 cum
1758 2922 1780 2967 ὲ
1806 2920 1942 2966 solitis
1972 2920 2130 2966 osculis
2158 2938 2242 2966 ne·-

413 3003 546 3052 queat
567 3007 646 3052 pro
668 3007 795 3036 more
816 2990 1014 3036 extillare
1033 3024 1044 3041 ‚
1077 2988 1232 3035 sensim
1265 2988 1520 3051 congeritur
1543 3021 1554 3039 ,
1579 2992 1622 3032 δε
1660 2986 1932 3034 ίῑῑεετῃὶευὶτι
1961 2983 2036 3030 seu
2070 2984 2242 3032 vascula

414 3055 461 3100 in
486 3070 580 3116 quae
601 3070 890 3099 coacervatur
904 3087 915 3103 ‚
936 3055 1148 3118 paulatim
1166 3054 1374 3101 distendit
1392 3086 1403 3104 ‚
1424 3051 1550 3100 inflat
1565 3086 1577 3105 ,
1599 3058 1645 3098 ὃς
1668 3052 1713 3097 in
1734 3051 1938 3116 papulam
1957 3050 2172 3096 miliarem
2193 3053 2239 3093 δε

418 3118 712 3164 acuminatam
730 3116 931 3179 fastigiat.
2226 3133 2230 3135 ’

480 3192 547 3239 40.
573 3181 841 3246 Compreffis
857 3182 1006 3229 iudea}⁷
1034 3183 1218 3229 dilatato
1238 3179 1411 3230 vasculo
1440 3180 1648 3229 extremis
1667 3179 1928 3228 arteriarum
1957 3176 2239 3242 capillamen-
