2477 3643
583 99 1652 146 LinEnV.Szctir.uMXV1.
1907 122 1997 169 451

169 194 255 235 tum
274 182 344 244 effe
370 184 412 227 in
429 175 569 238 Insula
588 178 768 241 quadam
785 218 799 234 ‚
819 197 868 225 ac
888 182 1103 246 proponit
1121 180 1387 228 methodum
1409 182 1603 232 curandi.
1615 183 1736 229 luem
1761 202 2003 236 veneream

182 248 370 295 demeto
391 245 506 290 illius
524 243 651 307 ligni.
1845 305 1847 309 Α

231 316 322 358 1·V.
354 309 546 372 Inquirit
575 309 621 352 in
653 324 855 354 naturam
879 326 998 372 aquae
1021 310 1226 373 argenti,
1259 326 1307 357 ut
1340 308 1415 358 sua
1446 310 1653 359 ferebant
1687 328 1922 377 tempora,
1955 336 2006 365 ac

177 376 302 423 varia
324 374 536 439 proponit
554 373 786 419 linimento
804 408 815 426 ‚
838 392 931 437 quae
961 375 1288 422 adhibebantur
1315 375 1391 422 suo
1418 393 1636 442 tempore.
1664 379 1830 425 Censet
1858 397 2006 429 autem

177 440 227 486 in
255 441 336 486 hac
358 437 578 484 curatoria
598 438 815 484 methodo
836 456 1000 501 regrum
1021 440 1272 487 identidem
1304 442 1584 505 purgandum
1603 476 1616 495 ‚
1648 448 1691 488 δέ
1727 445 2010 493 inunCtiones

179 503 538 552 intermittendas
559 503 659 549 effe.
690 506 803 550 Utile
817 507 922 563 satis
941 509 1016 550 erit
1035 543 1050 559 ,
1067 505 1212 568 inquit
1232 538 1245 557 ‚
1261 507 1306 564 fi
1317 506 1562 569 postftxtiim
1586 523 1656 553 aut
1671 509 1883 572 septimum
1905 511 2010 557 diem

169 573 305 632 sumat
316 572 473 633 patiens
490 567 648 628 caffiam
666 569 844 628 fistulam
862 607 878 622 ,
899 571 949 617 &¹
970 570 1028 614 ad
1042 574 1152 615 vires
1169 571 1402 630 reficiendas
1422 573 1517 617 dnos
1537 587 1606 617 ant
1625 588 1703 617 tres
1724 578 1805 618 dies
1825 577 2011 636 quiefhat.

245 639 300 680 V.
336 631 563 678 Describit
586 634 906 695 gonorrhoeam
928 634 1194 680 virulentam
1218 639 1366 698 Capite
1383 637 1431 681 de
1453 636 1621 696 Piistnlis
1640 656 1651 681 ς
1680 654 1773 700 quae
1792 637 1892 684 sane
1909 639 2011 685 des-

180 697 344 762 criptio
373 697 654 761 gonorrhoeae
676 699 818 761 prima
839 699 1042 744 omnium
1071 717 1178 761 quas
1208 699 1340 743 sciam
1364 733 1375 751 ‚
1408 699 1491 746 esse
1513 700 1704 747 videtur.
1735 730 1756 744 υ
1789 703 1926 756 Vidi,
1948 710 2014 751 in.

181 768 268 826 quit
288 801 303 817 ‚
333 766 542 823 juvenem
570 763 809 825 quemdam
829 796 841 814 ‚
870 768 983 816 cujus
1010 763 1203 809 mentula
1231 762 1540 826 sesquiannum
1564 766 1779 830 perpetuo
1812 767 1957 814 sanio-
1986 793 2014 812 a

180 827 277 873 sum
296 845 344 873 ac
378 827 651 874 virulentum
672 826 884 872 vomebat
905 826 1082 873 succum
1101 862 1114 880 ,
1137 828 1261 891 quod
1280 845 1476 876 venereo
1511 846 1793 877 contraxerat
1815 850 1958 880 certa-
1988 853 2016 874 e·

179 892 304 938 mine
325 926 472 936 .....
501 891 700 938 mentula
733 891 942 938 dolorose
973 893 1252 956 arrigebatur
1273 926 1448 940 ......
1477 898 1618 957 major
1649 896 1860 944 meiendo
1888 916 1959 945 ac·
1988 919 2014 940 τι

185 956 414 1004 crescebat
433 956 580 1001 dolor.
601 977 626 995 e·
1235 992 1238 995 ,

247 1027 288 1069 V
303 1027 336 1067 1.
368 1021 503 1067 Adest
519 1022 565 1066 in
581 1020 669 1067 fine
690 1022 894 1084 Dialogus
913 1037 1023 1082 aquae
1041 1024 1195 1084 argenti
1215 1059 1230 1075 ,
1250 1026 1294 1066 δε
1312 1023 1417 1084 ligni
1428 1026 1607 1070 Guaiaci
1626 1027 1925 1072 collaffatornm
1936 1029 2012 1087 fii-

176 1100 254 1151 per
273 1086 495 1131 eorumdem
513 1083 737 1150 praelatitrci
757 1122 771 1137 ‚
804 1084 889 1147 qud
910 1084 1034 1129 finita}
1054 1084 1108 1130 sic
1129 1085 1360 1131 concludit
1382 1086 1428 1130 in
1447 1090 1620 1150 Epilogo
1639 1108 1653 1134 .·
1682 1096 1770 1135 His
1805 1094 1929 1149 caiists
1960 1111 2013 1139 ac:

179 1150 403 1196 rationibus
433 1167 536 1212 aeqiio
559 1153 690 1194 animo
715 1149 914 1212 perpensis
931 1186 946 1201 ,
967 1166 1076 1211 aqua
1100 1155 1257 1213 argenti
1284 1151 1462 1196 methodo
1485 1186 1658 1199 ......
1689 1154 1810 1216 quam
1835 1160 2014 1204 Gizama·

179 1215 361 1260 methodo
381 1218 507 1278 magis
518 1213 731 1274 fidendum
750 1228 858 1276 puto.
888 1217 1062 1259 Fatetur
1084 1229 1234 1260 tamen
1254 1232 1348 1261 rem
1370 1214 1609 1277 aliquando
1630 1219 1774 1265 minus
1806 1221 2016 1283 prospere

178 1278 419 1324 succedere
439 1296 449 1330 ·‚
471 1277 556 1324 Sed
576 1276 623 1322 id
643 1292 787 1322 totum
812 1278 858 1322 in
881 1278 1159 1324 medentium
1179 1279 1450 1344 imperitiam
1473 1279 1688 1328 refundit.
1709 1308 1733 1324 υ
1755 1285 1985 1333 Nimirum
1999 1320 2015 1340 ‚

177 1348 239 1389 ait
270 1345 340 1388 ille
356 1380 371 1395 ,
401 1340 429 1386 si
453 1341 595 1406 optati
620 1358 817 1388 rarenter
842 1341 1079 1389 succedant
1098 1361 1283 1391 eventus
1300 1378 1312 1396 ‚
1331 1344 1497 1408 quippe
1518 1347 1736 1393 cerdones
1753 1382 1766 1400 ‚
1794 1348 1935 1396 scorta
1955 1384 1967 1403 ‚
1989 1374 2016 1392 u

184 1407 459 1454 mulierculae
477 1445 490 1460 ,
509 1406 803 1469 nonnullique
822 1408 1064 1471 Apostatici
1084 1409 1333 1455 litterarum
1346 1409 1520 1473 penitus
1540 1410 1685 1473 ignari
1702 1445 1713 1464 ,
1732 1413 1862 1459 nullis
1878 1433 1958 1460 vo-
1989 1436 2015 1456 ιε

180 1473 289 1519 catis
311 1471 600 1518 Medicorum
619 1471 811 1518 decretis
831 1505 843 1524 ‚
865 1471 1143 1535 frequentius
1168 1491 1269 1520 cum
1297 1473 1409 1537 aqud
1431 1476 1632 1536 argenti,
1664 1495 1719 1524 ne
1740 1476 1886 1524 dicam
1907 1479 1961 1526 il-
1987 1500 2013 1518 «ι

180 1537 265 1585 lius
285 1535 504 1583 methodo
523 1570 536 1588 ,
564 1538 688 1582 omni
710 1552 870 1582 vorato
901 1536 1074 1601 pudore
1103 1538 1206 1584 huic
1233 1539 1470 1585 medentur
1498 1540 1678 1586 morbo.
1701 1561 1722 1579 τ·

242 1602 333 1648 Hic
357 1604 520 1646 Aridior
541 1601 707 1664 primus
728 1602 786 1646 est
805 1602 1037 1648 Gallorum
1058 1604 1260 1649 omnium
1278 1638 1290 1656 ,
1310 1621 1421 1667 quos
1447 1604 1556 1650 novi
1576 1639 1589 1658 ‚
1617 1606 1695 1668 qui
1716 1606 1772 1653 de
1791 1611 1884 1654 Lue
1905 1608 2013 1655 Gal-

179 1666 265 1713 licfi
292 1664 529 1730 scripserit.
560 1670 692 1711 Anne
712 1665 817 1712 ideo
845 1667 964 1728 quod
988 1685 1178 1715 venerea
1204 1669 1296 1715 lues
1315 1668 1591 1732 Rothomagi
1623 1675 1668 1715 ὅ(
1698 1671 1827 1718 citius
1846 1678 1891 1718 δέ
1910 1692 2014 1720 cru-

178 1730 322 1778 delius
342 1730 527 1776 saevierit
555 1731 689 1793 qudm
723 1731 769 1775 in
799 1732 964 1777 caeteris
982 1733 1226 1778 Galliarum
1256 1732 1470 1778 urbibus?
1491 1736 1628 1780 Certe
1650 1735 1740 1782 lues
1759 1737 2012 1784 Rothoma-

181 1795 324 1860 gensis
355 1795 403 1841 in
426 1794 579 1840 Galliis
601 1795 773 1858 vulgati
797 1795 1110 1842 circumfertur
1131 1797 1376 1861 proverbio
1407 1797 1524 1860 quasi
1547 1816 1700 1845 curatu
1720 1799 1978 1848 difficillima
1997 1835 2014 1855 ‚

179 1860 266 1924 qu&
286 1861 342 1907 de
366 1878 412 1906 re
429 1860 534 1907 vide
552 1859 827 1906 Rabelaesum
842 1894 854 1912 ,
877 1865 1127 1925 Pantagruel
1145 1901 1160 1916 ,
1185 1867 1288 1908 Liv.
1310 1881 1341 1923 5.
1368 1868 1486 1925 chap.
1509 1881 1567 1909 21.
1593 1865 1790 1912 Histoire
1807 1867 1854 1911 a'e
1870 1872 2013 1914 Fran-

178 1930 269 1974 cion
289 1964 306 1980 ,
325 1928 430 1972 Liv.
454 1942 518 1971 10.
551 1927 604 1970 Et
625 1925 840 1986 Menjotii
868 1927 1151 1986 Differtation.
1187 1928 1236 1972 de
1258 1933 1347 1974 Lae
1375 1927 1550 1973 venerea}
1568 1966 1582 1985 ,
1611 1942 1709 1992 pag.
1732 1947 1785 1976 m.
1804 1949 1869 1992 39.

246 2059 608 2101 HirRoNYM
632 2070 696 2100 Us
739 2057 864 2100 FRA
890 2068 1291 2108 CASTOR1US‚
1327 2057 1595 2103 Veronensis
1624 2090 1636 2109 ,
1665 2072 1792 2104 natus
1824 2059 1883 2105 est
1918 2064 2011 2107 Ve-

174 2137 302 2167 *ronae
326 2139 335 2164 :
359 2119 528 2164 Patavii
548 2135 729 2182 operam
758 2117 884 2164 dedit
907 2118 1147 2163 Medicinae
1166 2152 1176 2169 ‚
1209 2119 1316 2165 inde
1342 2121 1580 2166 Livianum
1609 2123 1840 2185 copiarum
1865 2129 2012 2170 Vene-

181 2201 328 2231 tarum
350 2187 525 2230 Ducem
553 2183 759 2246 sequutus
781 2184 840 2228 est
862 2182 1061 2246 pluribus
1095 2183 1223 2228 bellis
1248 2217 1260 2235 ‚
1288 2184 1362 2229 sed
1400 2200 1456 2229 eo
1490 2201 1674 2231 mortuo
1717 2187 1773 2232 ad
1805 2187 2013 2236 Abduam

184 2268 305 2296 anno
344 2266 358 2293 1
378 2268 391 2310 5
410 2266 424 2293 1
445 2266 485 2311 5.
508 2249 555 2294 in
577 2249 765 2311 patriam
790 2245 833 2293 se
854 2248 1034 2310 recepit.
1059 2247 1267 2293 Medicus
1287 2248 1371 2293 fuit
1394 2252 1571 2294 Parrum
1593 2250 1795 2296 Concilii
1816 2253 2013 2299 Triden-

186 2315 286 2361 tini.
320 2318 423 2359 Fato
456 2312 630 2359 funerus
664 2314 722 2357 est
746 2311 1080 2375 septuagenario
1102 2316 1239 2372 major
1276 2312 1323 2357 in
1363 2311 1445 2358 suis
1473 2314 1657 2378 Caphiis
1694 2314 1832 2379 prope
1866 2323 2014 2365 Vero-

180 2397 285 2426 nam
303 2412 314 2431 ‚
335 2386 375 2425 8.
397 2378 497 2423 Idus
519 2377 700 2439 Augusti
725 2394 843 2420 anno
870 2392 884 2419 1
903 2395 917 2437 5
937 2394 1009 2437 53.
1039 2376 1270 2440 apoplexi&
1303 2393 1533 2442 correptus
1554 2379 1601 2423 in-
1617 2380 1783 2426 mensai.

244 2449 367 2489 Inter
389 2459 543 2487 caetera
569 2442 683 2486 illius
704 2444 856 2504 Opera
883 2440 973 2486 duo
994 2458 1146 2487 extant
1169 2441 1224 2487 de
1247 2442 1414 2487 Morbo
1447 2444 1634 2489 Gallico.

250 2507 376 2554 Prius
403 2508 461 2552 est
479 2505 695 2552 eximium
715 2505 825 2551 illud
848 2509 1010 2552 Po'e'ma
1025 2540 1036 2558 ,
1058 2507 1103 2551 in
1123 2524 1214 2569 quo
1234 2508 1462 2570 eleganter
1490 2507 1586 2554 lusit
1605 2507 1744 2554 tribus
1770 2508 1914 2556 Libris
1938 2516 2010 2559 De

180 2572 346 2620 Morbo
380 2574 540 2618 Gallico
557 2608 571 2623 ,
599 2569 687 2616 five
709 2586 755 2615 ut
776 2570 850 2616 ille
871 2571 931 2615 ait
950 2605 962 2623 ,
987 2577 1057 2617 De
1078 2572 1293 2636 Syphilide
1311 2610 1326 2626 ‚
1343 2589 1474 2635 quam
1505 2573 1528 2618 εὶ
1550 2572 1734 2637 Syphilo
1758 2576 1932 2624 Pastore
1957 2577 2008 2623 in

186 2640 313 2684 Deos
331 2636 471 2701 impio
492 2635 548 2680 fic
571 2635 732 2680 dietam
752 2634 881 2697 fingit
901 2669 912 2687 ‚

407 2706 438 2747 S
436 2700 736 2765 ypbilia'emqiie
766 2699 818 2744 ab
839 2718 879 2744 eo
905 2698 1033 2745 labem
1059 2699 1199 2744 dixere
1220 2702 1377 2746 Coloni.

243 2764 456 2811 Dicatum
484 2766 543 2812 est
571 2767 703 2810 Petro
725 2763 892 2810 Bembo
913 2764 1074 2811 Leonis
1094 2768 1149 2808 X.
1181 2765 1408 2812 Pontificis
1442 2766 1632 2813 Maximi
1664 2782 1769 2814 tunc
1800 2769 1824 2815 εὶ
1858 2774 2009 2818 Secre-

184 2829 242 2876 tis
261 2863 273 2881 ‚
292 2828 483 2892 ideoque
513 2829 724 2893 scriptum
743 2845 843 2874 ante
865 2846 1029 2874 annum
1054 2846 1137 2890 152
1151 2846 1165 2873 1
1179 2863 1189 2872 .
1206 2846 1296 2891 quo
1316 2835 1405 2877 Leo
1424 2836 1481 2877 X.
1509 2831 1602 2877 fato
1629 2831 1802 2880 functus
1823 2837 1881 2882 est
1896 2869 1911 2889 ‚
1931 2835 2008 2883 sed

183 2893 361 2942 editum
390 2911 481 2940 non
506 2895 616 2938 novi
638 2909 739 2938 ante
758 2910 922 2938 annum
949 2911 963 2937 1
982 2911 996 2953 5
1014 2912 1083 2951 30.
1105 2910 1196 2955 quo
1217 2900 1405 2941 Veronae
1427 2896 1633 2942 excusum
1656 2900 1728 2943 cst.

251 2957 466 3003 Posterius
485 2959 544 3005 est
565 2961 692 3020 Opus
716 2962 782 3001 De
800 2956 1094 3019 contagionibus
1123 2956 1173 3002 (θ’
1195 2962 1422 3023 contagiosis
1458 2959 1603 3006 morbis
1646 2962 1697 3008 (ῥ’
1731 2979 1862 3008 eorum
1884 2980 2009 3010 cura-2

182 3027 285 3070 tione
302 3061 316 3076 ,
344 3021 389 3068 in
411 3038 498 3068 tres
521 3021 680 3067 Libros
702 3020 983 3066 distributum
1004 3054 1016 3071 ,
1037 3021 1161 3084 quod
1197 3023 1389 3084 primum
1418 3024 1589 3070 editum
1625 3027 1684 3072 est
1718 3044 1836 3072 anno
1869 3045 1884 3072 1
1904 3038 2009 3088 546,

185 3087 402 3135 Venetiis.
435 3092 484 3133 In
517 3087 594 3132 illo
629 3084 843 3149 Capitibus
881 3103 932 3131 11.
964 3084 1014 3132 ὠ
1055 3103 1114 3131 12.
1146 3087 1242 3132 Lib.
1280 3106 1315 3132 2.
1349 3088 1506 3135 Morbi
1540 3090 1699 3137 Gallici
1728 3108 1931 3140 naturam
1958 3100 2008 3143 &t

185 3152 334 3200 causas
352 3170 368 3207 ·‚
387 3156 535 3218 Capite
560 3148 659 3199 vero
679 3166 738 3197 10.
763 3149 861 3199 Lib.
880 3171 917 3215 3.
945 3150 1143 3214 ejusdem
1163 3153 1442 3202 curationem
1470 3155 1674 3219 explicat.

1629 3225 1667 3268 L
1682 3219 1699 3267 l
1716 3220 1731 3267 l
1756 3220 1793 3274 ii

2111 2095 2251 2142 153‘02'

2110 2168 2248 2223 1546„
