2477 3643
746 98 1546 147 L1nzn1v.CA1›ur
1611 102 1669 146 X.
1933 121 2025 166 397

194 180 422 244 diapno‘c',
448 177 681 227 sudatione
716 194 792 225 aut
826 180 987 238 diuresi
1019 182 1298 230 eliminatum
1329 199 1340 234 ·‚
1377 179 1448 241 vel
1468 180 1545 227 usu
1566 179 1688 230 laetis
1718 183 1943 234 irretitum
1976 191 2024 234 &

201 245 456 292 edulcatum
478 243 630 291 fuerit.

450 376 1117 439 §.X11.sTRURMAE‚
1153 377 1249 437 five
1295 376 1764 424 SCROFULAE.

264 505 306 547 X
323 507 340 548 1
356 506 389 548 Ι.
430 505 614 548 Strumae
635 501 723 549 sive
741 501 938 547 scrofulae
962 501 1169 549 scorbuto
1192 503 1452 552 difficultate
1472 505 1546 551 vix
1565 504 1731 552 cedunt
1747 539 1758 558 ‚
1775 504 1940 553 cedunt
1959 522 2019 553 ta-

198 584 315 614 men.
348 567 547 613 Pendent
567 568 589 612 εὶ
614 583 787 613 tumore
814 567 1123 629 glandularum
1147 569 1501 632 limphaticarum
1528 569 1617 617 five
1647 571 2016 634 conglobatarum

199 629 443 678 skirrhode
464 665 475 683 ,
512 632 584 678 vel
621 632 771 679 saltem
813 632 868 677 ad
896 629 1214 678 skhirrhodem
1262 637 1470 697 proximo
1488 669 1500 687 ‚
1530 635 1649 682 unde
1687 637 1831 700 palam
1859 637 1918 681 est
1956 646 2015 683 10.

200 699 240 741 A
265 694 456 760 spifliore
478 696 642 760 limpha
662 703 704 742 δε
726 697 771 741 in
797 696 1104 758 glandularum
1131 697 1398 744 anfractibus
1422 700 1614 745 haerente
1642 700 1825 754 induci3
1852 709 1913 746 2⁰.
1947 702 2019 747 Ef-

197 759 394 807 ficaciter
416 761 667 825 impugnari
687 779 779 807 non
800 759 915 823 posse
929 794 942 814 ‚
962 760 1038 805 nifi
1058 763 1265 808 remediis
1283 763 1554 810 diluentibus
1571 799 1582 816 ‚
1599 764 1987 828 liquefacientibus
2002 801 2015 820 ,

196 826 528 872 attenuantibus
547 860 558 878 ‚
583 825 887 873 incidentibus
905 859 917 877 ‚
945 826 1242 889 aperientibus
1263 834 1348 874 &c.
1375 847 1470 892 quae
1491 829 1684 875 crassiori
1706 831 1879 896 limpha:
1899 833 2016 879 nati-

199 908 299 937 vam
320 890 599 938 fluxilitatem
618 926 629 943 ‚
656 897 701 936 <Sc
731 890 945 952 stagnanti
968 890 1196 953 pristinum
1217 909 1388 938 motum
1412 894 1650 939 restituant.

264 960 387 1001 Inter
413 956 483 1002 illa
515 957 665 1002 locum
694 955 888 1006 habent,
931 964 989 999 1⁰.
1022 954 1199 1006 Juscula
1232 975 1285 1002 ex
1320 956 1476 1021 plantis
1505 957 1832 1023 aperientibus,
1856 976 2018 1025 nempe

198 1020 423 1066 radicibus
446 1020 635 1065 cichorii
661 1020 858 1066 silvestris
877 1053 888 1070 ,
910 1018 1056 1064 brusci
1075 1053 1087 1072 ,
1116 1021 1321 1066 anonidis
1337 1056 1348 1073 ‚
1376 1023 1579 1085 eryngii,
1610 1023 1818 1087 foliisque
1848 1024 2018 1071 scrofu-

195 1085 314 1130 lariae
333 1119 345 1137 ,
373 1086 631 1147 agrimoniae
649 1119 660 1136 ‚
687 1084 884 1130 nasturtii
906 1084 1128 1146 aquatici,
1160 1103 1260 1131 cum
1290 1085 1374 1133 sale
1405 1087 1657 1134 admirabili
1675 1088 1980 1136 Glauberiano
2004 1124 2018 1144 ,

199 1150 268 1196 vel
290 1168 451 1195 arcano
470 1149 697 1213 duplicato
718 1149 771 1195 ab
803 1149 835 1196 ἓ
851 1152 880 1210 j.
909 1150 963 1193 ad
997 1165 1024 1211 3
1044 1149 1088 1194 Ε.

263 1215 324 1260 2⁹.
352 1219 508 1261 Serum
529 1214 648 1259 laekis
669 1213 931 1278 depuratum
952 1214 1005 1258 ad
1027 1213 1055 1279 ἒ
1079 1213 1168 1273 viij.
1197 1233 1295 1260 cum
1327 1232 1493 1262 tartaro
1514 1215 1775 1278 chalybeato
1799 1216 1975 1265 solubili
1993 1219 2021 1266 εἴ

198 1295 264 1341 gr.
289 1297 357 1324 xx.
383 1279 438 1324 ad
459 1280 491 1325 Β
508 1283 535 1339 j.
560 1296 632 1324 aut
654 1278 837 1323 floribus
858 1278 1016 1323 Martis
1036 1279 1396 1326 antimonialibus
1422 1282 1445 1325 a
1467 1298 1532 1344 gr.
1551 1299 1591 1326 x.
1629 1282 1685 1326 ad
1717 1299 1788 1327 xv.
1819 1301 1920 1329 cum
1950 1285 2023 1330 in·-

163 1388 166 1392 ,
195 1341 296 1388 fufis
324 1342 463 1389 asellis
484 1342 571 1390 five
591 1343 900 1407 millepedibus
921 1344 1032 1388 vivis
1052 1377 1063 1395 >
1096 1353 1162 1389 n0.
1190 1363 1289 1390 xxx.
1322 1345 1506 1393 demum
1533 1364 1635 1391 cum
1665 1345 1794 1391 succo
1823 1347 2022 1396 fumariae

195 1425 270 1455 aut
287 1406 552 1454 scrofulariae
576 1408 631 1453 ad
651 1408 680 1473 ξ
699 1409 743 1469 ij.
773 1408 1007 1454 alteratum
1033 1413 1122 1454 &c.

196 1524 198 1526 v
265 1481 327 1535 30.
355 1477 489 1537 Aquae
512 1473 746 1519 minerales
764 1507 775 1524 ,
796 1489 889 1518 tum
911 1473 1177 1534 chalybeatae
1196 1507 1206 1525 ,
1225 1489 1272 1518 ut
1290 1476 1344 1519 les
1363 1492 1470 1519 caux
1486 1475 1534 1520 de
1552 1480 1702 1537 Forgcs
1717 1513 1730 1528 ,
1752 1475 1801 1519 de
1818 1481 1994 1539 Pougnes
2007 1515 2022 1532 ,

196 1538 246 1584 de
266 1540 381 1603 Paffy
402 1578 414 1591 ,
436 1539 483 1583 de
507 1544 598 1600 Spa
617 1577 630 1591 ,
657 1539 703 1582 de
724 1539 938 1598 Caranfizc
959 1538 1047 1584 &a
1081 1554 1173 1584 tum
1195 1538 1328 1584 etiam
1351 1539 1587 1585 thermales
1622 1538 1695 1584 sed
1720 1537 1917 1585 sulfureae
1937 1574 1948 1593 ,
1975 1557 2024 1588 ut

198 1602 441 1663 d'l-:ncanſje
463 1641 478 1656 ,
506 1603 553 1648 de
574 1603 706 1663 Vichy
726 1641 739 1655 ‚
760 1603 807 1647 de
824 1605 866 1646 la
887 1603 1055 1648 Matthe
1074 1641 1087 1656 ,
1113 1604 1160 1648 de
1181 1603 1417 1648 Bonrbonne
1435 1642 1447 1656 ,
1480 1605 1907 1668 d’Aix-la-Chapelle
1929 1605 2023 1652 &ci

247 1669 312 1724 4⁰.
330 1670 569 1730 Praeparata
589 1667 711 1712 varia
739 1667 761 1712 ὲ
784 1667 1070 1713 mineralibus
1087 1701 1098 1719 ‚
1113 1685 1206 1730 quae
1230 1668 1460 1730 aperiendi
1481 1674 1526 1714 δε
1552 1668 1785 1715 incidendi
1811 1668 2022 1717 facultate

197 1731 369 1796 pollent
388 1765 400 1784 ‚
427 1747 474 1776 ut
496 1730 594 1776 sunt
614 1729 826 1777 martialia
846 1765 857 1783 ‚
879 1731 1157 1777 mei-curialia
1175 1766 1186 1784 ‚
1208 1732 1515 1778 antimonialia
1542 1737 1628 1778 &c-
1649 1751 1702 1779 ex
1720 1733 1878 1796 quibus
1900 1767 1913 1786 ,
1941 1734 2022 1780 ad-

197 1796 304 1842 ditis
322 1796 611 1860 purgantibus
631 1830 643 1848 ,
670 1795 763 1841 boli
784 1829 794 1847 ‚
825 1795 992 1842 tabellae
1012 1831 1022 1848 ,
1042 1796 1181 1861 pilula:
1205 1796 1365 1842 confici
1396 1797 1552 1843 solent.

190 1912 192 1914 ‚
273 1870 333 1923 50.
365 1861 617 1907 Laudantur
647 1859 763 1923 quali
792 1859 1021 1924 specifica,
1055 1869 1113 1906 10.
1139 1865 1177 1906 A
1199 1861 1406 1908 Gabriele
1426 1861 1620 1926 Pallopio
1645 1861 1767 1907 radix
1790 1861 1901 1908 rusci
1923 1864 2023 1927 pul-

195 1943 350 1973 verata
367 1960 378 1978 ,
400 1931 444 1972 &
472 1926 527 1971 ad
554 1924 692 1971 dofim
720 1924 940 1971 drachmae
970 1925 1095 1972 unius
1123 1926 1168 1971 in
1189 1926 1297 1972 vino
1318 1942 1450 1990 epota
1469 1944 1570 1972 cum
1592 1924 1897 1973 radicis'iridis
1927 1929 2023 1990 pul-

196 2006 358 2037 veratae
377 1990 521 2053 granis
538 2008 578 2034 x.
601 2007 675 2054 per
699 1989 792 2035 dies
812 2009 888 2047 40.
926 1999 988 2035 20.
1022 1992 1091 2036 Ab
1117 1990 1315 2037 Arnaldo
1337 1992 1634 2036 Villanovano
1655 1994 1847 2037 Prafflcae
1868 1997 2023 2039 Medi-

197 2059 292 2103 cinae
308 2054 406 2101 Lib.
423 2073 461 2102 2.
477 2070 566 2118 cap.
584 2073 614 2114 5.
629 2053 772 2100 Radix
789 2053 1051 2100 scrofulariae
1071 2056 1300 2119 pulverata
1317 2061 1360 2101 δέ
1377 2056 1430 2101 ad
1451 2056 1589 2101 dosim
1605 2056 1638 2102 9
1658 2060 1683 2113 j.
1702 2055 1901 2101 exhibita
1927 2076 1936 2102 z
1958 2066 2022 2120 3⁰.

197 2123 237 2166 A
259 2119 463 2166 Roberto
487 2119 620 2180 Boyle
636 2152 648 2171 ,
669 2120 716 2165 de
733 2121 905 2164 utilitate
921 2121 1150 2184 Philofhplo.
1170 2124 1429 2183 experiment.
1449 2125 1565 2165 Part.
1589 2140 1620 2166 1.
1632 2122 1728 2178 sefl.
1751 2137 1786 2164 2.
1822 2124 2023 2183 Par-ony-

196 2184 301 2230 chia
327 2184 439 2230 folio
468 2200 648 2230 rutaceo
663 2218 675 2236 ,
697 2182 770 2230 seu
790 2183 941 2230 sedum
963 2184 1250 2246 tridaclzylites
1265 2217 1277 2235 ‚
1296 2184 1342 2229 in
1360 2185 1567 2231 cerevisia
1584 2184 1707 2230 tenui
1722 2182 1865 2231 infusa
1884 2191 1928 2231 δέ
1944 2205 2022 2250 per

194 2250 369 2312 aliquot
392 2249 486 2295 dies
506 2249 703 2313 potanda
722 2267 731 2293 :
753 2249 820 2306 4⁹.
856 2252 893 2293 A
915 2253 1084 2293 Zacuto
1106 2248 1311 2294 Lusitano
1332 2282 1343 2299 ‚
1363 2255 1543 2294 Praxeos
1572 2248 1742 2295 Medic.
1771 2250 2021 2297 admirandae

199 2314 301 2361 Lib.
321 2331 352 2358 1.
371 2315 592 2374 Obfirvat.
615 2331 694 2358 101.
710 2317 1007 2374 Unguentum
1026 2329 1079 2359 ex
1096 2312 1244 2359 radice
1263 2312 1460 2373 bryoniae
1476 2346 1487 2364 ‚
1509 2316 1630 2373 cujus
1649 2310 1844 2358 formula
1857 2317 2021 2377 prostat

201 2384 310 2440 Cap.
331 2396 383 2423 xi
400 2396 436 2422 1.
463 2380 581 2434 hujus
601 2377 723 2422 Libri
741 2398 753 2421 :
779 2385 842 2435 50.
862 2381 898 2423 A
918 2376 1202 2423 Medicorum
1221 2376 1351 2422 turba
1367 2377 1603 2423 decoctum
1619 2375 1811 2439 spongiae
1841 2380 2020 2426 marinae

201 2442 257 2488 ad
278 2442 384 2506 ξίν.
407 2442 476 2487 vel
502 2441 611 2486 cinis
625 2440 821 2501 ejusdem
839 2441 1070 2486 combustae
1100 2441 1146 2488 in
1177 2440 1259 2486 olli
1287 2441 1428 2487 clausa
1449 2441 1502 2487 ad
1527 2458 1556 2504 3
1574 2441 1618 2486 ss.
1637 2440 1706 2486 vel
1725 2441 1832 2505 lapis
1861 2443 1938 2505 qui
1970 2444 2019 2491 iti

194 2506 382 2570 spongia
400 2506 659 2569 plerumque
679 2505 785 2551 latet
805 2506 1058 2569 pulverarus
1078 2512 1122 2553 δέ
1143 2507 1188 2553 in
1211 2506 1421 2553 vehiculo
1441 2507 1608 2552 idoneo
1636 2505 1861 2551 exhibitus
1888 2508 1911 2552 a
1933 2507 1966 2555 Β
1983 2513 2015 2571 j.

192 2571 250 2618 ad
279 2587 308 2633 5
330 2571 374 2617 ss.
397 2589 473 2634 per
496 2570 643 2633 plures
663 2569 757 2615 dies
775 2589 786 2622 ·‚
809 2569 882 2616 sed
907 2571 1065 2616 horum
1081 2571 1284 2617 omnium
1304 2588 1436 2634 penes
1456 2573 1670 2616 Auctor-es
1688 2569 1737 2614 fit
1758 2570 1881 2616 fides.

258 2644 324 2681 60.
353 2639 464 2683 Non
487 2635 551 2681 ita
579 2634 754 2699 pridem
786 2635 832 2681 in
852 2635 1005 2680 Galliis
1034 2636 1259 2682 increbuit
1285 2635 1337 2681 ad
1366 2635 1580 2681 curandas
1606 2636 1784 2680 strumas
1815 2635 2016 2696 quaedam

193 2700 436 2746 antimo-nii
464 2699 721 2764 praeparatio
740 2732 752 2751 ,
776 2718 869 2763 quae
890 2699 942 2744 acl
964 2700 1260 2746 antimonium
1280 2700 1636 2763 diaphoreticum
1665 2698 1867 2762 proxime
1890 2702 2019 2748 acce-

197 2764 265 2809 dit
281 2798 293 2815 ,
323 2770 368 2810 &
394 2783 488 2828 quae
507 2764 561 2810 ab
583 2764 807 2828 Empirico
828 2764 975 2810 nescio
995 2783 1085 2827 quo
1103 2799 1115 2818 ‚
1145 2771 1294 2810 Rotron
1322 2765 1440 2811 dielo
1461 2800 1474 2818 ,
1497 2765 1519 2809 a
1551 2781 1641 2827 quo
1676 2763 1866 2828 primum
1894 2764 2017 2811 usur-

198 2844 346 2892 patam
376 2828 500 2875 fuiffe
522 2845 701 2874 narrant
719 2863 730 2880 ‚
753 2833 898 2874 Pulvis
931 2831 979 2874 de
1000 2836 1151 2874 Rotron
1173 2829 1307 2891 vulgo
1326 2831 1583 2894 appellatur.
1614 2831 1869 2874 Proferetur
1901 2830 2016 2890 ejus-

198 2892 304 2939 dem
328 2894 511 2956 parandi
531 2892 749 2957 proceffus
770 2893 817 2937 in
852 2909 1052 2939 extremo
1072 2894 1211 2939 hocce
1229 2894 1364 2949 Libro
1384 2927 1395 2945 ‚
1419 2912 1518 2940 cum
1548 2891 1662 2938 recta
1680 2893 2017 2940 administrandi

197 2958 371 3003 ratione
391 2975 402 3010 3
424 2958 496 3004 sed
531 2957 836 3020 praemonitum
855 2959 1086 3003 Lectorem
1112 2957 1247 3002 velim
1267 2957 1354 3003 hoc
1376 2957 1561 3004 remedii
1593 2973 1730 3020 genus
1749 2989 1760 3007 ‚
1783 2973 1830 3001 ut
1859 2973 2017 3006 caetera

193 3021 403 3086 pleraque
423 3039 516 3085 quae
536 3020 656 3082 vulgi
677 3020 899 3082 praeconio
919 3024 1085 3067 temere
1105 3021 1385 3068 celebrantur
1407 3056 1419 3077 ,
1437 3022 1554 3069 fama
1573 3021 1712 3086 magis
1744 3020 1879 3085 quain
1914 3020 2019 3070 suc-2·

200 3086 316 3134 ceffu
345 3087 491 3135 valere
510 3120 523 3141 ,
543 3100 590 3134 ut
611 3083 701 3151 ipse
721 3102 818 3133 non
837 3083 971 3134 semel
990 3101 1195 3153 expertus
1222 3085 1329 3132 sum.
1448 3093 1452 3096 “

1582 3214 1798 3280 odam

2064 529 2155 570 ΧῐῙ.
2186 533 2295 572 Stru-

2063 594 2127 618 mae
2146 583 2297 635 hydrar-

2062 637 2187 685 gyroli
2209 638 2296 674 raro

2061 684 2295 738 dissipantur¹

2064 737 2087 774 si
2108 751 2193 775 cum
2212 740 2270 777 lue

2062 792 2212 828 venerefi

2062 842 2282 887 coincidant.

2106 975 2175 1013 Sed
2198 975 2270 1012 suis

2063 1027 2298 1080 propriisque

2064 1079 2249 1120 remediis.
