2477 3643
874 117 1193 166 INDEX

510 215 587 256 quo
603 198 765 240 veficulae
788 200 1000 265 crystallinae
1023 201 1190 239 dicuntur
1204 198 1226 238 a

513 255 701 296 Mufitano
719 257 876 308 primum
895 253 1089 307 apparuisse
1104 255 1142 291 in
1157 264 1224 306 ge-

514 307 686 347 nitalibus
704 337 715 355 ‚
1042 310 1160 355 pagin.
1181 312 1225 345 68

485 365 627 402 Futurae
660 362 727 399 luis
753 374 913 399 venereae
940 358 1106 413 periodi,
1137 373 1228 411 quas

512 414 656 454 videtur
673 416 711 452 in
729 413 910 465 posterum
928 413 1095 453 habitura
1116 442 1128 462 ‚
1167 427 1226 462 70.

514 469 561 510 &²
579 470 592 503 l
593 480 644 515 eq.

486 518 690 559 Secundum
707 517 929 558 Paracelsum
942 549 953 566 ‚
1155 525 1228 566 462

334 573 436 620 Persa
465 573 562 611 luem
590 585 779 609 veneream
804 572 826 610 ὲ,
852 573 982 611 Turcis
1013 572 1230 624 contagione

387 641 551 679 accepere
581 655 591 672 ,
630 638 741 676 quam
776 624 860 665 ideo
900 637 1033 665 vocant
1066 624 1232 662 Morbum

387 686 420 718 T
423 683 577 716 urcrcum
593 706 603 721 ‚
1187 684 1230 725 56

335 732 441 780 Pestis
470 734 569 781 juxta
593 732 791 771 nonnullos
819 731 1027 785 producitur
1053 729 1073 769 ὲ
1098 731 1231 768 vermi-

385 783 474 822 culis
490 781 754 835 inconspicuis‚
782 785 1012 825 mordacibus
1038 790 1072 823 &
1098 783 1232 821 admo-

387 838 475 876 dum
492 835 667 890 proliferis
683 867 694 883 ‚
1025 853 1080 885 92.
1098 849 1141 880 (J-
1163 851 1229 886 551

337 894 521 930 Petronius
567 894 578 937 (
606 890 807 932 Alexander
836 895 1016 941 Traianus
1045 896 1056 938 )
1098 890 1232 928 fatetur

392 943 489 983 luem
505 957 695 981 veneream
710 950 824 984 minui
841 952 875 986 &
902 948 939 984 in
964 945 1039 983 dies
1063 945 1233 981 mitiorem

392 998 491 1034 reddi
507 1021 520 1040 ‚
1185 1010 1231 1042 72

337 1046 528 1098 Phimoscos
553 1047 755 1102 Descriptio
771 1051 810 1089 in
827 1050 912 1089 viris
931 1055 965 1090 &
982 1051 1020 1089 in
1046 1049 1207 1090 foeminis
1220 1078 1232 1096 ‚

323 134 427 191 3„

393 1116 465 1154 254
490 1151 641 1200 Caufae,
788 1185 826 1210 2„
857 1185 864 1209 ἰ,
1162 1168 1229 1204 255

490 1210 741 1259 Symptomata
754 1238 767 1258 ,
783 1222 785 1225 ’
832 1210 872 1255 ess
1161 1214 1231 1256 256

489 1260 682 1313 Diagnosis
701 1291 713 1310 ,
1158 1275 1179 1298 2
1192 1274 1199 1304 f
1211 1266 1229 1298 8

488 1313 680 1366 Prognofis
697 1344 709 1362 ,
1160 1328 1180 1351 2
1187 1328 1229 1362 59

491 1368 643 1404 Curatio
656 1398 667 1414 ‚
1162 1381 1181 1404 2
1188 1381 1230 1416 59

336 1420 502 1468 Phimofis
529 1424 565 1457 ὅ(
580 1418 835 1473 paraphimofis
850 1419 1041 1459 habitualis
1057 1449 1068 1466 ‚
1166 1425 1232 1468 388

353 1502 357 1506 .
488 1473 693 1524 Qomodo
710 1485 876 1512 curatur?
1146 1472 1234 1509 ibid.

338 1525 494 1572 Phrifius
527 1529 538 1572 (
558 1528 798 1574 Laurentius)
828 1525 916 1582 quid
943 1526 987 1565 de
1001 1526 1140 1581 origine
1166 1524 1235 1562 luis

393 1591 554 1619 venereae
570 1582 737 1632 opinatus
754 1579 818 1619 fit?
1187 1593 1234 1624 42

486 1634 649 1672 Damnat
662 1632 767 1672 usum
780 1635 1036 1673 munitionum
1050 1662 1060 1680 ,
1089 1645 1112 1679 4
1117 1646 1170 1681 52·
1188 1630 1235 1674 ό·

334 1734 486 1788 Phthists
518 1699 668 1777 iigrierea
682 1769 694 1787 ‚
1005 1745 1086 1783 296.
1103 1736 1146 1779 ῤ’
1170 1741 1235 1786 318

485 1791 702 1844 Plerumque
727 1790 933 1831 insanabilis
948 1792 972 1832 si
987 1791 1234 1844 hydrargyro-

523 1845 546 1882 fi
565 1858 641 1883 non
658 1845 867 1884 discutiatur
880 1877 890 1893 ‚
1162 1857 1234 1890 407

488 1898 695 1950 Qiomodo
730 1911 852 1938 tamen
890 1898 1030 1937 idoneis
1068 1896 1234 1937 remediis

520 1953 768 2002 impuonanda
780 1983 790 2000 ‚
1164 1963 1234 1996 409

338 2000 552 2046 ,Phymatum
581 1984 798 2043 caliosorum
823 2007 861 2044 in
886 2002 1059 2057 pudendis
1079 2001 1237 2053 descrip-

348 2074 352 2076 -
396 2053 449 2089 tio
465 2055 503 2092 in
519 2057 605 2093 vfiris
622 2084 632 2101 ,
1167 2062 1238 2100 264

591 2108 629 2145 iu
647 2106 807 2147 foeminis
821 2138 834 2156 ,
1168 2115 1235 2155 265

495 2158 622 2198 Causae
641 2190 650 2207 ,
1167 2167 1235 2207 265

494 2217 746 2265 symptomata
763 2245 774 2264 ‚
1165 2219 1236 2260 267

488 2266 683 2318 Diagnosis
701 2296 711 2314 ‚
1166 2270 1235 2303 268

496 2319 688 2371 Prognolis
702 2350 713 2367 ,
1168 2327 1237 2365 269

496 2374 648 2410 Curatio
662 2402 671 2418 ‚
1169 2379 1238 2416 26⁷9

344 2421 520 2468 Phymata
548 2426 749 2463 indolentia
773 2423 962 2475 quomodo
993 2421 1202 2461 resolvenda
1226 2454 1237 2471 ,

401 2485 471 2525 269

496 2531 701 2582 Qomodo
717 2528 925 2581 extirpanda
941 2558 951 2576 ,
982 2527 1007 2565 fi
1023 2528 1060 2565 in
1075 2528 1240 2566 carcino-

525 2598 586 2622 ma
601 2584 896 2637 degeneraverint
912 2613 922 2630 ‚
1170 2596 1240 2630 ²70

344 2633 467 2672 Pilula
499 2639 757 2676 anti-venereae
776 2636 933 2675 Gervasii
949 2636 1083 2685 Ucay,
1170 2650 1236 2684 543

344 2687 467 2725 Pilula
496 2689 682 2729 alexiteriae
699 2722 710 2738 ‚
741 2690 800 2729 seu
831 2689 949 2744 potitis
978 2700 1170 2741 purgantes
1197 2688 1242 2726 de

399 2743 544 2781 Rotrou
561 2773 571 2790 ‚
1167 2743 1239 2789 417

344 2793 481 2830 Pineda
516 2799 530 2842 (
547 2801 704 2842 Joannes
720 2797 789 2844 de)
819 2795 837 2834 ὲ
853 2801 932 2835 Soc.
950 2791 1032 2842 jesu
1045 2824 1056 2841 ,
1074 2794 1243 2844 opinatur

399 2844 572 2886 morbum
587 2851 673 2896 Jobi
698 2865 781 2889 cum
806 2846 983 2887 hodierna
1007 2847 1064 2885 lue
1092 2846 1244 2885 venerea

340 2925 342 2927 >
400 2899 635 2940 consensisse?
1087 2902 1183 2949 Praf.
1205 2901 1242 2937 iv

348 2953 471 2989 Pircal
498 2952 557 2992 seu
586 2956 745 2999 Perical,
775 2952 954 2994 ulcerosus
979 2951 1151 2992 tibiarum
1179 2966 1242 2990 tu-
1288 2980 1292 2982 v

403 3019 484 3043 mor
500 3007 593 3059 apud
609 3007 818 3046 Malabaros
835 3006 1020 3046 endemius
1037 3036 1047 3052 ,
1199 3015 1245 3044 60

351 3056 458 3146 1²!an
466 3070 585 3096 tarum
620 3061 729 3099 coitio
757 3062 826 3100 luis
853 3073 1010 3099 venereae
1038 3056 1142 3097 causa
1171 3072 1245 3095 non

424 3124 475 3148 uit
488 3141 499 3157 ‚
1196 3126 1241 3158 41

353 3163 454 3254 Pliga
484 3165 632 3205 morbus
650 3166 861 3220 capillorum
886 3165 1033 3205 Polonis
1050 3165 1213 3218 proprius
1231 3194 1244 3213 ‚

1268 113 1631 163 RERUM.

1278 197 1538 234 Pneumatocele
1552 224 1564 239 ‚
1803 195 1925 248 pagin.
1944 210 2024 247 ²93·
2039 195 2085 240 ῤ’
2106 209 2175 248 302

1275 253 1467 287 Poetarum
1496 260 1660 286 veterum
1675 247 1754 287 loca
1768 279 1778 297 ,
1794 265 1875 304 quae
1890 264 1954 303 pro
1973 251 2173 302 antiquita-

1329 313 1364 339 te
1391 301 1460 340 luis
1486 315 1644 340 venereae
1671 301 1789 342 facere
1812 304 2005 343 creduntur
2023 334 2034 352 ‚
2058 304 2175 356 expli-

1330 368 1409 394 cata
1421 384 1432 402 ,
1993 364 2024 396 8.
2042 358 2086 399 ὠ»
2099 356 2176 407 seq.

1282 408 1526 456 Polychronius
1552 406 1670 446 censet
1683 407 1851 448 morbum
1868 409 1952 458 Jobi
1969 409 2072 449 fuiffe
2094 407 2176 462 spe-

1334 461 1425 499 ciem
1442 458 1730 511 Elephantiaseos
1746 490 1757 508 ‚
2042 465 2133 511 Prlf«
2151 475 2177 501 v

1284 523 1379 555 Porri
1408 514 1622 566 genitalium
1639 515 1676 552 in
1693 512 1845 551 secunda
1864 513 2009 559 *tantum
2028 515 2176 568 periodo

1334 569 1402 608 luis
1420 580 1577 605 venereae
1595 566 1751 618 primum
1770 580 1959 618 apparuere
1975 597 1986 616 ‚
2131 574 2178 606 66

1286 627 1382 662 Porri
1411 620 1622 673 genitalium
1652 620 1736 660 Vid.
1765 620 2034 659 condylomata

1438 672 1520 711 Post
1544 672 1830 727 bydrargyrofim
1846 671 2041 723 aliquando
2054 672 2179 727 super-

1465 724 1547 764 sunt
1563 756 1573 773 ,
2111 733 2177 775 387

1435 780 1641 831 Qomodo
1659 792 1745 819 tunc
1759 780 1981 830 extirpantur
1994 808 2007 826 ‚
2112 786 2180 830 387

1288 834 1439 874 Poulain
1468 832 1550 873 Vid.
1577 833 1762 870 Bubonem.

1286 888 1524 934 Pracipitams
1552 887 1656 923 ruber
1680 884 1888 925 describitur
1918 883 1939 925 a
1968 888 2110 934 joanne
2137 883 2184 924 de.

1341 940 1438 992 Vigo
1455 967 1465 985 ‚
2111 951 2125 975 1
2136 946 2182 976 26

1441 995 1473 1030 A
1502 1005 1577 1044 quo
1606 992 1698 1031 inter
1724 991 1977 1045 phagedaenica
2007 1005 2182 1030 numera-

1469 1056 1527 1083 tur
1545 1075 1555 1090 ‚
2114 1050 2182 1083 126

1436 1096 1661 1136 Describitur
1675 1111 1822 1150 quoque
1835 1096 1856 1136 a
1870 1098 2030 1137 Nicolao
2048 1097 2182 1146 Maffa,

1465 1151 1594 1187 ibidem

1436 1206 1468 1242 A
1501 1200 1687 1243 Mathiolo
1707 1201 1824 1253 primo
1840 1204 2008 1241 omnium
2022 1204 2058 1242 in
2075 1205 2185 1241 inter-

1467 1271 1556 1295 num
1574 1254 1677 1293 usum
1693 1254 1881 1294 adducitur
1898 1256 1944 1294 ad
1962 1258 2186 1296 curationem

1470 1311 1537 1348 luis
1555 1321 1715 1346 venereae
1729 1336 1740 1355 ‚
2053 1353 2059 1356 ἢ
2117 1323 2185 1357 127

1289 1364 1524 1411 praeripimus
1546 1362 1648 1399 albus
1664 1390 1675 1407 ‚
1955 1369 2032 1400 128.
2050 1363 2095 1405 (ἓν
2118 1375 2182 1412 551

1288 1418 1523 1464 Praecipitatus
1552 1415 1656 1453 ruber
1674 1413 1805 1452 Solaris
1822 1419 1856 1452 &
1874 1417 2023 1453 Lunaris
2035 1445 2046 1463 ,
2119 1429 2184 1462 411

1441 1467 1571 1506 Solaris
1590 1466 1748 1506 Gervafii
1770 1470 1878 1519 Ucay
1898 1497 1908 1514 ,
2115 1482 2188 1515 412,

1290 1524 1491 1567 Praparam
1511 1520 1733 1560 mercurialia
1747 1520 1793 1558 ad
1807 1534 1898 1574 quos
1915 1518 2012 1559 casus
2029 1520 2187 1562 valeant?

1346 1584 1411 1620 ¹47

1439 1625 1542 1700 Olim
1559 1623 1764 1678 frequenter
1777 1625 2040 1667 adhibebantur
2057 1624 2188 1666 Mons—

1291 1692 1870 1786 Pupamtiihiii'hydrargyrofim
1885 1762 1896 1781 ,
2117 1686 2188 1782 {iz

1443 1784 1633 1836 Vulgatior
1646 1815 1656 1831 ,
2118 1791 2186 1835 348

1443 1838 1635 1888 Opetofior
1649 1840 1684 1877 in
1699 1837 1913 1891 quibusdam
1927 1837 2061 1877 cafibus
2074 1867 2084 1885 ‚
2118 1834 2192 1888 350

1442 1898 1656 1982 Offiijtgssda
1672 1946 1708 1982 in
1726 1957 1843 1983 totum
1861 1946 2078 1996 aliquand0‚
2122 1959 2136 1994 3
2145 1959 2189 1994 52

1445 1998 1503 2032 An
1534 1995 1668 2046 semper
1695 1998 1896 2036 omittenda
1923 1999 1963 2037 sit
1981 2009 1991 2037 ?
2039 2011 2115 2047 353·
2142 1998 2189 2041 (7·

1474 2057 1543 2096 536

1296 2099 1453 2148 Prcputii
1487 2102 1499 2146 (
1520 2102 1695 2139 Tumoris
1712 2104 1725 2151 )
1753 2100 1942 2153 descriptio
1958 2131 1970 2150 ‚
2118 2115 2193 2151 254

1447 2152 1572 2190 Causa:
1585 2183 1595 2200 ‚
2118 2169 2137 2192 2
2144 2169 2160 2203 5
2169 2170 2186 2206 5

1447 2209 1722 2257 symptomata,
2119 2215 2191 2257 256

1446 2259 1635 2311 Diagnosis
1653 2290 1664 2307 ,
2118 2274 2137 2297 2
2147 2267 2188 2308 58

1444 2312 1633 2365 Prognosis
1646 2342 1657 2360 ,
2119 2327 2189 2363 259

1444 2366 1595 2403 Curatio
1614 2395 1624 2412 ,
2114 2380 2183 2415 259

1296 2413 1515 2452 Problemata.
1548 2420 1686 2470 aliquot
1715 2418 1807 2455 circa
1832 2415 1997 2455 bubones
2019 2429 2191 2459 venereos

1347 2464 1539 2509 solvuntur
1558 2501 1568 2519 ‚
2117 2487 2186 2519 229

1294 2521 1517 2578 Proolemata
1550 2524 1690 2576 aliquot
1717 2522 1759 2560 de
1792 2523 2049 2575 propagatione
2069 2537 2192 2563 conta-

1345 2583 1395 2624 gii
1413 2589 1512 2613 venei
1522 2578 1550 2614 ei
1567 2607 1577 2624 ,
2142 2593 2192 2627 97

1447 2632 1521 2667 Cur
1538 2631 1596 2668 alii
1613 2627 1795 2667 difficilius
1813 2657 1824 2674 ‚
1851 2626 1991 2667 facilius
2013 2629 2073 2668 alii
2088 2645 2192 2668 mor-

1483 2683 1571 2721 bum
1590 2680 1803 2722 contrahant
1818 2690 1828 2718 ?
2144 2700 2193 2733 97

1450 2738 1526 2774 Cur
1556 2736 1731 2788 quidam,
1761 2733 1895 2786 quibus
1924 2732 1985 2771 diii
2013 2735 2193 2776 innocuus

1481 2788 1531 2827 est
1550 2790 1690 2828 veneris
1707 2786 1789 2825 usus
1810 2800 1892 2825 cum
1916 2789 2072 2828 maxime
2101 2804 2194 2828 con..

1479 2844 1660 2881 taminatis
1685 2871 1696 2888 ‚
1726 2840 1898 2878 morbum
1926 2840 2085 2881 celeriter
2124 2845 2193 2882 ali-

1477 2896 1624 2947 quando
1641 2895 1844 2946 concipiant
1858 2922 1870 2940 ‚
1897 2891 1921 2929 fi
1947 2909 2028 2932 cum
2045 2897 2122 2935 aliis
2138 2898 2194 2936 le..

1479 2948 1560 2987 vitis
1576 2948 1717 2987 infee'ris
1732 2946 1947 2985 misceantur
1962 2954 1973 2982 ἓ
2145 2966 2192 3000 97

1451 3006 1527 3040 Cur
1550 3002 1718 3041 nonnulli
1737 3030 1748 3046 ,
1767 3001 1830 3052 qui
1849 3013 1930 3037 cum
1955 2999 2096 3039 infectis
2116 3017 2194 3042 rem

1479 3054 1541 3093 diti
1559 3056 1714 3095 habuere
1729 3052 1800 3091 (ine
1815 3051 1907 3090 noxa
1922 3083 1932 3098 ,
1955 3054 2083 3093 deinde
2110 3056 2195 3094 abs-

1478 3123 1549 3159 que
1564 3109 1638 3148 ulla
1663 3106 1782 3146 moxbi
1808 3105 2025 3154 accessione‚
2053 3109 2098 3146 ab
2123 3108 2194 3147 eis-

1482 3164 1564 3200 dem
1585 3162 1877 3202 contaminentur
1894 3168 1904 3197 ἒ
2144 3177 2193 3209 97

1445 3220 1524 3256 Cur
1542 3216 1601 3255 alii
1618 3220 1638 3255 a
1657 3213 1794 3254 morbis
1821 3211 2016 3252 levioribus
2035 3216 2195 3267 venereis
