2477 3643
615 156 1391 205 LrnnnIV-CAi'uT
1460 153 1568 201 ΧῘ.
1872 166 1966 222 403‘

138 245 295 311 sponte
321 242 394 291 vel
420 239 629 288 remediis
658 239 843 286 nimium
866 256 1024 287 vexata
1056 239 1181 285 acute
1205 239 1356 286 doleat
1387 238 1669 304 lancinetque
1694 256 1794 286 cum
1825 244 1970 290 mani-

136 309 247 358 festo
275 309 386 354 cutis
406 306 654 371 superjefflat
675 306 821 350 calore
846 310 888 350 &
924 305 1087 351 rubore
1104 338 1116 358 ‚
1145 305 1207 350 ita
1235 320 1361 368 urget
1384 304 1628 369 periculum
1653 321 1709 350 ne
1739 305 1784 351 in
1801 307 1970 354 absces-

138 373 235 421 sum
252 390 352 419 cum
370 371 466 418 offis
483 371 599 417 carie
615 373 916 429 conjunCtum,
934 371 1005 416 vel
1022 370 1145 433 quod
1160 388 1282 434 pejus
1297 369 1431 416 etiam
1445 370 1504 416 est
1516 370 1560 414 in
1573 369 1825 415 carcinoma
1841 372 1971 435 dege-

137 456 218 485 ner
237 439 312 484 fiat
329 472 340 491 ‚
363 454 409 483 ut
429 455 496 483 ies
509 437 837 482 cunstationem
855 436 1020 482 nullam
1037 436 1234 500 recipiat.
1252 435 1391 499 Igitur
1408 435 1625 500 praemiffis
1640 434 1972 482 universaliori-

139 503 223 549 bus
240 519 364 567 ,quae
392 503 510 549 viam
538 502 703 548 exteris
731 502 1048 566 praemuniant,
1075 503 1130 546 ad
1160 502 1470 566 operationem
1496 500 1628 564 quam
1657 499 1862 561 ocyssime
1887 501 1972 548 de·

138 569 298 616 venire
315 565 481 614 necesse
503 568 589 619 est,
609 567 695 630 qua
718 567 827 613 cutis
848 567 893 612 in
919 584 1094 613 crucem
1112 566 1353 612 incidenda
1371 584 1382 619 3
1399 565 1548 628 anguli
1568 581 1756 629 quatuor
1774 566 1851 629 qui
1867 584 1975 630 pro-

140 633 342 698 pendent
360 667 373 685 ,
400 631 556 679 forfice
585 631 842 684 resecandi,
858 633 1103 694 deraloque
1123 631 1329 695 periostio
1359 630 1560 677 exostofis
1577 630 1717 677 terebi
1731 630 1753 675 a
1769 631 1901 677 variis
1928 632 1975 678 in

140 698 254 745 locis
271 697 539 763 perforanda
568 714 615 743 ut
642 714 921 749 attenuetur3
953 695 1119 742 deinde
1152 695 1263 742 serra
1290 695 1361 743 vel
1397 695 1565 760 scalpro
1594 694 1763 760 penitus
1799 696 1971 743 exscin-

141 762 294 809 denda
314 797 325 815 ,
361 763 556 826 basisque
591 765 660 808 cui
696 761 912 808 insistebat
933 794 945 813 ‚
977 761 1232 826 pulveribus
1266 761 1484 823 myrrhae,
1521 761 1668 813 alo‘e‘s,
1707 761 1942 825 euphorbii
1968 781 1980 816 3

145 828 346 874 tinCturis
371 846 424 874 ex
450 827 609 874 iisdem
638 829 867 880 extr-actm
899 826 970 872 vel
993 826 1021 870 sl
1047 827 1108 871 ita
1137 827 1422 891 postulaverit
1449 827 1583 872 cariei
1604 827 1791 873 altitudo
1809 860 1821 879 ‚
1854 826 1979 873 ferro

143 892 291 956 ignito
313 893 369 938 ad
390 893 730 940 exfoliationem
754 891 1046 941 deducenda3
1077 891 1258 938 demum
1284 891 1409 956 plaga
1425 924 1437 943 ‚
1454 909 1547 955 quae
1575 890 1764 957 superest
1779 924 1791 943 ,
1819 891 1978 938 eadem

147 958 275 1021 plane
304 958 521 1004 methodo
550 958 745 1004 curanda
762 991 773 1009 ‚
803 975 851 1002 ac
884 956 1011 1018 supra
1034 962 1181 1020 Capite
1207 958 1478 1020 praecedente,
1512 966 1550 1013 ξ.
1574 975 1635 1004 10.
1658 956 1824 1003 didkum
1850 958 1908 1004 est
1926 957 1982 1004 de

149 1022 372 1069 ulceribus
390 1057 404 1077 ‚
428 1040 524 1087 qua:
546 1040 648 1069 cum
668 1021 874 1087 supposui
894 1021 989 1067 offis
1008 1023 1126 1068 carie
1147 1024 1380 1083 conjuncta
1400 1020 1511 1068 sunt.

453 1160 489 1209 §.
555 1154 652 1199 VI.
725 1154 1015 1198 DOLOR
1082 1151 1668 1198 OSTEOCOPUS.

212 1286 254 1328 V
274 1284 307 1326 1.
345 1279 585 1343 Contingit
615 1297 951 1343 nonnumquam
972 1281 1065 1344 post
1084 1278 1443 1343 hydrargyrofim
1473 1278 1673 1343 legitime
1705 1280 1980 1329 administra-

153 1361 245 1391 tam
259 1379 272 1397 ,
292 1361 338 1390 ut
356 1345 488 1390 dolor
509 1344 756 1409 profundus
772 1380 783 1397 ,
805 1346 912 1391 fixus
930 1380 941 1398 >
959 1347 1218 1409 osteocopus
1235 1381 1246 1397 ‚
1264 1343 1387 1409 asper
1408 1379 1421 1397 ‚
1439 1362 1672 1409 perpetuus
1687 1379 1699 1397 ‚
1721 1351 1763 1390 δε
1786 1346 1984 1409 aliquan-

156 1411 219 1456 do
252 1428 327 1473 per
356 1410 593 1456 intervalla
622 1412 849 1456 lancinans
878 1427 1050 1457 certum
1074 1411 1120 1458 in
1145 1411 1234 1457 offe
1253 1411 1450 1474 quodam
1474 1409 1622 1456 locum
1643 1428 1830 1475 occupet
1852 1417 1896 1458 δέ
1918 1416 1987 1457 in·-

154 1474 282 1522 festet
299 1509 311 1527 ,
340 1474 429 1521 sine
451 1492 628 1522 tumore
648 1475 740 1521 ullo
765 1481 808 1522 δέ
833 1493 932 1521 cum
955 1474 1166 1522 levissima
1195 1477 1240 1520 in
1264 1492 1365 1521 cute
1395 1474 1554 1521 caloris
1581 1482 1626 1521 ὃς
1648 1477 1812 1522 coloris
1841 1495 1987 1524 muta-

145 1541 282 1587 »tione
303 1575 315 1592 ‚
340 1540 464 1604 quod
495 1542 600 1587 mali
625 1559 763 1605 genus
781 1575 793 1593 ‚
820 1540 850 1585 si
881 1558 1039 1587 contra
1064 1541 1342 1587 emollientia
1360 1574 1371 1593 ,
1398 1540 1605 1602 anodyna
1621 1574 1634 1593 ,
1663 1542 1920 1605 paregotica
1942 1548 1988 1588 δε

155 1605 429 1652 resolventia
457 1607 655 1653 remedia
681 1606 886 1670 pervicax
913 1605 959 1651 fit
981 1605 1126 1658 ‚haud
1149 1606 1292 1653 inanis
1310 1608 1570 1668 conjedlurae
1587 1607 1708 1651 locus
1735 1605 1909 1653 futurus
1929 1609 1988 1654 est

158 1671 358 1735 pendere
384 1671 453 1717 vel
476 1671 499 1715 a
522 1673 638 1717 carie
660 1671 825 1717 latente
846 1672 891 1715 in
913 1670 1002 1717 offe
1021 1672 1154 1736 partis
1174 1671 1368 1718 dolentis
1386 1705 1399 1723 ,
1428 1671 1498 1716 vel
1521 1670 1575 1716 ab
1593 1670 1775 1717 exostofi
1796 1690 1897 1717 cum
1917 1691 1990 1718 ca-

156 1737 225 1782 rie
245 1737 288 1781 in
311 1735 485 1781 interna
504 1736 599 1782 offis
619 1734 948 1797 ejusdem'facie
970 1770 981 1786 ,
1000 1754 1092 1799 quae
1113 1737 1168 1783 ad
1184 1736 1424 1783 medullam
1446 1735 1607 1800 spectat
1623 1770 1636 1788 ‚
1658 1735 1730 1782 vel
1750 1737 1873 1800 quod
1892 1755 1989 1784 om-

161 1801 290 1847 nium
309 1799 535 1864 pessimum
557 1804 615 1847 est
630 1837 641 1853 ‚
664 1800 717 1847 ab
736 1798 927 1846 abscessu
947 1801 1200 1847 medullaris
1221 1801 1478 1847 substantiae.

225 1871 380 1928 Itaque
402 1864 430 1910 si
462 1869 714 1927 conjectura
737 1866 781 1910 in
814 1866 907 1912 dies
928 1867 1158 1928 urgentior
1187 1866 1262 1912 fiat
1278 1900 1291 1919 ‚
1326 1864 1355 1911 si
1376 1865 1495 1911 nulla
1515 1863 1712 1929 suppetat
1733 1864 1815 1912 alia
1846 1865 1994 1913 salutis

164 1931 283 1977 ratio
301 1964 313 1982 ‚
336 1931 474 1976 durus
499 1937 543 1976 &
563 1931 756 1977 crudelis
775 1930 987 1976 medendi
1007 1931 1165 1977 modus
1186 1931 1374 1995 superest
1389 1964 1400 1981 ‚
1432 1930 1507 1976 sed
1526 1931 1682 1976 unicus
1698 1965 1709 1982 ‚
1738 1949 1897 1996 nempe
1915 1949 1990 1976 cu-

169 2011 265 2043 tem
287 1995 389 2040 loco
412 1995 584 2042 dolenti
607 1995 957 2060 superextensam
974 1995 1020 2040 in
1049 2014 1224 2042 crucem
1255 1996 1455 2041 incidere
1475 2028 1487 2047 ‚
1518 1994 1729 2057 angulosa
1756 2001 1846 2057 ejus
1873 1995 1996 2044 labra

167 2060 338 2107 circum
370 2060 593 2114 resecare,
616 2061 872 2126 periostium
898 2061 1141 2114 deradere,
1171 2060 1352 2107 demum
1380 2078 1428 2105 os
1456 2059 1669 2106 nudatum
1699 2060 1872 2107 ter-ebs&
1894 2079 1997 2125 per-

164 2125 318 2172 forare
338 2125 392 2170 ad
416 2126 713 2172 meditullium
738 2125 885 2189 usque.
928 2127 973 2173 Si
995 2126 1105 2172 nihil
1137 2126 1243 2172 inde
1263 2125 1453 2190 profluat
1471 2141 1623 2189 praeter
1646 2143 1801 2189 paucas
1822 2126 1999 2189 sangui-

168 2191 235 2237 nis
254 2191 380 2236 stillas
396 2225 406 2241 ,
431 2209 496 2236 res
517 2191 698 2238 ulterius
717 2192 917 2255 urgenda
943 2209 1036 2236 non
1055 2193 1113 2237 est
1129 2225 1141 2243 ‚
1167 2190 1245 2237 nisi
1265 2190 1456 2236 certiora
1476 2189 1651 2235 latentis
1671 2190 1806 2237 cariei
1827 2208 1898 2236 aut
1921 2191 2001 2237 ab-

167 2255 329 2302 scessus
360 2256 526 2302 indicia
559 2257 863 2303 ostendantur.
902 2256 977 2302 Sin
998 2255 1105 2302 vero
1131 2255 1365 2320 purulenta
1387 2271 1458 2299 aut
1490 2251 1660 2299 saniosa
1689 2256 1871 2301 materia
1893 2256 2001 2304 iude

168 2320 468 2385 profundatur
488 2356 500 2374 ,
537 2341 586 2369 os
608 2321 736 2368 novis
771 2320 1067 2367 foraminibus
1084 2336 1179 2365 tum
1197 2318 1312 2365 infra
1331 2352 1344 2372 ,
1377 2334 1471 2364 tum
1490 2317 1617 2383 supra
1637 2321 2002 2382 pertundendum

169 2387 230 2432 est
247 2419 259 2438 ,
280 2403 327 2431 ut
346 2402 598 2433 attenuetur
617 2420 628 2438 ‚
654 2405 701 2431 ac
723 2387 960 2446 interjectae
978 2384 1337 2450 intercapedines
1358 2382 1523 2443 scalpro
1544 2401 1645 2429 cum
1667 2385 1827 2431 malleo
1858 2386 2004 2449 plum-

171 2449 260 2496 beo
281 2451 342 2494 ita
362 2449 666 2515 exsculpendae
690 2451 787 2495 sunt
805 2484 817 2502 ,
850 2466 898 2495 ut
918 2451 990 2497 via
1011 2450 1152 2496 libera
1180 2449 1253 2496 fiat
1274 2466 1369 2495 tum
1391 2447 1607 2495 effluxum
1640 2449 1738 2513 puri
1757 2484 1769 2501 ‚
1800 2466 1894 2495 tum
1914 2450 2005 2495 im-

173 2514 405 2561 mittendis
425 2515 778 2561 medicamentis.
811 2515 1003 2579 Reliqua
1019 2516 1170 2561 onmia
1189 2514 1384 2561 curanda
1404 2513 1500 2559 sunt
1517 2512 1635 2574 juxta
1655 2515 1919 2560 methodum
1938 2514 2007 2560 su·-

175 2580 252 2645 prai
269 2579 537 2644 propositam
556 2587 666 2645 Cap,
684 2581 926 2645 praecedente
943 2590 1004 2638 ,§.
1027 2599 1088 2627 10.
1110 2581 1252 2627 donec
1267 2578 1503 2626 medullari
1525 2578 1758 2624 substantia
1773 2578 2008 2643 suppurata

178 2649 224 2693 δε
250 2643 426 2691 detersa
444 2679 455 2698 ‚
485 2652 530 2693 &
566 2645 720 2692 cariosi
751 2645 846 2692 offis
874 2644 988 2693 facie
1018 2642 1216 2707 exfhliatoi
1235 2645 1388 2691 omnia
1415 2643 1471 2690 ad
1499 2643 1757 2691 cicatricem
1782 2662 1865 2709 pro
1890 2645 2011 2691 votis

175 2725 442 2774 properent.

241 2774 466 2820 Caeterum
486 2809 498 2827 ‚
516 2791 564 2820 ut
583 2775 723 2821 libere
743 2774 888 2820 dicam
908 2809 920 2827 ,
940 2774 1038 2821 cum
1061 2775 1236 2823 Medici
1254 2791 1458 2822 naturam
1479 2778 1524 2820 &
1545 2770 1717 2820 causam
1740 2773 1915 2825 morbi,
1936 2774 2015 2836 qui

178 2837 230 2884 in
253 2838 342 2884 offe
373 2840 526 2886 medio
554 2841 661 2886 latet
678 2875 689 2893 ,
721 2839 846 2885 tarde
867 2841 1106 2900 conjiciant
1127 2859 1138 2893 3
1167 2841 1267 2886 cum
1288 2839 1453 2886 tardius
1473 2837 1663 2884 audeant
1683 2857 1735 2885 ex
1764 2838 2017 2885 coniectu&

180 2919 368 2966 gravem
396 2908 442 2947 δέ
468 2906 693 2951 molestam
714 2922 760 2949 ac
791 2905 975 2967 periculi
997 2907 1168 2967 plenam
1191 2906 1500 2967 operationem
1530 2902 1804 2956 decernere3
1835 2904 2018 2950 demum

181 2966 285 3014 cum
303 2984 567 3030 aegrotantes
588 2969 780 3015 Medicis
804 2971 1089 3015 monentibus
1111 2974 1155 3014 δε
1185 2969 1442 3015 instantibus
1473 2966 1718 3015 auscultent
1746 2969 1984 3015 tardiffime
2006 3002 2020 3020 ,

183 3032 446 3096 plerumque
476 3035 576 3078 ante
596 3033 922 3079 conclamatum
941 3036 999 3080 est
1016 3068 1028 3085 ‚
1057 3034 1190 3097 quam
1210 3035 1413 3099 operatio
1434 3031 1681 3080 instituatur
1698 3067 1713 3086 ‚
1741 3051 1794 3080 ex
1813 3052 1903 3098 quo
1923 3032 2020 3082 effia-

183 3097 301 3154 citur
319 3113 368 3146 ut
387 3098 461 3146 vix
481 3116 677 3164 unquam
693 3098 751 3145 de
772 3096 847 3143 illa
869 3098 985 3146 bene
1011 3098 1183 3164 sperare
1215 3097 1358 3147 liceat.

1638 3293 1808 3355 Eeeij

2056 1290 2122 1328 VI.
2141 1290 2262 1329 Dolor

2030 1343 2247 1393 01²eocopus

2032 1394 2097 1431 ossi
2113 1394 2261 1432 insidens

2035 1447 2270 1485 cariemoffis

2034 1512 2097 1537 aut
2117 1499 2267 1536 medul-

2036 1552 2075 1588 lae
2099 1551 2245 1588 abices-

2040 1607 2117 1641 lum
2135 1603 2234 1642 indi-

2038 1668 2113 1694 cat.

2043 1877 2188 1928 Qbus
2201 1877 2274 1917 sola

2043 1933 2253 1983 operatione

2045 1984 2181 2022 mederi
2210 1985 2258 2021 li-

2045 2048 2116 2081 cet,
