2477 3643
486 128 554 182 302
841 107 1984 167 DE'MoassistNEaE1s.·

479 221 506 242 υ
527 194 694 246 Christi
718 216 740 253 ,¹
766 201 895 262 inquit
924 237 938 252 ‚
975 198 1230 248 Nativitate
1275 213 1409 254 1492·
1437 194 1620 261 quidam
1657 186 1909 245 Columbus
1943 196 2069 247 miles
2095 198 2181 248 una
2209 214 2310 247 cum

435 306 447 339 x
478 285 506 305 ,a
530 262 680 319 multis
702 262 909 328 Hispanis
941 263 1112 312 accessit
1139 264 1185 312 in
1220 262 1366 310 Indias
1395 259 1490 307 illas
1519 277 1684 315 novas,
1719 279 1826 324 quas
1847 261 2026 310 Calicut
2055 263 2277 330 appellant
2295 296 2309 317 ,

476 353 504 372 ω
525 327 603 392 qui
631 327 815 390 quidem
845 328 1030 376 morbus
1060 332 1075 387 (
1095 330 1314 386 Gallicus)
1347 326 1452 390 quia
1483 324 1549 372 ibi
1583 324 1941 373 familiariffimus
1965 328 2024 373 est
2043 360 2054 378 ,
2091 328 2310 392 quemad-

473 421 502 442 „
523 392 710 440 modum
738 392 902 440 scabies
920 393 1036 460 apud
1059 411 1140 440 nos
1159 427 1173 446 ,
1204 391 1367 439 accidit
1389 406 1498 437 tunc
1528 404 1575 438 ut
1594 390 1724 438 multi
1753 408 1805 437 ex
1835 390 1920 438 illis
1942 390 2150 456 Hispanis
2170 427 2183 445 ‚
2203 393 2311 440 dum

473 488 500 507 ,‚
528 457 593 502 ibi
618 474 902 504 morarentur
920 492 933 510 ‚
962 457 1115 506 infesti
1144 457 1226 502 sint
1256 457 1333 502 tali
1352 455 1516 501 morbo
1536 489 1549 508 ,
1569 456 1646 518 qui
1678 455 1845 503 deinde
1873 456 1927 503 ad
1960 456 2051 503 suas
2070 459 2275 521 regiones
2296 491 2309 510 ,

471 551 497 568 υ
526 526 571 567 ἃ*
601 522 656 568 ad
683 539 764 568 nos
794 539 1067 570 revertentes
1098 522 1260 568 multos
1276 539 1330 567 ex
1352 520 1506 566 nostris
1526 520 1723 568 infecere
1730 555 1864 567 .....
1894 521 2026 587 Apud
2046 523 2194 569 Indias
2212 523 2308 569 illas

472 614 497 631 η
521 603 658 632 novas
676 621 687 639 ‚
706 586 874 647 fith'icit
900 589 1004 634 idem
1025 627 1039 641 ,
1074 589 1197 650 viget
1230 586 1412 632 morbus
1437 585 1515 633 iste
1533 585 1842 648 contagiosus,
1876 586 1961 633 illis
1995 602 2144 634 tamen
2178 585 2310 634 fami-

472 678 500 696 „
520 651 765 697 liariffimus
784 671 794 706 3
819 658 864 698 δε
883 652 988 699 ideo
1011 669 1238 717 repertum
1259 653 1317 697 est
1334 651 1467 697 etiam
1499 651 1616 715 apud
1635 650 1751 715 ipsos
1770 651 2023 699 antidotum
2041 657 2133 713 ejus
2150 686 2162 704 ,
2179 652 2309 716 quod

473 744 498 761 η
516 715 687 779 lignum
708 718 1010 763 Guaiacanum
1028 717 1209 764 dicitur.
1237 715 1428 763 Morbus
1452 716 1604 779 itaque
1616 717 1692 762 iste
1717 715 1804 762 illis
1823 717 1881 762 est
1899 750 1911 769 ‚
1940 716 2063 763 sicuti
2091 720 2207 782 apud
2226 734 2309 765 nos

473 807 499 825 2,
521 780 688 829 scabies
703 816 714 833 ‚
734 781 966 828 familiaris
987 817 999 835 ‚
1027 788 1072 829 &
1091 782 1336 846 acquiritur
1354 799 1432 846 per
1451 782 1771 845 contagionem
1798 780 1921 826 ficuti
1941 786 1985 828 δέ
2004 781 2186 829 scabies.

200 870 269 908 lv.
286 863 433 904 Gabrie·
505 887 509 891 .
536 851 556 892 1
573 852 626 892 V.
659 847 842 895 Gabriel
863 848 1084 912 Fallopius
1100 882 1112 900 ‚
1144 849 1349 893 Trafiatu
1388 846 1435 891 de
1456 847 1615 894 Morbo
1639 849 1801 893 Gallico
1822 884 1837 899 ,
1864 859 1955 910 cap.
1979 863 2009 892 1.
2035 872 2057 888 u
2091 853 2211 895 Inter
2230 850 2307 902 Ian

197 921 243 963 lis
269 915 430 968 Fallopii.
472 936 496 953 n
524 911 711 958 nuenses
730 946 742 964 ‚
769 916 898 975 inquit
922 952 937 967 ,
955 912 1100 960 nobili
1126 912 1312 975 ingenio
1327 911 1413 956 fuit
1430 910 1778 975 Christophorus
1810 910 2058 957 columbus
2077 945 2090 964 ,
2115 913 2191 976 qui
2210 915 2306 960 Co-

472 998 499 1017 υ
520 976 648 1022 lonus
675 977 699 1022 a
726 981 858 1023 Petro
879 981 1081 1040 Martyre
1104 976 1318 1040 diligenti
1341 992 1487 1022 rerum
1516 976 1773 1023 Indicarum
1801 976 2027 1039 Scriptore
2053 994 2303 1025 vocatur....

471 1063 498 1083 ν
520 1042 639 1088 Huic
676 1042 979 1088 ferdinandus
1017 1048 1063 1089 &
1102 1041 1335 1089 Elizabeth
1367 1039 1752 1087 subministrarunt
1786 1039 2055 1086 liburnicam
2090 1059 2222 1089 unam
2260 1049 2307 1090 ὃς

471 1128 499 1147 2»
521 1107 694 1154 celoces
724 1123 839 1159 tres,
878 1142 1013 1153 .....
1048 1125 1148 1154 cum
1174 1107 1337 1169 quibus
1369 1105 1543 1152 Indiam
1576 1106 1921 1153 Occidentalem
1952 1106 2157 1153 salutavit
2163 1141 2303 1156 .....

472 1195 500 1213 ω
525 1177 764 1219 Inventum
794 1174 852 1219 est
880 1173 998 1219 certe
1028 1172 1378 1237 pretiosissimum
1407 1171 1636 1217 metallum
1655 1205 1667 1223 ,
1689 1171 1795 1218 inde
1815 1170 1963 1217 delata
1991 1173 2049 1220 est
2069 1172 2197 1237 copia
2213 1206 2225 1225 ‚
2251 1169 2305 1219 'Sc

469 1262 496 1281 ω
516 1243 673 1300 ingens
694 1239 1033 1301 margaritarum
1055 1236 1319 1301 magnitudo
1338 1269 1350 1288 ‚
1383 1234 1457 1282 sed
1486 1237 1546 1282 est
1578 1236 1712 1283 etiam
1747 1236 1952 1297 adjunsta
1978 1236 2102 1300 spina
2121 1271 2134 1289 ,
2171 1254 2304 1300 atque

469 1329 498 1348 a,
519 1302 635 1349 alo‘e's
661 1302 782 1349 melli
800 1302 994 1349 admista.
1020 1303 1194 1349 Detulit
1221 1302 1344 1349 enim
1363 1300 1613 1347 Columbus
1638 1302 1842 1348 triremes
1867 1301 2037 1347 Gallica
2066 1301 2136 1347 lue
2168 1302 2305 1350 refer-

469 1393 495 1410 „
517 1382 610 1419 tas3
638 1367 708 1413 Ibi
740 1368 858 1413 mitis
887 1370 946 1414 est
968 1368 1151 1414 morbus
1178 1367 1372 1413 &instar
1391 1364 1584 1417 scabiei,
1616 1365 1691 1412 sed
1710 1366 1765 1412 ad
1797 1367 1994 1411 nostrum
2021 1367 2207 1413 veniens
2227 1387 2302 1414 or·-

468 1456 494 1474 ,,
514 1431 617 1478 bem
637 1432 696 1478 ita
720 1431 840 1479 ferus
858 1424 962 1484 sita
986 1432 1169 1478 immitis
1197 1431 1333 1477 faetus
1350 1465 1362 1484 ,
1385 1446 1432 1475 ut
1460 1445 1591 1494 caput
1608 1463 1620 1482 ,
1643 1431 1797 1478 oculos
1813 1465 1825 1482 ,
1861 1430 2010 1476 nasum
2031 1465 2041 1482 ‚
2075 1432 2267 1494 palatum
2290 1467 2302 1485 ,

468 1522 493 1540 22
520 1497 658 1542 cutim
681 1532 693 1549 ‚
716 1515 892 1543 carnem
911 1531 924 1550 ,
945 1497 1033 1544 ossa
1049 1531 1062 1551 ,
1082 1497 1323 1561 ligamenta
1340 1530 1353 1548 ,
1388 1494 1558 1543 viscera
1586 1495 1768 1543 tandem
1792 1496 1942 1542 omnia
1966 1495 2139 1543 infestet
2158 1531 2170 1549 ‚
2200 1497 2302 1544 insi-2

467 1586 493 1604 υ
513 1561 601 1607 ciat
620 1601 633 1615 ,
665 1578 936 1626 corrumpat.
1413 1571 1417 1575 “

534 1627 581 1673 Si
601 1628 698 1689 quis
726 1627 851 1692 plura
887 1626 1174 1674 Medicorum
1202 1625 1453 1672 testimonia
1486 1624 1805 1672 desideraverit
1825 1658 1837 1676 ,
1869 1623 2065 1670 consulat
2100 1629 2300 1674 Leonat-

467 1689 576 1736 dum
612 1693 789 1737 Schmai
811 1727 823 1745 ,
863 1696 1008 1738 Tracffl.
1045 1694 1094 1738 de
1131 1692 1284 1737 Morbo
1314 1694 1475 1737 Gallico
1497 1729 1510 1744 ,
1538 1705 1630 1754 cap.
1672 1708 1705 1735 1.
1740 1692 1959 1742 Ioannem
1991 1693 2296 1746 Manardum,
2351 1737 2358 1744 ,

463 1755 636 1819 Epistol.
655 1759 712 1802 ad
725 1763 791 1804 M
793 1758 985 1803 ichae‘lem
1003 1762 1035 1803 S
1041 1759 1302 1809 mmmmm,
1323 1757 1596 1819 Chirurgum3
1618 1753 1854 1801 Alfonsum
1874 1753 2071 1801 Ferrium
2090 1789 2101 1807 ‚
2123 1761 2165 1802 in
2186 1764 2297 1803 Prae-

456 1821 613 1879 satione
637 1820 856 1867 Librorum
893 1837 1065 1884 quatuor
1101 1823 1150 1866 de
1178 1821 1337 1868 Morbo
1370 1823 1532 1866 Gallico
1563 1821 1613 1869 &¹
1647 1823 1747 1884 ligni
1768 1821 1901 1879 sanffi
1927 1820 2078 1865 natm-d
2099 1859 2114 1874 ,
2153 1824 2299 1884 usuque

463 1888 710 1949 multiplz‘ci3
744 1888 993 1932 Antonium
1013 1886 1191 1932 Gallum
1209 1918 1221 1936 ,
1252 1890 1382 1949 Oper.
1411 1886 1458 1930 de
1475 1888 1582 1948 ligno
1599 1886 1737 1943 sanflo
1767 1902 1844 1929 non
1867 1886 2135 1948 permisbendo
2153 1902 2243 1951 cap.
2267 1906 2295 1931 1.

464 1950 717 1995 Antonium
746 1952 1108 2002 Fracantianum‚
1144 1950 1241 1997 Lib.
1276 1954 1323 1996 de
1357 1949 1517 1997 Morbo
1546 1952 1742 1995 Gallico;
1777 1948 2043 2011 Prosperum
2080 1954 2301 2013 Borgaru-

466 2013 579 2059 tium
597 2049 609 2067 ‚
636 2017 831 2062 Method.
855 2017 902 2061 de
919 2015 1079 2063 Adorbo
1098 2018 1260 2061 Gallico
1279 2053 1292 2068 ,
1315 2032 1408 2077 cap.
1438 2031 1474 2057 1.
1503 2018 1592 2058 &c.
1619 2014 1697 2077 qui
1731 2031 1885 2059 omnes
1918 2015 2127 2059 testantur
2157 2033 2298 2063 vene-2

465 2094 590 2125 ream
619 2081 737 2125 luem
766 2080 814 2124 in
847 2081 1001 2126 Infulis
1022 2080 1230 2131 Amissis,
1267 2097 1361 2144 quae
1388 2078 1675 2124 Mexicanum
1709 2078 2028 2141 Archipelagus
2057 2097 2294 2146 occupant,

465 2144 708 2207 antiquitus
723 2145 947 2209 propriam
966 2151 1011 2191 Sc
1028 2145 1282 2192 endemiam
1300 2178 1311 2196 ,
1333 2162 1379 2189 ac
1396 2142 1605 2207 specificis
1625 2143 1831 2190 remediis
1847 2143 1950 2189 huic
1969 2144 2144 2206 regioni
2159 2164 2296 2208 pecu-

428 2212 439 2220 ’
462 2207 649 2255 liaribus
678 2226 875 2256 curatam
900 2209 1024 2256 fuiffe
1042 2243 1054 2262 ,
1088 2210 1341 2273 priusquam
1376 2208 1582 2272 Hispanis
1610 2208 1794 2254 advenis
1823 2208 2122 2254 innotesceret
2159 2228 2170 2262 ·,
2203 2212 2295 2256 imo

461 2273 570 2320 vero
592 2274 796 2337 Hispanis
824 2292 905 2323 nec
926 2274 1133 2321 morbum
1161 2292 1243 2321 nec
1273 2272 1422 2320 morbi
1453 2273 1702 2319 remedium
1726 2274 1996 2326 innotuisse,
2026 2273 2103 2320 nifi
2132 2275 2186 2321 ab
2219 2281 2294 2322 In-

462 2335 654 2384 sularum
683 2339 920 2402 indigenis.

233 2428 278 2464 Et
294 2425 419 2464 Testi-
519 2404 716 2450 Secunde).
757 2400 923 2451 Paucos
941 2403 1174 2466 seligemus
1193 2421 1246 2449 ex
1266 2401 1500 2449 Histoi-icis
1516 2436 1528 2454 ,
1551 2401 1625 2448 sed
1647 2401 1771 2447 omni
1792 2402 2055 2466 exceptione
2076 2407 2264 2464 majores
2281 2438 2295 2457 ,

188 2480 246 2515 nio
287 2478 419 2515 Histo-
461 2472 510 2513 δε
535 2469 688 2532 quide
711 2470 853 2533 prima
872 2471 955 2516 luis
972 2486 1171 2516 venereae
1199 2468 1375 2531 origine
1392 2501 1404 2520 ,
1433 2482 1643 2530 tanquam
1665 2466 1720 2513 de
1743 2485 1790 2514 re
1808 2466 1887 2513 fibi
1906 2468 2104 2534 apprime
2134 2470 2293 2533 cogni-

193 2531 370 2568 ficorum.
465 2533 508 2579 ta
525 2566 538 2584 ,
559 2534 750 2580 occulati
768 2534 1069 2581 testimonium
1087 2534 1253 2580 dicant.

193 2627 225 2662 Ι,
247 2615 420 2663 Goiifalvi
520 2603 554 2644 1.
573 2599 847 2646 Gonsalvum
864 2599 1119 2647 Fernandez
1133 2597 1186 2644 ab
1206 2597 1389 2645 Oviedo
1405 2630 1417 2648 ,
1438 2595 1516 2659 qui
1534 2595 1582 2641 in
1601 2595 1862 2660 Hispaniolfi
1881 2596 1975 2660 ipsa
1989 2630 2001 2648 ‚
2015 2598 2106 2660 quo
2124 2596 2147 2643 a
2167 2602 2292 2662 Rege

191 2678 408 2717 fernandez
461 2663 743 2709 Ferdinando
772 2665 918 2711 missus
947 2679 1042 2711 erat
1068 2681 1187 2709 anno
1214 2680 1353 2724 1513.
1381 2677 1428 2707 ut
1457 2661 1743 2707 metallorum
1769 2661 1931 2707 fufioni
1963 2660 2157 2724 pra'effet
2175 2696 2189 2715 ,
2217 2665 2295 2710 diu

462 2744 764 2774 commoratus
794 2731 852 2774 est
869 2763 882 2781 ‚
905 2735 950 2775 δέ
977 2728 1143 2792 scripsit
1163 2727 1334 2774 ibidem
1357 2726 1473 2772 circa
1492 2742 1655 2771 annum
1682 2743 1762 2787 153
1781 2742 1827 2787 5.
1856 2725 2101 2771 naturalem
2130 2732 2177 2772 δεῖ
2209 2745 2289 2791 ge·-

460 2793 659 2840 neralem
680 2793 920 2839 Historiam
949 2793 1192 2839 Indiarum.
1223 2817 1244 2835 υ
1277 2794 1446 2838 Narrat
1473 2805 1620 2837 autem
1648 2790 1723 2836 ille
1752 2791 1869 2846 hujus
1902 2790 2090 2848 Hzstoriae
2115 2795 2222 2837 SebZ.
2257 2811 2286 2839 1.

459 2887 485 2905 ω
506 2859 603 2905 Lib.
625 2876 685 2904 10.
709 2873 799 2922 cap.
820 2876 857 2903 2.
886 2858 1102 2904 Morbum
1129 2857 1248 2903 hunc
1266 2889 1277 2908 ‚
1295 2856 1372 2920 qui
1392 2855 1555 2900 dicitur
1576 2856 1623 2901 de
1645 2858 1708 2900 las
1726 2861 1834 2901 Bnas
1851 2894 1865 2908 ,
1892 2858 1907 2913 (
1926 2856 2109 2920 Hispani
2130 2858 2194 2917 stc
2220 2875 2293 2902 vo-

459 2950 486 2969 ω
513 2938 606 2970 cant
632 2926 733 2969 luem
761 2941 972 2970 veneream
994 2927 1006 2977 )
1039 2922 1124 2969 effe
1142 2921 1350 2969 omnibus
1369 2920 1436 2966 his
1457 2920 1714 2983 regionibus
1743 2936 2058 2972 communem,
2085 2920 2283 2983 ideoque

458 3015 484 3034 u
503 2987 707 3053 placuisse
729 2987 1003 3035 miserationi
1027 2988 1190 3034 divinae
1214 2986 1336 3051 quod
1357 2985 1568 3031 auxilinm
1601 2985 1710 3032 item
1736 2984 1944 3031 omnibus
1975 2985 2283 3032 communice-

455 3080 482 3098 n
502 3068 602 3104 tur,
628 3067 758 3115 atque
793 3071 874 3117 pro
907 3071 962 3100 eo
995 3053 1196 3100 tollendo
1218 3052 1384 3117 ubique
1414 3050 1462 3095 in
1495 3066 1704 3116 promptu
1726 3048 1789 3095 fit.
1822 3050 1944 3096 Licet
1977 3048 2115 3100 vero,
2148 3055 2283 3114 pergit

454 3145 481 3163 n
501 3120 570 3164 ille
590 3156 603 3170 ,
620 3116 712 3162 lues
733 3117 807 3163 ista
826 3117 931 3164 alibi
951 3119 1084 3166 etiam
1109 3117 1320 3181 grassetur
1342 3120 1388 3162 &
1412 3116 1561 3180 vigeat
1575 3148 1588 3167 ‚
1608 3115 1829 3180 principio
1851 3129 1998 3159 tamen
2018 3112 2282 3161 Christianis

453 3204 481 3242 ρ
501 3181 666 3230 malum
682 3181 769 3231 hoc
791 3184 1022 3246 cognitum
1037 3217 1052 3240 ‚
1072 3200 1251 3234 necnon
1279 3180 1590 3247 experimento
1618 3180 1790 3229 arboris
1810 3182 2028 3227 Gnaiacan
2052 3179 2277 3244 appellatae
