2477 3643
596 123 1618 203 *L1nnn11L'CA12u-r'v11.
1903 167 1998 222 ‘2'49

180 228 413 278 esebaceis
434 231 616 279 vasculis
647 231 826 278 scaturit
843 231 891 278 in
918 232 1052 285 viris,
1076 238 1120 279 ὃς
1157 232 1234 279 sub
1255 234 1469 298 praeputio
1490 235 1536 282 in
1568 235 1720 284 sordes
1739 237 1962 303 colligitur
1981 279 1996 298 ,
2026 238 2030 243 ’

178 295 256 342 nisi
281 296 467 342 eluatur.
500 299 587 343 Sed
613 297 940 344 excoriationes
962 296 1268 358 hujuscemodi
1288 298 1342 344 ab
1371 300 1601 348 ulcusculis
1624 304 1826 350 venereis
1855 323 1907 351 ex
1939 325 1995 354 eo

177 359 445 423 distinguere
479 359 611 408 facile
645 363 731 414 est,
763 361 885 424 quod
922 378 1068 408 cutem
1094 362 1389 428 superficiarie
1417 365 1588 411 tantum
1614 365 1810 412 lambant
1831 402 1843 421 ,
1874 372 1997 433 quod

173 424 259 471 late
278 431 324 472 ὃς
346 425 650 489 irregulariter
672 425 845 490 serpant
866 459 878 478 ,
910 426 1032 490 quod
1060 428 1189 474 nullis
1210 428 1330 474 callis
1348 428 1632 477 obsideantur
1650 465 1663 484 ,
1691 439 1737 478 δε
1756 434 1877 495 quod
1908 436 1998 481 cit‘o

173 488 444 538 exsiccentur
470 490 542 538 vel
563 489 719 556 sponte
742 491 812 538 vel
845 490 934 536 sola
954 491 1126 539 lotione
1155 510 1256 539 cum
1276 494 1382 539 vino
1406 494 1499 542 solo
1518 512 1592 542 aut
1613 514 1712 542 cum
1732 496 1880 544 herbis
1901 500 1999 548 vul-

173 555 357 602 nerariis
389 553 552 601 infuso.

235 620 478 683 Contingit
505 620 669 673 etiam,
703 619 971 684 quamquam
1003 619 1138 666 rarius
1175 654 1187 672 ,
1219 621 1264 668 in
1293 622 1450 671 iisdem
1474 623 1582 670 locis
1612 626 1759 674 ulcera
1791 630 1999 691 generari

169 683 354 731 vulnere
371 717 385 738 ‚
405 683 624 737 abscessu,
648 684 820 732 rofione
838 718 850 737 ‚
869 684 1058 749 perinde
1080 703 1130 730 ac
1158 685 1204 730 in
1233 689 1397 734 caeteris
1422 689 1640 751 quibusve
1672 692 1864 755 partibus
1886 712 1897 746 3
1921 693 2000 741 sed

168 748 260 794 haec
290 749 436 796 ulcera
457 749 512 795 ab
544 748 775 796 ulcusculis
795 750 997 796 venereis
1027 749 1074 794 in
1096 767 1150 796 eo
1169 750 1400 798 evidenter
1430 754 1706 818 discrepant,
1736 757 1858 820 quod
1884 758 1998 811 lata,

169 812 431 876 irregularia
448 849 460 867 ,
480 813 704 878 profunda
720 814 802 859 sint
818 849 830 866 ,
853 814 942 860 sine
959 814 1078 859 callis
1097 815 1144 859 in
1163 815 1360 869 ambitu,
1380 817 1468 865 stne
1493 837 1625 864 muco
1643 822 1690 866 in
1707 820 1851 868 fundo
1875 844 1885 868 ,-
1906 842 1997 871 uno

169 878 314 924 verbo
345 879 468 942 quod
498 879 620 925 notio
644 895 900 925 caeteratum
937 878 1130 942 partium
1157 880 1376 927 ulceribus
1398 884 1452 929 ad
1479 883 1859 933 amuffim-sxmilia
1882 887 1964 934 fint
1982 922 1997 942 2

168 941 364 1006 ideoque
387 943 617 989 ulcusculis
635 944 835 990 venereis
854 943 978 988 tanto
999 945 1136 1007 magis
1161 944 1394 991 dissimilia.

169 1013 215 1067 ,ζ
243 1016 307 1053 20.
344 1008 481 1066 Quod
510 1009 566 1054 ad
595 1008 767 1054 causam
785 1041 797 1059 ,
824 1007 999 1053 abunde
1030 1009 1171 1071 liquet
1195 1009 1418 1057 ulcuscula
1444 1029 1636 1059 venerea
1671 1015 1882 1079 contagio
1918 1035 1995 1065 ve-

167 1088 308 1118 nereo
326 1073 515 1137 produci
539 1092 549 1118 ι
572 1072 830 1135 Ambigitur
849 1071 1021 1117 tantum
1059 1072 1206 1118 utrum
1241 1075 1452 1137 contagio
1479 1093 1677 1123 recenter
1696 1079 1880 1127 admiffo
1911 1083 1995 1129 im-

169 1154 285 1201 puro
322 1137 566 1183 concubitu
583 1170 596 1189 ‚
626 1155 678 1183 an
705 1136 815 1182 vero
839 1135 910 1182 lue
933 1135 1104 1181 dudum
1127 1136 1293 1184 latente
1320 1139 1652 1203 producantur3
1675 1143 1749 1190 sed
1775 1163 1826 1192 ea
1859 1147 1997 1211 quaes.

170 1202 235 1247 tio
255 1219 308 1248 ex
327 1202 638 1266 aegrotantium
661 1200 930 1248 confessione
951 1200 1204 1247 dirimenda
1225 1204 1299 1248 est.

231 1268 369 1324 Quod
398 1266 426 1311 fi
445 1281 703 1329 aegrotantes
720 1300 732 1318 ‚
755 1281 803 1311 ut
829 1265 1003 1329 culpam
1025 1266 1196 1319 celent,
1219 1266 1377 1313 malint
1406 1268 1467 1314 lui
1498 1274 1586 1332 jam
1605 1272 1780 1336 pridem
1798 1264 2006 1341 concep-v

164 1345 216 1375 tae
234 1331 439 1376 morbum
460 1330 649 1376 adscribi
669 1364 680 1382 ,
700 1330 838 1392 quam
857 1330 1095 1377 recentiori
1120 1332 1266 1395 stupro
1282 1365 1294 1384 ,
1317 1333 1441 1396 quod
1461 1352 1648 1382 crimine
1670 1355 1764 1383 non
1786 1357 1963 1387 vacaret
1977 1375 1992 1394 ,

163 1410 213 1440 ut
240 1394 459 1442 familiare
479 1396 538 1441 est
553 1394 813 1441 mulieribus
830 1412 926 1459 quae
950 1399 1039 1457 jam
1060 1395 1203 1442 viduae
1230 1395 1361 1450 sunt3
1392 1398 1486 1444 imo
1510 1399 1644 1446 etiam
1664 1402 1770 1448 viris
1790 1436 1801 1453 ,
1828 1405 1905 1466 qui
1937 1423 1992 1452 ex

168 1475 342 1524 nupero
370 1461 468 1506 vitae
490 1459 689 1505 instituto
708 1459 948 1506 castitatem
967 1476 1192 1507 voverunt
1212 1480 1223 1514 ·,
1240 1462 1408 1526 poterit
1426 1478 1575 1521 ,tamen
1602 1467 1734 1511 etiam
1748 1466 1799 1512 -in
1819 1485 1874 1514 eo
1897 1470 1999 1516 casu

167 1525 233 1571 rei
260 1525 420 1573 veritas
446 1524 474 1569 fi
505 1542 596 1570 non
619 1525 738 1570 certe
756 1557 769 1576 ,
788 1541 830 1571 at
859 1523 1011 1571 saltem
1035 1543 1087 1572 ex
1107 1526 1359 1587 conjectura
1378 1528 1543 1591 colligi.
1571 1534 1723 1593 Itaque
1742 1530 1772 1576 st
1793 1532 1998 1580 ulcuscu-

163 1588 206 1634 la
233 1589 280 1634 in
303 1589 409 1635 viris
429 1587 611 1635 fraenum
631 1622 642 1641 ,
661 1589 708 1634 in
728 1588 924 1634 foeminis
945 1590 1201 1635 carunculas
1221 1591 1525 1652 myrtiformes
1541 1628 1553 1645 ,
1581 1595 1794 1659 nymphas
1816 1614 1889 1643 aut
1911 1599 1995 1644 cli-

163 1653 357 1700 totidem
385 1668 606 1717 occupent
625 1671 635 1706 ·‚
655 1652 684 1697 si
702 1653 840 1698 multa
856 1687 868 1705 ,
898 1654 1091 1716 maligna
1110 1658 1156 1700 δε
1175 1654 1378 1702 conferta
1402 1654 1485 1702 fint
1502 1676 1513 1710 3
1531 1657 1559 1702 si
1579 1660 1711 1704 stadia
1731 1678 1994 1723 percurrant

161 1735 264 1763 cum
299 1718 526 1764 celeritate
547 1751 559 1769 ,
593 1717 697 1762 hinc
735 1717 971 1782 probabile
1000 1720 1058 1764 est
1094 1720 1265 1765 recenti
1300 1721 1542 1768 concubitu
1576 1727 1800 1771 contraCm
1829 1725 1991 1781 fuifle,

161 1781 264 1827 cum
290 1800 341 1829 ea
368 1799 461 1845 quae
487 1782 510 1827 a
531 1782 697 1828 latente
715 1782 786 1827 lue
805 1781 1060 1846 dependent
1088 1784 1287 1847 praeputii
1318 1783 1502 1831 fraenum
1523 1820 1535 1838 ‚
1564 1805 1638 1833 aut
1665 1789 1803 1836 vulvae
1837 1797 1882 1837 &
1913 1812 1991 1840 va-

157 1847 272 1910 ginae
293 1847 549 1893 carunculas
574 1863 666 1892 non
687 1846 890 1892 affestent
910 1864 996 1909 prae
1024 1848 1190 1893 caeteris
1211 1848 1525 1910 pudendorum
1550 1852 1746 1915 partibus
1772 1872 1783 1906 3
1818 1873 1955 1919 pauca
1973 1890 1989 1910 ,

160 1910 354 1959 discreta
370 1945 382 1963 ,
403 1911 598 1974 benigna
623 1911 884 1975 plerumque
907 1910 1020 1964 fint3
1043 1929 1091 1958 ac
1120 1912 1243 1957 tarde
1268 1928 1314 1958 ut
1342 1914 1582 1977 plurimum
1603 1916 1872 1978 judicentur.

229 1984 292 2037 3⁰.
331 1975 526 2022 Demsim
553 1975 880 2021 ulcusculorum
901 1974 1163 2022 differentiae
1184 1976 1328 2022 obviae
1353 1977 1451 2024 sunt
1469 2013 1481 2032 ,
1512 1985 1558 2026 δε
1592 1981 1864 2045 inspectione
1899 1985 1991 2032 sola

157 2056 279 2104 patet
298 2059 353 2087 an
371 2041 509 2086 multa
535 2041 606 2086 vel
632 2058 770 2104 pauca
788 2059 800 2094 3
820 2038 1009 2086 discreta
1030 2041 1098 2087 vel
1116 2041 1318 2088 conferta
1337 2062 1347 2095 ·‚
1368 2044 1553 2090 areatim
1581 2045 1786 2109 disposita
1805 2050 1875 2096 vel
1898 2051 1986 2098 cir-

160 2105 298 2151 culari
321 2105 490 2151 ambitu
515 2104 775 2157 distributa3
800 2104 989 2150 multum
1018 2106 1091 2152 vel
1120 2106 1276 2170 parum
1304 2108 1492 2162 callosa,
1522 2113 1715 2158 rotunda
1744 2113 1813 2160 vel
1847 2133 1988 2180 angu-

157 2169 250 2215 losa
269 2205 282 2224 ,
314 2171 362 2215 in
399 2169 543 2217 fundo
570 2169 810 2215 albicantia
841 2171 914 2217 vel
948 2169 1163 2223 liventia3
1193 2189 1286 2217 uno
1309 2172 1450 2220 verbo
1478 2173 1673 2239 benigna
1698 2176 1766 2223 vel
1794 2180 1988 2244 maligna

165 2234 262 2281 sint.
636 2279 642 2284 .

218 2299 355 2345 Paulo
387 2297 610 2345 difficilius
637 2300 696 2345 est
728 2297 951 2346 ulcuscula
973 2298 1237 2362 dignoscere
1255 2334 1267 2352 ‚
1297 2318 1390 2364 quae
1410 2301 1637 2350 internum
1656 2321 1860 2353 extremae
1882 2327 1986 2356 ure«

154 2362 264 2409 thrae
291 2364 471 2409 dustum
490 2379 710 2427 occupant
729 2397 740 2415 ‚
759 2370 803 2410 δε
833 2381 929 2425 quae
955 2365 1094 2409 oculis
1117 2363 1257 2410 obvia⁴
1285 2382 1378 2410 non
1400 2365 1509 2412 sunt.
1545 2372 1598 2413 Et
1619 2368 1716 2416 sane
1737 2371 1841 2417 ideo
1873 2391 1981 2418 con-

159 2427 294 2490 tingit
322 2445 411 2473 non
433 2429 532 2473 raro
560 2446 661 2473 cum
686 2428 959 2490 gonorrhoea
989 2427 1240 2480 confundi,
1270 2430 1369 2475 cum
1396 2431 1443 2474 in
1468 2447 1658 2495 utroque
1688 2433 1844 2481 affeetu
1869 2437 1985 2482 limi-

154 2491 214 2537 lia.
239 2490 557 2555 symptomata,
578 2491 755 2553 dysuria
775 2525 787 2544 ,
807 2492 938 2538 dolor
963 2492 1011 2538 in
1031 2493 1257 2539 erectione
1277 2527 1290 2545 ,
1316 2495 1434 2558 puris
1465 2495 1645 2543 effluxus
1676 2504 1762 2545 &c.
1799 2501 1985 2563 perinde

155 2572 355 2619 urgeant.
386 2559 596 2602 Errorem
624 2572 773 2602 tamen
800 2556 953 2602 licebit
981 2556 1174 2620 effugere
1193 2592 1204 2609 ‚
1232 2557 1260 2602 fi
1284 2559 1538 2606 attendatur
1574 2570 1633 2606 10.
1668 2567 1719 2607 In
1751 2564 1986 2612 ulcusculis

156 2620 343 2678 internis
366 2636 571 2667 extremae
594 2621 782 2667 urethrae
805 2639 882 2684 pus
916 2620 1087 2686 parcius
1117 2621 1296 2668 effluere
1325 2624 1458 2686 quam
1490 2626 1536 2670 in
1567 2628 1837 2688 gonorrhoea
1868 2648 1879 2680 ς
1918 2637 1981 2676 20.

159 2685 383 2731 Dolorem
411 2701 515 2730 tunc
545 2703 637 2730 non
658 2685 706 2730 in
727 2687 917 2749 perinaeo
938 2703 985 2731 ut
1005 2687 1051 2732 in
1086 2686 1358 2749 gonorrlioea
1390 2688 1621 2752 persentiri
1647 2693 1694 2736 in
1726 2694 1951 2741 crestione
1969 2727 1983 2747 ,

153 2749 234 2795 sed
259 2750 304 2793 in
325 2766 526 2796 extremo
548 2750 645 2795 cole
664 2768 675 2802 3
702 2759 761 2812 3⁰.
796 2750 978 2796 Doloris
999 2757 1044 2797 ὃ(
1063 2751 1256 2816 proinde
1276 2752 1424 2797 morbi
1453 2754 1602 2800 sedem
1627 2756 1681 2802 ab
1700 2756 1794 2820 ipso
1816 2775 1980 2821 aegroto

163 2814 426 2877 plerumque
458 2813 643 2859 indicari
672 2815 726 2859 ad
765 2815 960 2861 radicem
995 2816 1198 2878 glandis,
1231 2826 1299 2872 40.
1328 2817 1425 2863 Imo
1453 2819 1572 2882 posse
1603 2821 1840 2867 commode
1862 2823 1983 2868 ulcus

160 2877 302 2941 ipsum
333 2878 555 2938 explorari
574 2878 647 2923 vel
668 2878 761 2924 solo
782 2882 896 2923 tactu
923 2879 953 2923 si
979 2879 1189 2926 callosum
1212 2878 1262 2925 sit
1278 2913 1290 2932 ,
1311 2881 1381 2927 vel
1405 2880 1558 2930 saltem
1578 2884 1759 2948 specillo
1783 2902 1858 2930 aut
1876 2905 1982 2933 can-2

161 2941 262 2989 dela
282 2941 408 2987 cerea
427 2942 473 2986 in
493 2942 720 2988 urethram
740 2942 947 2987 immissa.

221 3008 443 3069 Prognofis.
482 3014 542 3049 1⁰.
575 3005 814 3051 Ulcuscula
831 3022 1023 3052 venerea
1050 3006 1245 3071 benigna
1264 3041 1276 3061 ,
1302 3024 1541 3074 utcumque
1568 3011 1846 3058 contumacia
1868 3013 1977 3066 sint,

157 3087 213 3117 ex
237 3069 278 3115 se
304 3086 450 3115 tamen
480 3069 678 3133 periculo
709 3086 866 3116 vacant
885 3104 897 3122 ,
920 3070 1020 3115 cum
1041 3088 1090 3117 ea
1108 3071 1227 3120 labes
1247 3107 1260 3126 ,
1288 3092 1420 3138 quam
1445 3076 1642 3140 partibus
1675 3075 1901 3131 inferunt,
1931 3085 1983 3125 &-

161 3134 317 3196 exigua
336 3134 385 3179 sir
403 3169 414 3186 ,
438 3140 481 3180 &
504 3135 710 3181 remediis
730 3135 884 3200 sponte
903 3136 1051 3182 obvia.

219 3207 283 3245 200
314 3202 375 3247 At
400 3200 509 3248 vero
526 3201 679 3265 gravia
711 3206 756 3248 &
779 3200 1026 3267 periculosa
1049 3200 1147 3255 sunt
1163 3237 1178 3262 ,
1203 3202 1379 3270 quoties
1405 3204 1526 3269 plura
1543 3238 1558 3262 2
1585 3206 1783 3254 conserta
1800 3243 1813 3262 ,
1847 3210 1978 3271 maii-⁴

1699 3277 1762 3319 11

2075 1034 2266 1085 Diagnofis

2038 1087 2127 1123 caus
2124 1099 2229 1125 arum

2040 1139 2171 1177 morbi.

2067 1991 2266 2045 Diagizofit}

2033 2044 2263 2082 differentia-

2033 2110 2115 2135 rum
2125 2098 2260 2137 morbi.

2060 3033 2256 3086 Prognoi'is

2021 3083 2234 3124 ulcusculo-

2024 3149 2104 3175 tum
2138 3152 2250 3180 vene!

2021 3202 2189 3230 reorum.
