2477 3643
418 137 515 185 424
801 118 907 163 DE
974 111 1928 162 MORBIsVENEREIffi

419 202 528 251 volo
548 202 796 246 Germanos
818 198 985 261 aliquot
1007 195 1214 242 Medicos
1231 227 1244 245 ,
1277 210 1470 256 quorum
1499 208 1649 239 extant
1685 193 1910 259 Opuscula
1931 193 2272 258 quaedam.anti.,³

421 266 622 331 qniffima
642 264 699 311 de
716 264 891 310 Morbis
911 261 1114 309 venereis
1128 293 1140 311 ,
1161 273 1208 303 ut
1227 260 1448 310 Ioannem
1469 258 1739 305 Weidmann
1756 294 1768 312 ,
1787 260 2017 307 Simonem
2030 262 2272 316 Pistoremt

402 390 404 395 ,
424 331 678 380 Mai-tinum
700 328 954 375 Policliium
974 361 986 378 ,
1004 323 1248 386 Iosephum
1270 321 1662 370 Grundbeckium.
1692 326 1876 371 Constat
1897 325 2016 372 enim
2041 327 2143 372 artis
2166 345 2268 375 me.

426 397 537 445 dicae
566 394 825 442 tirocinium
850 392 903 438 ab
926 392 1011 436 illis
1039 389 1228 454 positum
1250 386 1377 433 fuisse
1407 388 1454 432 in
1488 388 1744 436 Academiis
1769 390 1904 437 Italiae
1922 425 1933 443 ,
1954 408 2001 436 ac
2025 388 2269 455 praesertim

431 464 479 511 in
503 460 712 510 Patavina
727 493 737 510 ‚
759 457 878 504 unde
897 456 1085 519 primam
1104 452 1340 499 hauserunt
1358 452 1576 499 horumce
1596 455 1861 501 morborum
1884 455 2106 502 notitiam.

494 533 513 574 Ι
533 533 550 573 Ι
571 531 604 571 Ι.
633 524 810 572 Deinde
842 538 1082 567 veneream
1107 519 1227 565 luem
1247 519 1294 563 in
1314 517 1550 581 Hispanias
1571 518 1821 583 Galliasque
1850 521 1976 567 citius
1996 521 2274 586 prorupiffe‚'

433 592 568 658 quam
588 591 635 636 in
654 589 784 635 ullam
815 602 1073 633 caeterarum
1094 589 1279 648 Europae
1303 583 1536 646 regionum
1554 617 1566 635 ,
1598 582 1699 629 cum
1737 585 1922 650 Hispani
1941 587 2148 650 Gallique
2165 590 2272 633 Me-

436 658 525 706 dici
553 657 644 720 post
674 653 807 699 Italos
844 650 1130 715 antiquissimi
1166 649 1248 695 sint
1277 653 1598 714 Europaeorum
1630 682 1646 702 ,
1676 650 1754 713 qui
1787 650 1843 697 de
1876 651 2046 698 morbis
2073 652 2274 700 venereis

440 719 737 771 dilleruerint.
1160 734 1178 745 *

506 792 519 832 1
538 792 591 830 V.
628 782 786 832 Videri
807 782 927 828 luem
952 781 1155 828 eamdem
1176 779 1222 825 in
1256 778 1464 841 Angliam
1481 810 1493 830 ,
1513 777 1803 825 Germaniam
1819 812 1831 831 ,
1854 794 2100 844 caeteraque
2121 784 2270 828 Euro-

436 870 498 917 pce
524 856 706 912 Regna,
730 866 823 912 quae
855 847 910 893 ad
941 846 1292 910 Septemtriones
1327 845 1404 890 sita
1433 842 1533 889 sunt
1548 877 1561 895 ,
1584 843 1714 890 serius
1736 843 1949 908 inepfiffe
1969 880 1982 899 ,
2003 845 2104 892 cum
2123 864 2174 893 ex
2190 847 2278 893 illis

439 914 699 980 regionibus
732 913 980 977 Scriptores
999 945 1011 964 ,
1041 911 1065 957 a
1087 911 1246 975 quibus
1276 911 1362 956 hoc
1392 926 1707 973 argumentum
1737 912 1969 956 trastarum
1999 910 2048 956 fit
2067 945 2080 964 ,
2109 911 2275 958 tardius

439 980 707 1048 prodierint.
2256 1017 2261 1023 ,

508 1052 561 1094 V.
595 1043 817 1096 Demum,
847 1042 924 1105 qui
956 1041 1012 1088 de
1051 1039 1227 1086 Morbis
1259 1039 1464 1086 venereis
1488 1038 1694 1103 speciales
1721 1042 1952 1087 Trazstatus
1985 1039 2277 1105 scripserint,‘

442 1129 633 1160 numero
653 1109 798 1174 plures
819 1108 903 1154 effe
918 1142 930 1160 ,
950 1105 978 1151 s1
1000 1108 1166 1153 Pestem
1186 1112 1229 1152 &
1249 1106 1433 1152 Febrem
1455 1104 1788 1169 pestilentialem
1806 1105 1996 1169 excipias
2011 1139 2023 1157 ‚
2041 1105 2176 1169 quam
2191 1105 2270 1166 qui

444 1178 501 1224 de
530 1176 619 1223 ulla
637 1174 718 1221 alia
737 1172 891 1237 quavis
909 1172 1172 1235 aegritudine
1191 1205 1204 1223 ,
1218 1171 1353 1217 etiam
1373 1170 1427 1216 ab
1447 1170 1572 1215 omni
1590 1188 1684 1216 aevo
1706 1168 1912 1233 cognita:
1933 1174 2097 1233 Neque
2114 1170 2279 1218 mirum

444 1242 595 1289 videri
614 1241 714 1287 cum
737 1239 760 1285 εὶ
782 1239 928 1303 primo
951 1236 1189 1282 invasionis
1208 1251 1409 1300 tempore
1430 1235 1573 1281 nullus
1591 1235 1701 1282 alter
1736 1235 1920 1281 morbus
1942 1235 2140 1282 extiterit
2160 1270 2173 1288 ,
2193 1236 2273 1299 qui

447 1306 729 1372 frequentior
748 1339 758 1357 ,
778 1303 957 1367 gravior
978 1299 1294 1365 difficiliorque
1312 1300 1448 1347 fuerit
1462 1334 1474 1353 ‚
1496 1316 1628 1364 atque
1648 1300 1760 1347 adeb
1775 1300 1956 1364 dignior
1972 1301 2101 1346 studii
2121 1301 2278 1346 Medi-

167 1403 188 1450 ἴ(
203 1408 248 1454 a)
268 1404 310 1439 In
325 1399 411 1440 His,
451 1390 611 1420 corum
632 1370 852 1417 materies.
882 1367 1150 1432 Epiphanius
1168 1366 1470 1412 Ferdinandus
1487 1370 1571 1425 jam
1598 1382 1722 1411 aetate
1755 1365 1827 1410 sua
1842 1399 1854 1418 ,
1881 1369 1957 1425 (a)
1982 1365 2066 1410 hoc
2083 1367 2142 1412 est
2162 1365 2281 1412 circa

172 1458 275 1493 tonis
302 1457 388 1490 Me-

172 1510 240 1546 dic,
255 1508 386 1558 Histor-

172 1575 240 1612 μγ.

456 1456 618 1487 annum
646 1443 780 1481 1620.
799 1434 1027 1496 offitoginta
1046 1434 1257 1478 Auc‘tores
1278 1430 1532 1478 recensebat
1549 1434 1625 1493 qui
1646 1431 1700 1477 cle
1726 1430 1902 1476 Morbis
1925 1430 2125 1476 venereis
2144 1429 2281 1477 diffe-

456 1505 652 1554 ruisl'ent.
683 1499 779 1564 Ipse
798 1517 914 1545 nunc
934 1498 1080 1562 plures
1112 1496 1221 1542 novi
1243 1496 1376 1559 quam
1407 1511 1586 1541 centum
1611 1495 1885 1559 septuaginta
1919 1496 2116 1558 quinque
2137 1495 2184 1540 in
2215 1494 2281 1542 se..

458 1567 697 1636 quentibus
734 1564 1000 1610 nominatim
1033 1562 1358 1610 enumerandos
1378 1580 1389 1616 3
1413 1578 1557 1625 neque
1584 1576 1732 1608 tamen
1753 1559 1934 1608 confido
1964 1561 2167 1607 omnium
2197 1578 2285 1616 no·-⁴

459 1637 607 1684 titiam
637 1629 852 1678 habuisset¹

723 1846 1111 1894 SECULUM
1160 1843 1552 1888 DECIMUM
1601 1842 2020 1899 QU1NTUM.

605 1967 623 2008 1
643 1982 671 2009 D
686 1982 708 2010 E
723 1981 753 2009 N
772 1982 797 2009 T
816 1981 844 2010 u
862 1981 894 2009 n
928 1962 1080 2008 omnia
1099 1959 1250 2025 primis
1267 1958 1567 2005 luis-venereae
1585 1957 1863 2022 temporibus
1880 1991 1892 2010 ,
1908 1972 2097 2004 exeunte
2112 1955 2282 2008 scilicet

606 2027 754 2075 seculo
798 2028 973 2072 decimo
1004 2026 1161 2088 quinto
1199 2029 1243 2069 &
1274 2025 1458 2069 ineunte
1502 2023 1679 2068 decimo
1710 2023 1832 2069 sexto
1866 2056 1879 2074 ,
1908 2023 2156 2069 novitatem
2186 2037 2282 2069 tum

450 2090 602 2137 morbi
618 2128 630 2145 ‚
648 2109 741 2139 tum
761 2090 964 2138 methodi
985 2089 1147 2138 morbo
1165 2087 1375 2133 medendi
1396 2087 1536 2150 palam
1553 2088 1741 2133 attestari
1755 2121 1767 2138 ,
1785 2087 1961 2132 theoria
1978 2103 2139 2149 nempe
2154 2119 2166 2138 ‚
2185 2103 2283 2148 quae

451 2155 591 2202 dubia
618 2174 710 2203 erat
727 2191 739 2209 ‚
760 2158 929 2202 incerta
945 2189 956 2206 ‚
993 2150 1188 2203 discors,
1213 2153 1438 2215 therapeia
1453 2184 1465 2203 ‚
1495 2169 1588 2214 quae
1608 2150 1744 2196 infida
1764 2185 1776 2204 ‚
1799 2151 1912 2197 male
1936 2166 2028 2196 tuta
2047 2184 2059 2203 ,
2088 2168 2284 2196 temera-

453 2221 519 2265 tia
546 2241 558 2274 ·,
588 2221 754 2268 summa
784 2219 1064 2266 medentium
1090 2216 1298 2263 titubatio
1327 2250 1338 2268 ‚
1370 2221 1414 2262 &
1445 2218 1756 2279 aegrotantium
1789 2214 2036 2262 diffidentia
2062 2233 2074 2268 3
2102 2214 2285 2263 demum

453 2288 723 2348 Agyrtarum
748 2292 791 2332 a&
819 2285 1144 2349 Empiricorum
1163 2281 1393 2328 celebritas
1424 2285 1468 2326 ὃς
1504 2281 1778 2344 arrogantia,
1809 2298 1855 2327 ut
1878 2281 1955 2344 qui
1977 2280 2211 2341 justarione
2235 2285 2284 2326 δε

451 2350 612 2399 favore
649 2351 847 2416 populari
875 2367 1118 2412 numquam
1147 2347 1285 2409 magis
1315 2347 1489 2392 valeant
1522 2380 1534 2397 ‚
1564 2345 1825 2393 insolentius
1858 2363 2101 2408 numquam
2128 2344 2283 2408 super-

452 2415 581 2461 biant
595 2451 607 2470 ‚
623 2417 679 2463 de
699 2416 743 2462 se
762 2413 1114 2478 magnificentius
1134 2430 1376 2475 numquam
1395 2410 1582 2457 sentiant
1599 2445 1610 2464 ,
1626 2412 1760 2474 quam
1779 2411 1859 2457 ubi
1872 2411 2011 2457 dostis
2025 2444 2038 2463 ,
2052 2410 2254 2475 providis
2268 2442 2286 2464 ,

458 2483 599 2528 cautis
619 2488 664 2528 &
685 2481 759 2527 usu
790 2480 941 2545 peritis
963 2478 1154 2525 Medicis
1171 2495 1282 2540 aqua
1301 2478 1437 2523 haeret
1453 2476 1661 2522 maxime.

523 2551 558 2591 Ι.
588 2550 718 2593 Tunc
752 2546 851 2591 sane
883 2544 1170 2606 ignorabatur
1194 2541 1342 2587 morbi
1376 2557 1531 2587 natura
1549 2575 1560 2594 ‚
1581 2559 1716 2605 quem
1745 2540 1980 2589 censebant
2007 2541 2082 2588 alii
2116 2557 2285 2587 novum

459 2611 545 2658 effe
567 2617 613 2658 δέ
634 2611 858 2658 veteribus
882 2609 1073 2655 Medicis
1106 2607 1413 2670 incognitum3
1434 2623 1567 2669 quem
1599 2607 1672 2652 alii
1697 2607 1852 2652 contra
1879 2606 2210 2653 contendebant
2229 2606 2287 2652 ab

461 2678 587 2722 omni
607 2694 700 2722 aevo
723 2681 768 2722 &
795 2672 937 2720 visum
957 2681 1002 2720 ἃ
1029 2672 1316 2719 observatum
1343 2670 1467 2717 fuisse
1487 2705 1498 2723 ‚
1519 2670 1592 2717 sed
1611 2672 1656 2716 in
1676 2690 1732 2717 eo
1756 2673 1909 2735 parum
1927 2671 2074 2719 secum
2094 2689 2288 2717 concor-

461 2741 541 2787 des
559 2775 571 2793 ,
594 2741 715 2804 qubd
740 2739 1015 2804 disputarent
1034 2738 1089 2783 ad
1116 2737 1345 2800 quodnam
1365 2736 1510 2781 morbi
1536 2753 1672 2799 gen-us
1691 2770 1702 2788 ,
1733 2753 1785 2781 an
1816 2738 1871 2783 ad
1894 2738 2062 2801 lepram
2091 2736 2165 2782 seu
2191 2736 2290 2791 ele-ff

460 2804 722 2871 phantiasim
743 2839 753 2856 ‚
774 2804 1084 2868 impetiginem
1118 2800 1369 2848 liclienasne
1396 2799 1654 2847 referendus
1675 2800 1792 2847 esser.

528 2875 596 2916 ΙΙ.
627 2869 918 2933 Ignorabatur
936 2867 1085 2913 morbi
1112 2867 1408 2929 causa,quam
1443 2865 1551 2911 varii
1582 2866 1708 2911 variev
1729 2865 1997 2912 arcessebant
2026 2865 2080 2912 ab
2111 2866 2284 2912 influxu

463 2935 672 2996 syderum
690 2969 702 2987 ,
735 2935 757 2980 a
786 2932 985 2999 pluviosa
1019 2938 1062 2978 δέ
1090 2931 1274 2979 humida
1296 2932 1408 2977 aeris
1426 2930 1717 2995 intemperie,
1740 2930 1762 2976 ὰ
1793 2948 1921 2978 carne
1942 2931 2133 2977 humana
2163 2931 2287 2976 mili-

464 3000 583 3045 tibus
611 3000 656 3044 in
678 3017 894 3046 annonam
915 2998 1119 3063 praebita,
1140 2998 1195 3043 ab
1225 2996 1635 3060 elephanti-acorum
1666 2995 1876 3059 sanguine
1909 3014 2010 3042 cum
2034 2997 2140 3042 vino
2172 3011 2281 3040 con-

462 3064 562 3111 fuso
582 3099 591 3116 ‚
607 3065 631 3108 a
655 3066 887 3110 meretrice
911 3082 1006 3127 quae
1038 3062 1209 3126 leproso
1229 3062 1404 3107 cuidam
1439 3060 1502 3106 sui
1527 3062 1701 3125 copiam
1718 3061 1862 3124 pretio
1882 3060 2049 3108 fecerat
2068 3079 2078 3113 ·,
2099 3057 2281 3105 demum

465 3130 492 3176 a
519 3129 815 3176 contubernio
836 3163 846 3180 ,
865 3129 988 3190 quod
1017 3127 1204 3190 Hispani
1238 3126 1398 3173 milites
1423 3142 1653 3188 nautaeque
1672 3143 1772 3171 cum
1802 3125 2000 3171 barbaris
2022 3121 2285 3170 mulieribus

467 3194 678 3244 insolenti
706 3194 756 3244 ea
774 3194 846 3242 lue
862 3192 1036 3241 infectis
1054 3192 1303 3241 habuerant
1322 3192 1370 3240 in
1388 3190 1530 3239 Insula
1545 3189 1822 3256 Hispaniola.

1845 3257 1865 3300 1
1884 3254 1956 3298 11.
1990 3248 2287 3314 Ignorabatur
