2477 3643
559 107 822 158 Lmen
887 110 1456 161 VLSacuruM
1521 119 1755 168 XVII.
1956 129 2044 194 §25

223 190 430 238 &incendus
459 191 656 248 Corteslus
687 188 914 234 earumdem
932 202 1211 254 expugnator,
1237 191 1420 256 qubdque
1450 196 1531 258 post
1556 199 1776 247 adventum
1794 204 1913 261 ficum
1946 223 2046 253 non-

223 256 319 301 dum
339 254 486 301 ibidem
501 255 697 314 enotnisfi’t
715 292 728 306 ,
737 255 814 311 sed
828 252 868 297 eb
889 254 1106 301 adveHam
1125 258 1226 301 luem
1246 275 1331 302 cum
1352 260 1514 306 eAEthio
1546 280 1564 307 e
1582 300 1597 315 ‚
1619 270 1821 330 mancipio
1843 272 2042 335 Pamphi.

218 319 253 365 li
284 319 332 364 de
364 323 581 366 Narvaez
600 357 614 372 ,
639 321 709 381 qni
725 315 833 380 furt&
865 334 997 364 recens
1019 318 1072 365 ab
1102 319 1241 384 obfi’fflt
1259 326 1464 387 Neapolis
1491 326 1532 372 e'o
1568 330 1782 392 appulerat
1802 369 1817 385 ,
1829 333 2040 398 ficumque

227 386 440 430 attulerat.
1131 419 1135 422 >

290 452 351 493 At
377 448 484 494 verb
502 446 790 493 Helmontius
809 446 854 491 in
881 464 1034 493 errore
1051 447 1249 496 versatur
1277 450 1472 501 maximo
1490 489 1503 508 ,
1526 471 1672 520 neque
1699 475 1790 504 uno
1811 458 2041 509 dumtaxat

217 512 404 560 nomine
431 532 440 558 :
471 516 591 560 Nam
619 521 677 557 10.
711 516 880 558 Demus
899 512 1016 558 luem
1036 529 1273 561 veneream
1292 550 1304 567 ‚
1333 533 1380 562 ut
1410 519 1485 567 ille
1517 538 1668 585 putat,
1687 541 1790 570 ante
1820 525 2041 591 AEthiopis

217 577 335 624 illius
355 577 595 624 adventum
613 611 625 629 ,
647 578 723 641 qni
748 577 1018 641 mancipium
1047 594 1142 624 erat
1160 581 1380 645 Pamphili
1399 584 1454 631 de
1480 588 1813 650 Narvaez‘jnffu
1830 595 1876 636 δε
1897 590 2041 655 auspi..

219 642 298 688 ciis
316 643 475 694 Jacobi
502 642 556 688 de
575 643 819 705 Velasquez
848 660 969 688 arma
992 642 1038 688 in
1057 644 1308 691 Cortesium
1336 651 1559 697 moventis
1588 645 1707 698 anno
1732 671 1866 717 1519·
1897 654 2040 703 visam

217 707 421 752 nondum
445 707 571 753 fuiss'e
596 708 640 752 in
662 707 904 753 Mexicano
922 723 1060 768 regno
1078 707 1164 754 sive
1187 710 1397 774 Hispania
1418 716 1534 762 nova
1555 749 1566 767 ‚
1592 717 1675 769 (de
1697 718 1746 764 ea
1763 719 1883 765 enim
1901 722 2039 768 Ame-

215 771 316 818 ricae
337 773 519 835 regione
540 772 611 818 hic
634 772 809 836 quaestio
825 773 900 817 est.
922 771 1078 828 >Quid
1104 773 1210 820 inde
1232 793 1368 838 porro
1387 791 1399 824 ἒ
1432 784 1501 826 An
1525 780 1628 826 ideo
1652 780 1810 829 falsum
1835 783 2038 833 futurum

213 837 274 883 est
301 837 421 882 luem
451 855 686 884 veneream
712 838 759 882 in
779 835 920 882 Insula
942 836 1065 881 Haiti
1086 836 1171 885 sive
1191 839 1449 904 Hispaniolfi
1472 878 1484 896 ‚
1508 862 1599 908 quae
1630 863 1748 893 nunc
1776 849 1921 896 Sansti
1941 854 2040 897 Do-

214 902 373 947 minici
395 902 560 948 dicitur
576 936 588 955 ‚
616 899 856 965 antiquitus
876 901 1128 947 endemiam
1146 905 1221 955 J&
1239 904 1409 952 ibidem
1424 908 1476 954 ab
1499 910 1707 975 Hispanis
1723 908 1799 958 usu
1818 914 1882 959 rei
1901 930 2038 962 vene-

211 983 296 1013 rea:
327 985 427 1012 cum
448 968 669 1030 indigenis
690 965 947 1012 mulieribus
979 983 1241 1032 conceptam
1264 968 1388 1018 fnisse
1419 991 1534 1020 anno
1561 992 1695 1034 1492.
1721 978 1868 1041 primo
1883 978 2040 1024 Chris-

215 1030 398 1094 tophori
419 1032 634 1078 Columbi
664 1030 873 1096 appulsU,
906 1030 928 1075 εὶ
961 1031 1120 1094 quibus
1153 1033 1200 1077 in
1221 1035 1482 1099 Hispaniam
1507 1040 1704 1087 traduCta
1740 1059 1859 1088 anno
1899 1061 2038 1106 1493.

212 1095 293 1142 ubi
314 1114 431 1143 certa
456 1096 519 1142 sui
541 1097 667 1143 dedit
693 1096 860 1142 indicia
879 1130 891 1149 ‚
927 1101 971 1140 δι’
993 1113 1096 1142 cum
1116 1100 1425 1162 Neapolitanis
1454 1104 1677 1167 Gallisque
1708 1108 2040 1156 communicata

212 1160 352 1207 fuerit
385 1179 503 1207 anno
541 1174 688 1220 1494?
727 1160 1021 1222 Neutiquam.
1051 1163 1228 1208 Etenim
1250 1163 1466 1212 horumce
1494 1170 1697 1216 omnium
1732 1188 1906 1224 certos,
1932 1173 2040 1219 ido-

212 1242 322 1272 neos
339 1260 350 1278 ,
369 1227 571 1272 oculatos
592 1229 714 1272 testes
732 1259 743 1278 ,
762 1225 976 1288 omnique
996 1227 1260 1290 exceptione
1286 1234 1472 1290 majores
1492 1232 1617 1296 supra
1636 1234 1915 1289 adduximus,
1937 1237 2035 1284 Lib.

212 1306 248 1336 1.
276 1297 412 1354 Capp.
433 1311 472 1348 9.
498 1293 549 1339 ὠ
581 1309 643 1336 to.
678 1290 764 1336 Sed
787 1288 813 1334 si
837 1308 888 1335 ea
920 1307 1025 1336 vera
1055 1291 1136 1336 sint
1154 1325 1166 1343 ,
1198 1308 1245 1338 ut
1273 1295 1491 1342 verissima
1518 1297 1604 1344 effe
1637 1300 1777 1361 palam
1812 1303 1900 1354 est,
1929 1302 2040 1350 inde

211 1357 411 1402 constare
440 1355 576 1401 debet
604 1355 661 1401 de
688 1354 830 1419 prima
855 1354 934 1400 luis
957 1372 1155 1402 venerea:
1188 1357 1365 1421 origine
1387 1360 1442 1405 ab
1465 1364 1593 1408 Indiis
1613 1365 1810 1411 Occidnis
1834 1382 2040 1430 repeten-

212 1419 269 1465 da
289 1454 300 1472 ‚
333 1438 426 1466 non
447 1421 629 1483 quidem
659 1421 711 1465 ab
732 1419 945 1483 Hispania
964 1421 1083 1465 nova
1101 1454 1113 1472 ‚
1133 1421 1156 1466 a
1178 1423 1261 1485 qua
1286 1426 1512 1471 neminem
1542 1426 1632 1473 scio
1654 1429 1729 1491 qui
1751 1429 1869 1475 illam
1893 1431 2043 1478 arces-

212 1485 276 1531 sat
293 1519 306 1537 ‚
334 1485 410 1531 sed
433 1486 487 1531 ab
510 1485 652 1531 Insula
674 1485 801 1530 Haiti
823 1483 909 1530 five
932 1483 1192 1549 Hispaniolzi
1210 1520 1223 1539 ,
1255 1489 1326 1533 cni
1347 1507 1502 1536 omnes
1523 1510 1611 1538 uno
1633 1511 1712 1539 ore
1735 1495 1938 1541 eamdem
1964 1514 2041 1542 ac-

212 1566 386 1614 ceptam
424 1549 637 1596 referunt.
668 1549 865 1596 Proinde
897 1549 1102 1596 concessa
1128 1551 1263 1597 etiam
1285 1554 1540 1600 Helmontii
1565 1556 1814 1621 sumptione
1834 1593 1845 1611 ,
1876 1577 2040 1624 nempe

209 1615 332 1662 luem
351 1632 589 1662 veneream
619 1632 736 1660 anno
758 1614 927 1659 tantum
954 1632 967 1659 1
986 1634 1000 1676 ς
1019 1632 1088 1672 19.
1119 1615 1310 1679 primum
1339 1619 1385 1664 in
1405 1619 1616 1684 Hispania
1639 1622 1754 1668 nova
1772 1623 1908 1670 visam
1923 1625 2038 1670 fuis-

212 1679 257 1726 se
277 1713 290 1732 ,
321 1685 365 1725 δέ
388 1680 490 1725 illuc
526 1680 579 1726 ab
599 1680 808 1743 AEthiope
836 1679 1034 1742 quodam
1053 1713 1064 1732 ,
1095 1682 1312 1745 Pamphili
1338 1684 1393 1730 de
1416 1688 1622 1732 Narvaez
1649 1688 1872 1751 mancipio
1892 1723 1904 1741 ,
1930 1690 2036 1736 alibi

212 1744 361 1790 ubivis
386 1744 614 1791 videbitur
642 1744 810 1791 infecto
837 1744 1028 1790 delatam
1045 1778 1057 1796 ,
1086 1746 1173 1791 ruit
1200 1762 1348 1794 tamen
1369 1749 1565 1808 ejusdem
1587 1751 1818 1816 assumptio
1836 1787 1849 1805 ,
1870 1753 2037 1801 scilicet

211 1809 331 1856 luem
357 1809 477 1855 illam
503 1810 555 1855 ab
577 1808 721 1857 Insula
753 1809 878 1855 Haiti
900 1809 988 1856 sive
1005 1808 1267 1876 Hispaniola
1295 1813 1428 1878 longe
1459 1815 1584 1868 ante,
1606 1833 1656 1861 ac
1682 1835 1800 1862 anno
1825 1835 1960 1880 1493.
1989 1821 2036 1868 in

212 1878 436 1939 Europam
460 1893 552 1920 non
580 1872 806 1920 admistam
828 1874 968 1920 fuisse.

280 1945 342 1984 2⁰.
374 1939 541 1985 Verum
566 1941 686 1986 enim
717 1939 825 1984 verb
851 1939 1051 1985 concidit
1083 1939 1242 1986 certius
1270 1942 1426 1988 eadem
1460 1943 1747 1996 consecutio,
1780 1944 1809 1989 fi
1843 1944 2036 2010 sumptio

209 2002 304 2068 ipsa
321 2037 333 2054 ‚
360 2004 446 2067 qua
469 2005 626 2051 nititur
642 2038 654 2056 ,
675 2002 782 2049 falsa
803 2003 851 2048 sit
870 2037 883 2055 ‚
912 2020 960 2048 ut
985 2003 1137 2050 falsam
1161 2004 1244 2052 esse
1262 2006 1487 2053 manifeste
1520 2009 1674 2072 liquet.
1701 2011 1884 2055 Constat
1913 2012 2035 2058 enim

211 2068 470 2133 AEthiopem
489 2069 641 2120 illum,
664 2067 882 2131 Pamphili
913 2068 968 2114 de
1000 2072 1210 2116 Narvaez
1244 2072 1515 2136 mancipium
1537 2105 1549 2124 ‚
1586 2091 1679 2118 non
1711 2074 1902 2120 venerea
1930 2075 2001 2121 lue
2019 2110 2034 2129 ,

211 2133 290 2179 sed
323 2133 502 2179 variolis
535 2132 823 2184 laboravisse,
845 2149 976 2195 atque
1007 2133 1118 2180 adeo
1138 2152 1230 2179 non
1251 2153 1484 2181 veneream
1514 2137 1632 2183 luem
1661 2136 1736 2182 sed
1766 2139 1955 2184 var-iolas
1986 2141 2035 2186 in

161 2237 165 2239 -
211 2198 538 2262 Zempoalanos
556 2232 567 2249 ‚
596 2198 674 2243 ubi
694 2201 904 2243 Narvaez
932 2199 1063 2243 castra
1090 2198 1339 2244 metabatur
1359 2233 1372 2250 ,
1398 2206 1443 2245 &
1471 2200 1573 2246 hinc
1591 2201 1638 2244 in
1672 2216 1852 2247 caeteros
1872 2203 2035 2267 Hispa-

211 2263 294 2308 niae
328 2280 453 2307 novae
484 2263 651 2308 incolas
682 2260 976 2307 transfudisse.
1013 2262 1150 2319 Quod
1179 2265 1319 2325 potest
1349 2263 1482 2309 facile
1511 2264 1637 2327 argui
1657 2283 1710 2311 ex
1736 2266 1885 2312 morbi
1905 2267 2035 2332 ipsius

211 2326 513 2391 descriptione
539 2327 655 2389 apud
675 2325 921 2371 Historicos
951 2331 962 2382 (
982 2331 1037 2383 a)
1073 2342 1317 2373 coaetaneos
1340 2327 1473 2373 obvia
1492 2362 1503 2380 ‚
1526 2344 1574 2374 ut
1596 2346 1757 2391 nempe
1790 2331 1867 2394 qui
1898 2333 2037 2380 celeri

209 2391 531 2457 propagatione
552 2391 747 2451 serperet
767 2404 901 2450 atque
923 2389 1035 2436 adeo
1054 2390 1101 2436 in
1120 2390 1277 2436 distans
1297 2414 1308 2445 ς
1328 2393 1404 2455 qui
1424 2392 1693 2457 periculosus
1707 2427 1720 2446 ,
1739 2395 1886 2454 gravis
1901 2430 1913 2448 ‚
1933 2415 2039 2443 acu-

210 2472 312 2509 tus,
342 2455 550 2502 mortifer
576 2455 708 2508 esset3
736 2472 827 2517 quo
862 2453 1039 2516 plurimi
1072 2454 1323 2520 consumpti
1345 2457 1425 2502 sint
1459 2457 1587 2503 brevi
1618 2461 1830 2522 temporis
1865 2459 2002 2525 spatio
2022 2482 2048 2516 ς’

211 2521 290 2585 qui
315 2519 525 2567 febrilem
543 2522 686 2566 aestum
707 2519 998 2571 accenderet,
1019 2524 1138 2581 cujus
1156 2521 1432 2585 impatientia
1460 2520 1549 2568 sese
1570 2523 1615 2568 in
1637 2522 1795 2570 fluvios
1826 2526 1927 2571 Indi
1958 2527 2039 2574 de-

214 2586 456 2632 mittebant
481 2585 760 2650 temperandi
780 2583 907 2628 nimii
928 2583 1119 2630 fervoris
1143 2586 1295 2638 causa,
1317 2586 1339 2631 εὶ
1361 2604 1450 2649 quo
1469 2586 1684 2649 perfuncti
1705 2586 1836 2633 foedis
1856 2590 2038 2636 cicatri-

214 2650 339 2697 cibus
367 2651 710 2714 deturparentur
730 2683 742 2700 ‚
770 2649 1005 2712 propterea
1031 2649 1153 2712 quod
1173 2650 1339 2696 incauti
1368 2651 1616 2714 prurientes
1644 2652 1828 2715 pustulas
1855 2654 2037 2700 derasis-

212 2714 310 2762 sent
332 2715 553 2779 unguibus
572 2734 583 2768 3
605 2731 699 2778 quae
717 2713 883 2776 singula
896 2714 949 2770 ‚in
968 2715 1158 2761 variolas
1177 2715 1359 2778 quidem
1378 2716 1546 2780 optime
1564 2749 1576 2768 ‚
1592 2716 1640 2762 in
1662 2716 1779 2764 luem
1798 2735 2036 2767 veneream

211 2780 324 2827 verb
345 2781 528 2826 minime
549 2814 561 2832 ,
582 2779 874 2826 conveniunt.

275 2844 364 2892 Sed
385 2846 521 2908 porro
548 2845 658 2909 quid
685 2861 795 2907 opus
820 2844 878 2889 est
903 2843 1128 2905 conjicere
1153 2844 1201 2889 in
1226 2861 1274 2890 re
1299 2843 1527 2890 manifesta
1549 2849 1594 2891 δε
1619 2845 1881 2910 apertissima
1899 2882 1912 2900 ,
1934 2847 2038 2897 cum

208 2972 376 3010 Ramufii
405 2972 530 3009 Italic&
559 2972 713 3009 redditae.
746 2973 882 3008 Narrat
912 2971 977 3006 Ille
1008 2971 1041 3007 in
1073 2972 1186 3023 primii
1214 2986 1339 3009 earum
1370 2986 1449 3025 quae
1482 2973 1694 3027 superfuit,
1725 2988 1804 3025 quae
1828 2975 1951 3011 ordine
1981 2976 2039 3013 se-

210 3025 329 3064 cunda
353 3037 429 3060 erat
447 3051 457 3067 ,
484 3025 602 3060 exitus
632 3026 745 3061 civilis
774 3024 951 3073 be³1iqt1o
977 3021 994 3059 a
1017 3024 1207 3071 Pamphilo
1238 3025 1279 3060 de
1299 3028 1469 3063 Narva‘z
1498 3025 1673 3063 Iaccffitus
1701 3025 1769 3063 fuit
1787 3055 1798 3070 ‚
1825 3027 1878 3062 sed
1909 3041 1969 3064 nec
1995 3030 2040 3066 de

213 3077 388 3126 AEzliiope
408 3076 468 3111 5130
490 3103 500 3119 ,
530 3077 592 3126 qui
616 3076 796 3127 Pamphili
816 3075 1030 3124 mancipium
1060 3076 1129 3111 fuit
1149 3103 1159 3120 ,
1182 3090 1241 3112 nec
1258 3077 1301 3113 de
1319 3078 1537 3127 conxagione
1552 3091 1664 3130 quam
1685 3077 1742 3114 liic
1772 3078 1802 3113 iu
1826 3082 2042 3130 Zempoala-

216 3142 283 3166 nos
297 3124 473 3165 induxiss‘e
489 3127 636 3170 dicitur,
655 3141 714 3164 nec
735 3128 774 3162 de
794 3127 889 3164 ιπονῖι
905 3127 975 3163 ulla
993 3127 1048 3162 lue
1065 3141 1142 3179 quae
1159 3129 1202 3164 ab
1215 3130 1385 3180 H'”panis
1405 3132 1436 3165 in
1453 3130 1636 3180 Indigenas
1651 3143 1752 3167 nova*
1770 3132 1946 3182 Hipaniae
1964 3146 2041 3171 ma-

211 3181 349 3221 naverit
364 3181 517 3221 verbum
532 3181 645 3218 ullum
660 3180 789 3219 ibidem
802 3179 903 3221 facit.
922 3179 1081 3231 Reliqua
1093 3181 1181 3220 vero
1197 3181 1358 3234 ejusdem
1375 3180 1541 3236 Epistola:
1555 3182 1597 3220 ad
1616 3183 1686 3218 alia
1700 3184 1868 3226 pertinent
1882 3187 2042 3238 negotia,

1609 3239 1746 3293 Vuu
1777 3233 1829 3300 iij

2116 2339 2196 2387 (a)
2230 2338 2312 2388 Via,

2078 2391 2194 2443 infr&-
