2477 3643
551 128 973 175 LinzrtVI.
1040 127 1407 174 Sncutum
1471 132 1759 180 XVIII.
1919 135 2020 200 559(

186 220 282 263 tum
306 210 391 259 alte
415 207 670 260 dissimulari
698 206 752 254 ab
773 208 825 254 iis
841 241 854 261 ,
872 226 1065 272 quorum
1082 210 1263 258 interest
1284 207 1442 263 Caroli
1457 207 1690 257 Barbeirac
1717 213 1903 276 gloriam
1923 213 2014 262 sat-

190 293 282 327 tam
302 276 432 323 tueri.

255 341 441 389 Interim
481 354 666 384 caveant
691 339 898 385 Lectores
923 355 976 385 ne
1000 337 1264 385 Barbeiracii
1293 337 1553 385 auctor-itare
1591 354 1747 402 putent
1778 341 1833 388 ad
1855 361 2016 392 curan-

190 404 296 455 dam
327 406 445 451 luem
465 420 702 449 veneream
734 403 851 467 polle
880 404 975 448 tuto
994 403 1222 450 frictiones
1251 404 1455 468 quotidie
1474 402 1678 453 adhiberi
1699 438 1711 456 ‚
1739 409 1783 451 δε
1815 407 1871 452 ad
1902 408 2014 456 fric-

191 471 366 516 tionem
398 466 644 531 quamlibet
677 469 826 513 uncias
854 469 1050 532 quinque
1081 470 1152 516 vel
1172 467 1242 514 sex
1272 470 1488 532 unguenti
1508 467 1759 533 praescribi‚
1790 486 1834 515 ut
1861 472 1907 517 in
1926 473 2015 520 hoc

191 534 363 585 Libello
386 533 650 598 proponitur
683 538 792 597 Cap.
815 538 852 578 l.
882 537 979 578 Hac
1001 534 1118 581 enim
1140 534 1373 582 temeraria
1404 533 1626 597 therapeia
1645 551 1832 598 :egrotos
1851 536 1897 582 in
1919 556 2028 585 ma-.

191 598 396 644 nifestum
430 597 582 661 capitis
617 596 854 643 discrimen
885 598 1172 645 adducerent.
1221 603 1376 646 Fateor
1405 600 1615 664 equidem
1641 599 1688 645 id
1716 599 1824 645 olim
1856 618 1909 647 ex
1937 602 2025 658 usu,

189 661 317 711 fuisse
339 662 607 709 Barbeiracii
626 680 721 708 aevo
742 681 753 715 ·,
777 662 849 709 sed
872 663 979 709 novi
1010 682 1190 727 quoque
1218 665 1416 729 pericula
1447 665 1613 712 summa
1633 698 1644 717 ‚
1673 664 1833 728 quibus
1863 666 1909 712 id
1943 685 2015 714 re-

190 728 330 774 medii
361 744 497 791 genus
527 743 630 774 tunc
664 726 977 775 infamabatur.
1007 734 1159 794 Itaque
1196 730 1424 792 prudentis
1445 730 1638 776 Editoris
1666 728 1812 776 fuisset
1841 731 2014 795 praxim

187 796 276 854 jam
306 791 476 839 dudum
510 793 781 855 antiquatam
815 792 1088 857 supprimere
1105 827 1119 847 ,
1144 794 1217 842 vel
1249 793 1402 842 saltem
1422 813 1516 842 non
1543 794 1754 859 evulgare
1773 794 1854 841 hac
1889 812 2015 845 aetate

189 873 251 904 no
261 856 342 904 stra
361 857 450 905 fine
469 856 575 903 nota
594 856 806 905 censoria.

252 989 295 1033 D
314 1003 346 1034 Α
364 1005 393 1033 N
414 1005 428 1032 1
446 1004 467 1032 z
486 1004 508 1033 1.
547 991 587 1034 Τ
606 1005 635 1035 υ
652 1006 684 1035 R
703 1004 732 1033 N
752 1005 773 1033 E
796 1004 828 1035 R
844 1020 856 1040 ,
895 987 1063 1051 Anglus
1083 1021 1096 1040 ‚
1129 988 1153 1034 ὲ
1183 987 1393 1053 Collegio
1427 987 1713 1035 Medicorum
1745 990 2026 1040 Londinen-⁴

188 1051 296 1097 {ium
318 1086 329 1104 ,
368 1052 554 1114 Anglice
587 1051 750 1118 scripsit
785 1054 1037 1117 nuperrime
1069 1055 1326 1100 Tractatum
1358 1055 1415 1102 de
1447 1054 1625 1100 Morbis
1657 1057 1901 1110 Venereis‚
1938 1057 2011 1104 cui

187 1115 447 1182 sequentem
468 1117 805 1180 inscriptionem
826 1117 1023 1180 praefixit.

322 1186 409 1243 (a)
448 1188 480 1227 S
486 1183 643 1246 iphylis.
667 1189 713 1229 A
731 1185 935 1245 praHical
963 1185 1230 1243 Diffirtation
1249 1199 1297 1227 on
1323 1182 1389 1228 the
1417 1186 1608 1230 venerea!
1634 1186 1802 1246 Disbase
1820 1224 1835 1240 ,
1865 1191 1907 1233 in
1936 1160 2029 1235 two¹

405 1261 554 1310 parts,
589 1248 793 1299 Lvndw,
841 1263 956 1307 ¹732·
1001 1265 1043 1292 m
1070 1249 1129 1293 8⁰.
1174 1251 1277 1292 Hoc
1317 1249 1375 1294 est
1409 1251 1591 1314 Syphtlz's
1613 1289 1626 1303 ‚
1652 1253 1745 1308 five
1776 1253 2012 1312 Dtffirtatio

401 1313 588 1374 praffii‘ica
622 1312 670 1356 de
703 1310 861 1356 Morbo
892 1316 941 1358 V
939 1328 1103 1366 mereo,
1142 1315 1184 1357 in
1217 1313 1319 1360 duas
1351 1327 1489 1376 partes
1525 1314 1749 1374 distributa.
1785 1316 1980 1363 Londini
1997 1350 2013 1372 ,

413 1392 547 1435 1732.
589 1378 631 1420 in
666 1380 728 1420 80.

251 1437 413 1501 Agitur
444 1440 492 1485 in
520 1439 667 1502 priore
695 1438 924 1485 Tractatsis
949 1439 1066 1485 illius
1093 1455 1216 1504 parte
1245 1440 1513 1504 potiffimum
1542 1442 1599 1490 de
1631 1443 1934 1507 gonorrhoe2'i3
1965 1445 2015 1494 in

187 1504 430 1568 posteriore
462 1504 570 1550 vero
598 1504 653 1549 de
683 1508 775 1550 Lue
806 1504 1011 1551 venerea.
1051 1509 1101 1550 In
1133 1504 1320 1567 utraque
1352 1507 1408 1552 de
1441 1507 1705 1553 morborum
1738 1508 2010 1571 singulorum

184 1568 411 1631 aetiologia
442 1573 485 1614 δέ
523 1568 747 1633 [Ιιειϊιρεὶᾶ
778 1568 876 1614 satis
906 1569 1083 1633 copiose
1115 1568 1370 1621 disseritur,
1403 1570 1478 1618 sed
1509 1572 1671 1619 ordine
1704 1573 1857 1636 parum
1887 1592 2014 1622 corn-

718 1632 731 1646 Α

185 1631 325 1696 posito
342 1667 354 1686 ‚
389 1633 542 1679 saltem
564 1651 654 1679 non
687 1651 738 1680 ea
768 1632 983 1679 methodo
1015 1651 1108 1696 quae
1138 1635 1280 1680 lucem
1300 1633 1454 1681 afferat
1471 1642 1514 1682 δε
1542 1654 1676 1702 quam
1695 1638 1743 1683 in
1761 1639 2025 1703 Anglorum-

187 1698 478 1744 Medicorum
498 1698 725 1761 Operibus
757 1698 1016 1761 plerumque
1049 1697 1289 1745 desiderari
1318 1700 1534 1747 dolemus.

254 1767 286 1807 Ι.
330 1762 490 1809 Statuit
522 1763 593 1807 hic
627 1764 790 1808 AuCtor
821 1780 921 1808 cum
957 1763 1199 1808 Guillelmo
1229 1762 1447 1811 Becketro
1480 1764 1506 1810 ἃ
1529 1780 1625 1830 pag.
1661 1782 1718 1812 12.
1749 1769 1808 1814 ad
1831 1783 1929 1833 pag.
1956 1772 2014 1817 18.

183 1827 518 1874 Gonorrhoeam
549 1828 813 1874 virulentam
847 1833 890 1873 &
923 1832 1060 1874 Luem
1090 1846 1328 1874 veneream
1358 1847 1459 1877 ante
1484 1848 1649 1876 annum
1683 1849 1891 1891 1494rm
1924 1837 2023 1881 Eri-⁷

187 1890 324 1955 ropa‚
356 1891 520 1937 nedum
550 1893 750 1955 ignotas,
781 1890 855 1938 sed
887 1893 1020 1956 vulgo
1049 1894 1252 1956 grassatas
1281 1893 1436 1948 fuisse3
1466 1895 1536 1940 cui
1565 1896 1771 1958 opinioni
1802 1914 1848 1942 ut
1874 1897 2011 1945 fidem

186 1955 350 2007 faciat,
379 1956 535 2003 eadem
562 1957 734 2020 profert
765 1957 1010 2002 testimonia
1029 1991 1040 2007 ‚
1068 1958 1139 2003 vel
1174 1959 1381 2021 pleraque
1410 1958 1591 2011 saltem,
1619 1977 1713 2023 quae
1740 1962 1763 2005 a
1793 1959 2012 2008 Becketto

187 2020 378 2066 adducta
397 2020 523 2084 supra
546 2020 842 2067 recensuimus
873 2021 970 2066 Lib.
990 2026 1026 2069 I.
1043 2027 1152 2085 Cap.
1171 2031 1212 2066 6.
1245 2025 1423 2086 Nempe
1460 2032 1520 2068 10.
1562 2028 1681 2070 Loca
1705 2026 1906 2088 quaedam
1929 2026 2013 2072 de·-

187 2102 395 2150 ptompta
429 2103 482 2131 ex
504 2089 665 2149 Opere
678 2084 975 2148 manuscripto
1007 2086 1191 2137 Joannis
1223 2086 1400 2133 Ardern
1424 2121 1437 2140 ‚
1471 2087 1689 2151 Chirurgi
1726 2090 1896 2152 Angli,
1932 2090 2012 2153 qui

187 2165 379 2196 exeunte
413 2149 591 2196 decimo
623 2146 783 2213 quarto
817 2149 963 2196 seculo
997 2150 1149 2196 vixiffe
1179 2150 1408 2201 creditut3
1440 2158 1485 2198 δε
1516 2170 1569 2198 ex
1601 2153 1879 2200 collectaneis
1910 2156 2011 2217 qui-

185 2212 372 2261 busdam
403 2214 624 2263 Medicis,
654 2232 747 2277 quae
776 2212 934 2276 scripta
961 2213 1172 2260 dicuntur
1190 2214 1310 2259 circa
1331 2232 1470 2261 annos
1515 2234 1650 2277 ¹390·
1682 2223 1727 2262 δε
1762 2235 1897 2276 1440.
1928 2219 2021 2272 ubi,

187 2281 238 2325 de
267 2278 412 2338 arflzrd
443 2278 530 2323 sive
563 2279 743 2324 incendio
762 2312 776 2330 ‚
810 2277 996 2339 Anglice
1028 2277 1200 2341 burnzng
1226 2276 1312 2323 five
1341 2278 1534 2341 brenning
1559 2281 1729 2326 mentio
1760 2284 1849 2335 est,
1880 2284 2008 2345 quod

187 2343 339 2390 morbi
360 2359 495 2404 genus
513 2360 678 2388 venere
699 2343 807 2387 olim
829 2341 1174 2387 contrahebatur
1191 2375 1203 2393 ‚
1229 2347 1274 2387 δε
1295 2343 1417 2405 quod
1439 2343 1542 2390 ideo
1561 2345 1719 2391 volunt
1739 2345 1861 2393 idem
1880 2346 2007 2395 fuiffe

187 2425 289 2455 cum
320 2406 592 2470 gonorrhoea
622 2405 842 2453 virulenta
858 2440 869 2456 ,
888 2424 981 2469 quae
1004 2406 1141 2452 hodie
1163 2407 1334 2470 impura
1362 2424 1524 2454 venere
1545 2410 1810 2472 concipitur.
1846 2420 1909 2458 20.
1932 2418 2008 2459 In-

189 2489 315 2535 tegra
332 2474 485 2518 statuta
504 2471 739 2534 Lupanaris
762 2470 1052 2516 Londinenfis
1067 2471 1112 2515 in
1132 2470 1606 2529 suburbiosoushwark
1618 2474 1736 2520 dicio
1756 2475 1865 2521 olim
1886 2476 2009 2541 pros-

189 2538 322 2584 tantis
337 2571 350 2590 ,
378 2553 473 2600 quoe
495 2553 610 2581 anno
636 2553 769 2594 1430.
799 2535 962 2580 sancita
982 2535 1249 2587 creduntur,
1279 2541 1323 2580 δε
1346 2553 1396 2581 ex
1418 2537 1577 2599 quibus
1598 2539 1806 2585 articulos
1834 2541 2006 2604 aliquot

194 2602 273 2649 ubi
301 2602 347 2647 dc
364 2599 541 2665 nefanda*
561 2603 779 2661 scortorum
813 2602 1041 2659 infirmitate
1066 2599 1116 2645 (φ’
1153 2601 1201 2644 de
1224 2599 1448 2663 prostibulis
1482 2601 1627 2660 arficrci
1661 2603 1811 2661 infhflis
1832 2607 2010 2667 quaestio

189 2669 252 2717 est
269 2700 282 2719 ‚
302 2667 325 2712 a
350 2664 566 2712 Becketto
588 2667 633 2710 in
654 2666 878 2729 opinionis
901 2664 979 2709 suae
999 2663 1386 2711 confirmationem
1409 2665 1569 2710 adduci
1594 2666 1718 2730 supra
1746 2669 1951 2717 vidimus.

256 2731 342 2778 Sed
374 2729 473 2776 cum
502 2730 569 2775 his
596 2730 770 2775 abunde
796 2727 1059 2774 satisfaCtum
1090 2728 1225 2774 fuerit
1245 2729 1353 2781 loco,
1371 2729 1493 2792 supra
1520 2730 1699 2779 laudato
1717 2766 1729 2785 ,
1760 2732 1867 2779 dum
1892 2734 2014 2782 testi-

197 2796 352 2843 monia
380 2795 535 2842 eadem
556 2798 579 2839 εὶ
601 2793 816 2840 Becketto
846 2793 1030 2839 adducta
1057 2793 1293 2846 diluimus,
1319 2812 1374 2841 ne
1399 2793 1610 2842 cramben
1630 2814 1920 2861 recoquamus
1943 2818 2016 2846 ar-

198 2877 416 2926 gumento
438 2860 600 2906 eodem
620 2859 767 2906 denuo
786 2859 1015 2904 tractando
1037 2856 1315 2922 supersedere
1336 2858 1477 2904 visum
1496 2861 1566 2905 est.

266 2931 334 2973 11.
369 2925 505 2971 Circa
533 2924 861 2988 propagationis
890 2924 1073 2968 modum
1101 2925 1264 2969 Auum·
1292 2923 1530 2970 confitetur
1554 2925 1734 2988 quidem
1751 2941 1848 2992 pag.
1879 2948 1943 2990 54.
1970 2928 2015 2978 se

197 2990 431 3055 quondam
460 2988 627 3036 senfiffe
653 2991 772 3035 luem
797 3005 1033 3034 veneream
1062 2988 1266 3042 contrahi
1287 3006 1378 3034 non
1405 2989 1521 3053 posse
1542 3024 1552 3041 ‚
1581 2989 1656 3035 nisi
1678 2992 1722 3036 in
1746 2995 2017 3054 genitalibus

201 3056 312 3103 locis
332 3054 478 3101 morbi
501 3054 681 3117 quidam
705 3053 865 3099 locales
884 3053 1152 3117 praeluserint
1178 3072 1188 3098 ε
1225 3057 1284 3098 At
1307 3052 1414 3100 verb
1433 3054 1492 3100 ait
1514 3054 1539 3100 a}
1561 3069 1657 3118 pag.
1678 3074 1734 3114 55.
1760 3058 1818 3103 ad
1834 3074 1931 3122 pag.
1953 3064 2014 3120 58.

196 3121 276 3167 sibi
301 3125 382 3179 jam
403 3117 520 3166 secus
542 3118 686 3165 videri
705 3151 718 3170 ,
738 3136 869 3181 quani
905 3118 1162 3182 opinionem
1200 3135 1247 3164 ut
1268 3119 1428 3184 probet
1447 3153 1460 3172 ,
1495 3119 1665 3172 subiicit
1688 3121 1830 3167 ibidem
1851 3141 1980 3169 unam
1997 3157 2014 3177 ,

201 3187 477 3250 alteramque
497 3198 597 3249 pag·
625 3202 722 3244 297.
752 3183 1142 3245 observationem,
1163 3202 1271 3252 quas
1299 3184 1392 3252 ipse
1408 3185 1637 3251 egregias,
1667 3185 1898 3252 firmasque
1927 3187 2014 3252 est}

2107 1000 2246 1055 17322

2194 1121 2211 1137 Ο

2111 1211 2123 1251 l
2138 1224 2160 1248 a
2176 1212 2189 1256 )
2226 1213 2288 1250 Ita

2059 1261 2179 1301 scribit
2194 1267 2291 1302 Aue·

2059 1327 2132 1363 tor.⁴
