2477 3643
625 110 897 157 LGnn
960 108 997 153 1.-

172 196 306 247 eution
324 194 449 254 sbient
480 192 683 240 ordonnez.
707 208 802 256 gens
818 206 899 256 par
927 188 1061 248 lesdits

177 257 348 317 Prevost
378 256 427 304 ὅ*
450 256 677 314 Eschevim
698 295 709 310 ‚
730 257 892 317 lesquels
902 254 947 315 fi’
964 257 1062 299 tien-

178 324 297 372 drom
324 340 411 368 aux
427 335 557 384 portes
586 320 633 366 de
658 320 750 380 ceste
778 322 880 365 ville
910 319 957 363 de
979 323 1060 364 Pa-

178 393 237 436 ris
259 427 272 442 ,
296 401 402 453 pour
428 385 582 448 garder
611 385 661 430 (ῥ’
687 385 885 446 defflndre
916 384 1061 445 qn’au·

177 470 278 500 cuns
310 451 490 497 malades
519 449 567 494 de
596 448 687 509 ceste
716 449 894 495 maladte
916 466 965 492 ne
992 465 1062 492 en-

174 532 283 565 trent
322 528 590 579 appertement
637 532 684 559 ou
723 514 974 574 sccrctemcm
1017 528 1064 558 en

178 582 356 643 cestedite
382 580 485 626 ville
512 579 560 624 de
590 581 730 625 Paris.

241 717 382 765 Item,
418 718 451 759 S
457 715 509 758 oit
534 726 718 776 pourveu
740 727 821 778 par
847 710 964 757 cmlx
995 713 1064 772 qui

172 779 265 843 fiant
289 779 458 839 deputez
488 775 514 822 ὰ
535 783 717 823 recevoir
743 779 913 841 l’argent
939 775 1068 820 donne'

182 843 234 891 ὦ*
262 843 459 903 aufinosne'
478 842 626 901 ansdits
645 844 824 888 malades
843 879 857 895 ‚
880 838 905 884 ὰ
931 857 971 884 ce
991 858 1064 902 que

164 907 210 955 -ἂ
253 910 387 954 icenlx
426 911 574 953 retirez.
613 907 746 966 e'sdites
788 905 954 964 maisons
987 906 1065 963 fhit

181 987 367 1037 pourveu
402 971 450 1016 de
485 975 630 1016 vivres
671 971 720 1017 67¹
763 987 894 1016 autres
940 969 1066 1027 chofis

185 1037 750 1099 neceffairesfhingneusemem
771 1035 819 1082 ὠ·
837 1051 882 1078 en
899 1035 1066 1096 ohligan-

184 1119 228 1148 ce
244 1140 256 1154 ,
273 1119 345 1147 car
359 1114 577 1145 autrement
593 1101 640 1145 ils
657 1118 703 1145 ne
716 1101 944 1166 pourroient
959 1096 1068 1143 obeir

185 1166 359 1227 ausdites
393 1165 698 1210 ordonnances.

1061 104 1351 152 Capu-r
1414 99 1592 147 XIV.

1944 112 2005 156 79

1125 184 1203 234 fita
1225 185 1471 233 decernant
1489 178 1742 248 Praepofitus
1759 185 1804 228 &
1822 176 2005 228 Scabini

1126 250 1343 298 custodias
1372 281 1386 301 ‚
1426 263 1521 313 quae
1556 246 1612 293 ad
1658 245 1782 292 urbis
1822 241 2005 306 hujusce

1127 332 1273 382 portas
1293 312 1516 361 excubent
1534 345 1546 364 ,
1566 324 1809 374 vetentque
1830 326 1885 355 ne
1905 308 2005 354 ullis

1126 379 1289 427 morbo
1324 378 1402 425 illo
1429 375 1603 423 infectis
1624 376 1768 439 palam
1794 373 1866 421 vel
1891 372 2006 419 clam

1126 446 1176 492 in
1194 444 1354 493 urbem
1373 440 1549 508 ingredi
1570 439 1746 488 licitum
1767 438 1833 485 fit.

1194 709 1308 752 Item.
1329 703 1648 751 procurabitur
1661 700 1685 747 ὲ
1705 697 2008 757 Quaestotibus

1131 772 1325 836 pecuniae
1345 769 1587 816 colleffitiae
1606 774 1649 814 ὃς
1671 768 1718 812 in
1735 766 1888 828 stipem
1901 780 2006 810 ero-

1131 852 1240 900 gatae
1270 870 1281 887 ,
1313 851 1360 880 ut
1386 834 1558 897 aegrotis
1583 833 1660 896 qui
1689 827 1899 877 domibus
1922 829 2007 874 illis

1131 898 1325 947 conclusi
1358 900 1680 946 detinebuntur
1697 931 1710 950 ,
1739 893 1908 942 cibaria
1927 906 2009 940 cae-

1132 982 1314 1029 teraque
1343 964 1503 1028 quibus
1532 964 1586 1010 ad
1610 963 1747 1009 vitam
1775 976 1885 1023 opus
1916 960 2007 1011 est,

1134 1030 1374 1094 diligenter
1401 1036 1445 1075 ὃς
1472 1027 1650 1075 abunde
1676 1025 2008 1073 subministren-

1135 1112 1206 1142 tur
1222 1130 1234 1148 ‚
1248 1112 1295 1142 ut
1312 1095 1390 1157 qui
1407 1094 1608 1158 alioquin
1624 1091 1839 1141 edistioni
1853 1105 2012 1155 parere

1135 1178 1228 1208 non
1253 1159 1427 1225 possint.

250 1289 489 1339 Videbitur
507 1288 658 1336 forsan
676 1288 770 1336 dies
794 1289 898 1336 huic
926 1294 1123 1338 Decreto
1143 1288 1385 1352 adscriptus
1408 1287 1526 1336 haud
1547 1286 1754 1348 exiguam
1774 1281 2012 1331 difficulta-

183 1371 280 1404 tem
299 1354 472 1402 afferre.
500 1358 613 1402 Non
644 1355 789 1418 potuit
811 1355 932 1401 enim
965 1356 1055 1403 lues
1083 1372 1276 1402 venerea
1303 1354 1350 1399 in
1380 1353 1524 1399 Gallia
1543 1350 1670 1397 citius
1687 1348 1861 1414 grassari
1878 1349 2014 1413 quim

187 1422 284 1488 post
305 1421 499 1467 reditum
519 1419 653 1482 Regis
671 1419 828 1465 Caroli
861 1425 1009 1468 V111.
1040 1421 1112 1467 vel
1130 1420 1186 1465 ad
1208 1418 1428 1465 summum
1449 1417 1714 1464 Aulicorum
1732 1449 1744 1468 ,
1764 1415 1842 1479 qui
1860 1413 1937 1460 sub
1957 1433 2012 1460 eo

188 1486 392 1534 meruere
412 1486 459 1531 in
478 1485 602 1530 ltalia
619 1518 630 1537 ‚
651 1484 770 1530 unde
784 1484 993 1531 morbum
1010 1485 1251 1531 adduetum
1270 1482 1395 1530 fuisse
1414 1482 1648 1530 credimus.
1682 1480 1769 1527 Sed
1793 1479 1987 1526 Carolus
2001 1513 2014 1532 ‚

187 1551 293 1598 cum
311 1550 518 1614 Lugduni
536 1549 795 1612 aliquandiu
811 1549 1045 1611 substiterit
1059 1585 1071 1602 ,
1091 1550 1314 1596 Lutetiam
1332 1565 1425 1594 non
1447 1547 1580 1594 rediit
1602 1545 1679 1591 nisi
1701 1543 1851 1592 mense
1871 1547 2015 1592 Οᾶο-

189 1615 263 1663 bri
282 1617 387 1661 anni
427 1632 561 1676 1495.
590 1613 736 1659 Aulici
757 1615 864 1660 vero
882 1614 1130 1679 militesque
1148 1648 1159 1667 ‚
1180 1614 1257 1678 qui
1289 1612 1487 1659 citissime
1509 1646 1520 1665 ‚
1542 1609 1718 1657 nonnisi
1743 1609 1893 1657 mense
1925 1615 2018 1655 Au-

191 1682 317 1744 gusto
335 1713 348 1732 ,
367 1695 413 1726 ut
425 1680 503 1743 qui
519 1696 675 1726 omnes
693 1678 982 1727 interfuerint
1003 1681 1154 1744 praelio
1176 1679 1230 1725 ad
1251 1683 1412 1724 Forum
1432 1694 1602 1723 novum
1625 1673 1856 1721 commisto
1877 1674 1951 1721 die
1972 1681 2016 1720 6.

193 1749 220 1800 J
225 1745 300 1791 ulii
319 1743 516 1805 ejusdem
540 1743 643 1790 anui
658 1777 671 1796 ,
689 1760 779 1807 quo
796 1745 985 1791 Carolus
1003 1743 1219 1808 insignem
1232 1743 1288 1790 de
1306 1743 1489 1790 Venetis
1509 1740 1743 1788 victoriam
1759 1740 2018 1803 reportavit.

196 1809 403 1869 Quinam
420 1826 530 1873 ergo
561 1809 852 1872 computandi
881 1810 1053 1857 ratione
1085 1809 1176 1855 dici
1197 1808 1342 1873 potuit
1360 1808 1408 1852 iu
1431 1808 1564 1853 allato
1587 1810 1784 1852 Decreto
1804 1803 1921 1850 faeto
1947 1804 2022 1850 die

192 1884 237 1921 6.
263 1874 420 1920 Martii
437 1874 541 1920 anni
564 1881 695 1931 1496.
723 1891 963 1921 veneream
983 1876 1102 1921 luem
1125 1878 1212 1935 jam
1234 1872 1288 1918 ab
1305 1873 1429 1918 annis
1453 1871 1629 1917 duobus
1650 1869 1785 1932 vulgo
1812 1869 1859 1914 in
1879 1868 2024 1914 Gallia

194 1939 403 2003 grassari,
429 1955 523 1985 tum
543 1938 723 1985 Lutetiae
739 1973 751 1991 ,
773 1956 868 1985 tum
888 1938 1021 1991 alibi,
1042 1938 1143 1985 cum
1162 1938 1236 1984 vix
1250 1938 1274 1982 εὶ
1293 1935 1366 1984 sex
1385 1936 1603 1983 mensibus
1629 1951 1736 1981 nota
1753 1950 1858 1979 tunc
1873 1933 1993 1979 foret
2009 1966 2023 1986 ,

194 2003 226 2052 fi
248 2004 271 2050 εὶ
294 2003 440 2050 reditu
462 2003 595 2067 Regis
615 2002 730 2048 ratio
749 2004 923 2051 ineatur
943 2023 955 2059 3
982 2002 1137 2051 saltem
1156 2003 1230 2050 vix
1257 2001 1312 2049 ab
1345 2004 1446 2049 osto
1467 2036 1480 2055 ,
1498 2000 1528 2046 si
1545 2001 1570 2046 ὲ
1595 1999 1745 2047 reditu
1761 1999 2023 2045 Aulicorum

200 2068 484 2132 militumque
499 2081 516 2115 ἓ

260 2133 350 2181 Sed
366 2151 437 2180 eas
457 2134 587 2179 tricas
621 2131 834 2198 expedire
862 2130 1128 2178 facillimum
1152 2133 1211 2179 est
1227 2166 1238 2184 ‚
1260 2131 1398 2177 modo
1419 2130 1473 2177 ad
1493 2127 1715 2176 diversam
1734 2125 2027 2192 computandi

200 2199 423 2245 rationem
440 2198 693 2245 attendatur
714 2232 726 2250 ‚
746 2214 840 2261 quae
869 2198 980 2244 olim
1001 2198 1049 2242 in
1075 2195 1156 2243 usu
1181 2194 1281 2243 fuit.
1317 2195 1574 2259 Antiquitas
1595 2194 1714 2241 enim
1737 2194 1839 2239 anni
1858 2192 2029 2255 princi-

200 2263 324 2329 pium
341 2261 585 2311 ducebatur
604 2263 627 2307 εὶ
641 2264 760 2309 Festo
778 2259 997 2308 paschatis
1013 2294 1026 2314 ‚
1045 2278 1126 2308 nec
1154 2277 1251 2308 mos
1270 2261 1346 2308 ille
1361 2256 1632 2308 intervetsus
1647 2257 1709 2306 est
1725 2291 1738 2310 ,
1759 2255 1839 2303 nisi
1871 2255 2030 2303 Ediuo

201 2329 362 2374 Caroli
384 2333 400 2372 1
418 2332 475 2372 X.
495 2328 600 2374 dato
614 2326 763 2373 mense
778 2328 990 2379 Ianuario
1010 2328 1115 2372 anni
1139 2344 1153 2371 1
1172 2336 1274 2389 563.
1292 2344 1382 2390 quo
1406 2326 1691 2371 constitutum
1706 2322 1792 2368 fuit
1805 2356 1817 2375 ,
1835 2337 1884 2368 ut
1897 2321 2028 2367 dein==

201 2410 304 2457 ceps
332 2409 469 2438 annus
501 2392 681 2437 initium
709 2389 903 2438 sumeret
930 2392 954 2437 a
990 2393 1109 2438 Festo
1135 2389 1496 2437 Circumcisionis
1530 2387 1718 2435 Domini
1751 2386 1886 2446 nostri
1910 2388 1950 2438 J.
1969 2387 2026 2430 C.

203 2462 360 2520 Itaque
380 2456 480 2502 cum
500 2457 662 2502 Pascha
677 2457 781 2502 anni
808 2474 822 2500 1
835 2475 942 2514 497.
965 2455 1186 2502 incideret
1206 2456 1254 2500 in
1269 2455 1392 2502 diem
1411 2463 1484 2501 26.
1505 2453 1688 2505 Martii,
1704 2452 1811 2498 Vid.
1829 2450 2029 2496 Tabellas

206 2521 518 2584 Chronologicas
534 2560 548 2575 ,
567 2539 647 2583 quae
683 2535 822 2566 extant
851 2525 893 2567 in
925 2521 1122 2580 Gloffario
1158 2524 1359 2584 Ducange
1376 2559 1391 2574 ‚
1421 2524 1464 2565 in
1482 2518 1607 2565 verbo
1629 2521 1810 2568 Annus,
1847 2513 2030 2561 Senatus

201 2584 454 2632 consultum
472 2619 483 2636 ,
510 2585 566 2640 de
585 2603 674 2647 quo
696 2586 840 2648 agitur
856 2619 868 2638 ,
885 2585 1009 2648 quod
1029 2584 1182 2631 datum
1211 2584 1376 2631 dicitur
1406 2584 1481 2630 die
1508 2592 1549 2628 6.
1572 2581 1729 2628 Martii
1761 2579 1866 2626 anni
1893 2585 2025 2637 1496.

208 2649 350 2714 seipsi
369 2649 520 2695 datum
542 2648 626 2694 fuit
647 2650 719 2695 die
739 2659 778 2695 6.
802 2651 959 2696 Martii
981 2649 1085 2695 anni
1109 2646 1331 2713 sequentis
1355 2667 1487 2708 1497.
1513 2652 1635 2710 juxta
1652 2644 1942 2711 computandi
1962 2660 2033 2690 raa

211 2715 383 2761 tionem
399 2749 411 2767 ,
432 2713 519 2777 qua
537 2732 653 2759 nuuc
670 2714 852 2760 utimur.
1338 2735 1340 2738 ’

272 2778 359 2825 Sed
377 2779 587 2841 quorsum
607 2778 759 2825 alienis
778 2776 992 2842 suffragiis
1010 2777 1197 2844 operose
1227 2777 1466 2843 probamus
1480 2811 1492 2830 ‚
1510 2793 1605 2840 quae
1622 2775 1762 2822 velex
1781 2772 1877 2837 ipsis
1894 2775 2037 2818 Sena-

213 2840 281 2887 ti‘ls
300 2841 542 2888 Parisienfis
562 2844 680 2889 Affls
708 2843 970 2907 apertissima
989 2842 1107 2889 sunt.
1137 2843 1317 2906 Quippe
1347 2844 1513 2888 constat
1535 2843 1583 2886 in
1607 2841 1693 2885 illis
1716 2854 1881 2883 annum
1903 2842 2033 2893 1496.

209 2907 416 2954 Decretis
434 2905 610 2968 singulis
629 2908 793 2971 apponi
811 2927 888 2972 per
909 2908 1077 2954 menses
1096 2909 1354 2960 Ianuarium
1371 2941 1381 2958 ,
1399 2905 1686 2952 Februarium
1719 2907 1764 2947 δέ
1792 2899 2007 2945 Martium
2020 2932 2036 2951 ‚

215 2971 273 3018 ad
306 2970 428 3017 diem
458 2970 592 3033 usque
636 2980 707 3017 26.
739 2972 895 3017 menfis
921 2972 1107 3022 Martii,
1129 2971 1176 3015 in
1203 2989 1336 3033 quam
1356 2969 1584 3015 incidebat
1611 2968 1697 3013 hoc
1728 2983 1844 3013 anno
1870 2965 2039 3012 Festum

213 3035 435 3084 Paschatis
453 3054 463 3081 ι
483 3035 594 3081 Inde
623 3034 731 3081 vero
757 3036 804 3080 in
826 3038 1028 3083 Decretis
1047 3034 1211 3082 caeteris
1241 3052 1293 3081 ex
1312 3035 1472 3080 ordine
1489 3029 1855 3096 subsequentibus
1875 3045 2041 3077 annum

221 3118 356 3158 1497.
388 3100 625 3146 numerari.
660 3103 722 3145 Ex
755 3099 821 3146 his
841 3102 982 3165 liquet
1012 3118 1122 3164 ergo
1143 3134 1156 3153 ,
1177 3115 1225 3145 ut
1253 3099 1391 3146 modo
1422 3098 1679 3145 dicebamus
1707 3130 1719 3149 ,
1760 3099 2004 3141 Decretum
2023 3125 2039 3145 ‚

210 3165 338 3232 quod
369 3165 525 3214 datum
552 3164 717 3213 dicitur
737 3164 812 3215 die
832 3175 872 3215 6.
895 3166 1052 3216 Martii
1072 3164 1178 3218 anni
1202 3172 1338 3226 1496.
1366 3162 1526 3215 revera*⁴
1554 3160 1844 3213 referendum
1870 3157 1955 3208 effe
1982 3156 2040 3205 ad

2085 1297 2158 1338 Seu
2171 1296 2295 1348 potitis

2059 1361 2140 1385 anni
2166 1363 2179 1387 1
2194 1369 2215 1395 4
2229 1364 2292 1397 97.

2064 1400 2084 1437 si
2115 1401 2295 1440 habeatur

2061 1455 2158 1490 tatio
2183 1467 2295 1491 com·-

2065 1506 2261 1557 putationis
2281 1531 2295 1550 ‚

2061 1572 2142 1611 quae
2158 1570 2298 1596 nuncin

2063 1611 2129 1650 ul'u
2145 1611 2209 1648 est.
