2477 3643
202 564 272 604 '14.
307 559 387 600 Ul-

151 613 300 650 cuscula
322 627 388 650 an·

155 665 287 715 gulosa
304 671 337 704 &
358 666 390 702 in

155 729 284 754 centro
302 719 388 758 livi-

152 767 213 811 da.

192 1229 251 1262 ις.
291 1219 385 1259 λᾶε-

155 1270 212 1322 gis
232 1284 294 1309 aut
313 1272 386 1309 mi-

152 1322 218 1361 mis
248 1323 359 1361 mali-

154 1387 229 1426 gna
244 1390 308 1427 pro
328 1375 386 1413 se-

151 1430 195 1462 de
235 1441 348 1479 quam

150 1491 347 1533 oceupant.

212 2055 386 2094 26.Ph‡

154 2106 265 2144 mosis
287 2135 297 2151 ,
317 2121 387 2159 pa·

155 2158 354 2209 saphimo-

157 2210 204 2248 fis
216 2240 224 2252 ,
241 2212 391 2263 crystal-

158 2263 238 2301 lina:
271 2264 375 2302 bull‘ae

195 2769 394 2822 Diagnofis

162 2824 289 2863 morbi.

424 144 518 208 34²8
767 149 1940 201 DEMORBISVENEREIS:

423 229 571 276 minus
599 233 815 297 compaCti
836 268 850 288 ,
869 233 1064 299 ideoque
1083 234 1207 281 labra
1226 232 1432 279 molliora
1447 267 1460 287 ‚
1483 232 1625 281 minus
1642 234 1980 299 protuberantia
1995 268 2009 289 ,
2027 252 2123 301 quae
2146 237 2257 296 lim}

425 293 561 359 pham
591 298 813 345 ulceribus
834 298 1071 363 suggerent
1091 298 1352 346 uberiorem
1383 304 1429 345 δε
1465 297 1705 363 spissiorem
1719 334 1731 353 ‚
1756 301 1874 347 unde
1895 319 1972 365 pus
1994 301 2217 354 laudabile
2235 324 2256 353 ι’

430 367 495 422 30.
522 362 717 409 Demum
735 363 968 410 sebaceum
986 364 1224 410 humorem
1241 397 1252 416 ‚
1270 363 1347 428 qui
1363 363 1493 409 instar
1513 364 1631 409 muci
1649 364 1852 429 spissioris
1872 367 1919 411 in
1933 365 2076 413 fundo
2090 368 2227 416 haeret
2243 404 2269 425 ,,

426 425 575 472 minus
597 427 798 475 alterabit
822 448 833 481 ·‚
853 429 959 474 hinc
979 445 1089 491 ergo
1113 427 1292 474 mucosa
1311 429 1493 491 materia
1506 462 1518 481 ,
1536 447 1629 491 quae
1648 429 1808 476 ulceris
1825 430 2016 478 fundum
2033 450 2249 499 occupat,

429 491 630 539 colorem
647 493 822 546 album,
840 493 918 556 qui
945 495 1118 540 nativus
1146 495 1206 540 est
1222 527 1235 546 ‚
1273 492 1466 540 servabit
1489 494 1633 540 donec
1654 492 1821 541 sanatio
1842 513 1961 542 certa
1999 496 2063 543 fit.

505 575 519 602 1
533 566 597 615 4⁰.
629 558 802 605 Contra
826 558 934 604 vero
948 592 960 609 ,
986 557 1014 602 sl
1036 558 1156 604 virus
1174 557 1302 623 copia
1324 559 1513 604 nimium
1543 558 1615 604 vel
1636 560 1792 605 natura
1810 562 2077 610 acerrimum
2095 561 2234 610 fuerit
2248 597 2265 616 ‚

431 638 536 668 tunc
559 623 729 668 ratione
751 622 975 668 contraria
1001 631 1062 668 10.
1088 623 1305 670 Ulcerum
1329 642 1455 670 oram
1476 622 1604 669 citius
1631 628 1676 669 ὃς
1693 621 1911 673 efficacius
1929 627 2088 674 erodet
2104 662 2116 681 ,
2140 629 2280 676 unde*

433 687 653 734 ulcuscula
678 686 975 751 profundiora
995 693 1041 734 δε
1067 688 1226 735 latiora
1240 722 1252 741 ‚
1272 689 1364 735 imo
1385 689 1520 736 etiam
1543 686 1694 734 minus
1708 691 1901 737 rotunda
1920 725 1932 744 ‚
1952 692 2167 755 quoniam
2194 711 2270 747 ce-,

435 753 597 798 leriore
624 751 825 799 erofione
839 752 1040 799 ulcerum
1059 754 1183 800 labra
1202 753 1445 800 laciniatim
1466 752 1808 817 discerpentur-3
1837 764 1897 800 20.
1917 757 2149 821 Limpham
2168 758 2268 805 for-

437 818 518 863 tius
540 816 744 863 densabit
760 850 773 869 ,
802 818 922 864 unde
954 817 1052 863 calli
1071 820 1218 884 plures
1233 852 1245 871 ‚
1274 817 1523 870 crassiores,
1550 818 1756 875 duriores
1773 852 1786 872 ‚
1807 819 2010 884 adeoque
2035 821 2106 867 lab
2185 824 2270 870 du-

436 883 555 927 riora
574 916 586 934 ,
608 883 746 948 magis
765 883 1067 946 prominentia
1084 917 1097 937 ‚
1129 885 1150 929 ὲ
1182 884 1344 947 quibus
1370 901 1462 931 non
1487 883 1681 947 limpha,
1699 902 1794 947 quae
1818 885 1937 949 puris
1956 837 2157 939 formagil
2173 889 2273 935 adi-

433 945 540 1010 pisci
564 946 691 1010 poffit
707 981 719 999 ‚
740 947 815 993 sed
838 947 982 994 serum
1003 948 1174 995 tantum
1194 949 1452 995 ichorosum
1468 949 1515 993 in
1533 949 1682 995 ulcera
1699 948 1944 998 exsudabit.
1976 959 2037 1012 30.
2060 953 2270 1017 Denique

433 1011 635 1058 nativum
667 1012 868 1059 colorem
900 1013 1066 1059 mucosi
1102 1013 1175 1061 seu
1203 1013 1376 1061 sebacei
1406 1014 1610 1060 humoris
1642 1014 1720 1077 qui
1755 1015 1802 1061 in
1833 1015 1978 1061 fundo
2014 1016 2122 1062 latet
2150 1051 2162 1069 ‚
2198 1018 2272 1065 vel

434 1092 662 1141 pervertet
681 1078 835 1124 innato
863 1079 978 1125 vitio
993 1113 1005 1131 ‚
1026 1078 1098 1125 vel
1118 1077 1266 1125 infusis
1284 1080 1455 1125 cruoris
1475 1077 1656 1142 guttulis
1670 1113 1682 1130 ,
1703 1097 1798 1142 quae
1819 1080 1843 1125 ὲ
1869 1081 2023 1128 laceris
2040 1080 2174 1129 labris
2190 1100 2271 1140 eit-¹

435 1142 580 1188 tillant
597 1178 608 1194 ,
627 1142 798 1189 inficiet
813 1177 826 1197 ,
844 1143 964 1190 unde
984 1142 1115 1190 fundi
1136 1145 1291 1208 nigror
1311 1145 1382 1190 vel
1404 1144 1556 1191 saltem
1578 1143 1711 1189 livor.

496 1225 511 1252 1
526 1207 586 1270 5⁰.
619 1207 664 1253 Si
682 1224 838 1255 caetera
864 1209 986 1273 paria
1008 1207 1202 1263 fuerint,
1222 1225 1265 1255 at
1286 1208 1441 1256 saltem
1459 1208 1644 1256 debebit
1663 1207 1995 1256 ulcusculorum
2019 1208 2195 1257 indoles
2211 1223 2270 1259 ex

433 1270 609 1318 diversa
647 1271 749 1320 sede
773 1291 907 1337 quam
937 1291 1159 1338 occupant
1185 1308 1198 1328 ‚
1236 1274 1412 1321 diverse
1435 1274 1634 1320 aestimari
1664 1292 1675 1327 3
1708 1275 1871 1338 nempe
1905 1283 1962 1319 10.
1993 1274 2272 1338 Maligniora

434 1335 533 1382 sunt
563 1337 611 1383 in
637 1354 804 1401 genere
834 1355 886 1385 ea
912 1338 1133 1386 ulcuscula
1165 1357 1260 1403 quae
1321 1339 1502 1404 raeputio
1527 1339 1575 1385 in
1601 1339 1710 1385 viris
1739 1372 1752 1391 ‚
1784 1338 1919 1401 quam
1953 1357 2047 1402 quae
2074 1338 2270 1394 balan03

432 1419 526 1465 quae
556 1402 751 1449 clitoridi
769 1419 841 1449 aut
862 1404 1112 1450 carunculis
1139 1405 1271 1466 myrti
1296 1403 1497 1450 ormibus
1514 1405 1562 1449 in
1588 1403 1809 1455 foeminis,
1838 1404 1973 1466 quam
2007 1421 2102 1467 quae
2125 1406 2270 1452 vulvae

433 1467 563 1513 labiis
586 1484 660 1513 aut
679 1468 884 1532 nymphis
908 1487 917 1514 ε
938 1478 1002 1514 2⁰.
1030 1468 1303 1533 Maligniora
1320 1470 1368 1515 in
1388 1469 1666 1532 balanoquae
1695 1466 1892 1529 ejusdem
1914 1467 2054 1515 fraeno
2089 1470 2161 1516 vel
2191 1488 2274 1516 co-

434 1549 553 1578 ronae
571 1566 582 1585 ,
600 1533 734 1595 quam
768 1552 863 1597 quae
895 1533 1030 1580 dorso
1058 1552 1132 1580 aut
1155 1534 1408 1581 lateralibus
1426 1533 1623 1599 partibus
1644 1553 1654 1578 z
1675 1541 1736 1596 30.
1765 1533 1972 1596 Denique
2003 1533 2275 1598 maligniora

431 1597 480 1642 in
500 1597 714 1661 praeputio
742 1616 837 1661 quae
858 1598 1029 1645 summo
1050 1598 1246 1662 ejusdem
1275 1599 1465 1662 margini
1496 1598 1586 1644 five
1621 1598 1764 1643 limbo
1783 1631 1795 1649 ,
1826 1598 1962 1660 quam
1992 1615 2086 1660 qua:
2112 1599 2274 1646 mediae

428 1662 504 1708 vel
535 1661 697 1708 infimae
729 1662 926 1721 ejusdem
952 1664 1065 1728 parti
1094 1663 1298 1710 insident.
1328 1667 1429 1711 Nec
1448 1663 1560 1708 ratio
1581 1661 1852 1708 discriminis
1873 1662 2062 1708 obscura
2088 1662 2173 1711 else
2201 1665 2274 1710 vi-

431 1727 562 1773 detur
583 1761 595 1780 ‚
617 1726 834 1791 siquidem
851 1728 1000 1792 priora
1018 1730 1116 1775 loca
1133 1762 1144 1781 ,
1171 1728 1272 1774 cum
1302 1729 1440 1792 magis
1470 1745 1635 1774 nervea
1662 1727 1743 1773 lint
1762 1760 1774 1778 ‚
1797 1726 1992 1792 ideoque
2013 1726 2138 1774 sensu
2158 1745 2271 1791 gau-

431 1791 566 1839 deant
587 1793 788 1839 acutiore
812 1827 824 1846 ,
856 1793 1022 1840 debent
1050 1793 1220 1840 facilius
1248 1793 1604 1840 inflammatione
1636 1792 1805 1856 corripi
1831 1810 1884 1839 ex
1911 1793 2072 1839 dolore
2095 1798 2141 1838 &
2168 1811 2279 1842 ere-

432 1855 598 1902 thismo
615 1891 626 1909 ,
646 1856 676 1901 s1
694 1857 925 1903 ulcusculis
946 1857 1205 1905 infestentur
1223 1879 1232 1904 :
1255 1859 1430 1905 Contra
1451 1858 1560 1904 vero
1579 1858 1823 1921 posteriora
1840 1890 1853 1910 ,
1874 1875 1968 1921 quae
1987 1858 2203 1904 mollioris
2224 1865 2273 1905 ὃς

432 1922 573 1983 magis
596 1921 836 1986 spongiosae
868 1939 1049 1969 textui-:e
1075 1923 1174 1969 sunt
1195 1957 1206 1975 ,
1227 1941 1276 1969 ac
1311 1923 1437 1970 sensu
1463 1922 1635 1988 pollent
1666 1921 1890 1969 obtusiore
1909 1957 1922 1976 ,
1944 1921 2273 1970 abinflamma-

432 1985 571 2033 tionis
593 1987 790 2051 periculo
812 1989 949 2049 magis
983 2004 1076 2034 tuta
1104 1989 1217 2034 sunt.

505 2059 600 2096 160.
626 2050 820 2097 Demum
852 2051 879 2096 fi
902 2052 1123 2099 ulcuscula
1155 2070 1348 2100 venerea
1368 2053 1494 2117 plura
1512 2052 1593 2098 [int
1613 2085 1626 2105 ‚
1649 2050 1810 2104 densa,
1834 2050 2038 2098 conferta
2068 2056 2114 2098 ὃ(
2139 2053 2277 2117 mali--

436 2116 512 2180 gni
531 2117 695 2169 moris,
720 2116 863 2162 solent
884 2117 991 2164 inde
1009 2118 1270 2181 genitalium
1302 2135 1445 2182 partes
1475 2135 1581 2181 quas
1613 2116 1909 2182 depascuntur
1929 2151 1940 2169 ,
1961 2117 2142 2163 balanus
2159 2137 2208 2164 v.
2222 2136 2278 2182 g,

436 2187 484 2227 &
511 2181 771 2246 praeputium
793 2181 839 2226 in
862 2182 966 2227 vitis
995 2217 1006 2235 ‚
1044 2182 1091 2227 iu
1121 2182 1317 2229 foeminis
1346 2182 1453 2231 verb
1484 2182 1654 2245 vaginae
1686 2182 1956 2246 principium
1985 2217 1993 2233 ,
2027 2187 2280 2229 caruncuiae

435 2246 738 2307 myrtiformes
754 2281 767 2299 ,
788 2246 991 2311 nymphae
1013 2246 1099 2293 sive
1117 2249 1318 2312 pterygia
1332 2282 1344 2299 ,
1365 2247 1533 2294 clitoris
1547 2280 1559 2299 ,
1579 2246 1719 2292 vulvae
1736 2246 1852 2292 labia
1871 2246 2016 2293 inflari
2032 2281 2044 2299 ,
2064 2263 2236 2294 tumere
2251 2281 2274 2300 >

435 2311 704 2358 inflammari
724 2346 735 2364 ,
757 2311 877 2358 unde
897 2312 1105 2376 phimolis
1122 2347 1136 2366 ,
1157 2312 1469 2378 paraphimolis
1484 2346 1497 2365 ‚
1519 2311 1795 2373 crystallina„
1817 2312 2071 2359 carcinoma
2086 2311 2238 2358 balani-
2251 2345 2276 2365 >-

437 2394 671 2441 gangraena
688 2382 732 2423 &
754 2376 992 2441 sphacelus.
1015 2377 1103 2424 Sed
1124 2378 1180 2426 de
1195 2378 1262 2424 his
1284 2377 1506 2442 sigillatim
1524 2376 1571 2422 in
1590 2375 1892 2440 sequentibus.

655 2515 699 2564 §.
746 2509 844 2554 IV.
894 2509 1357 2555 DIAGNOSIS
1411 2511 1508 2555 ET
1558 2508 2057 2554 PROGNOSI&

497 2637 716 2699 Diagnofis
740 2635 858 2682 circa
879 2637 964 2683 tria
983 2634 1181 2684 versatur
1201 2654 1212 2690 3
1233 2654 1436 2685 naturam
1453 2671 1473 2691 ‚¹
1488 2636 1659 2684 causam
1691 2641 1739 2683 ὃς
1759 2635 2033 2683 differentias
2064 2634 2278 2692 ulcuscu--ss¹

438 2698 585 2745 lorum
603 2717 913 2747 venereorum.
2143 2708 2146 2711 ’

502 2764 556 2808 1⁰.
586 2764 738 2810 Facilis
769 2766 827 2811 est
846 2763 1064 2828 diagnosis
1094 2781 1259 2812 naturae
1277 2765 1425 2812 morbi
1453 2782 1505 2812 ex
1524 2765 1822 2831 descriptione
1848 2763 1972 2829 supra
1997 2764 2137 2811 allata.
2173 2771 2267 2813 Ita-i

439 2845 525 2890 que
544 2846 625 2892 pro
651 2829 852 2876 venereis
877 2830 1084 2876 habenda
1117 2830 1214 2878 sunt
1244 2830 1466 2878 ulcuscula
1494 2848 1780 2895 quaecumque
1807 2832 1853 2875 in
1886 2829 2116 2894 descriptis
2136 2831 2264 2893 geni-

439 2893 595 2939 talium
629 2893 739 2940 locis
765 2893 1084 2942 subnascuntur
1105 2931 1115 2948 ‚
1152 2896 1344 2942 rotunda
1360 2931 1372 2949 ‚
1404 2895 1674 2942 orbicularia
1693 2930 1706 2949 ‚
1726 2894 1885 2942 callosa
1905 2929 1918 2949 ,
1952 2896 2230 2941 contumacia
2245 2927 2266 2955 ³.

439 2957 556 3003 ultra
576 2974 722 3005 cutem
746 2959 972 3023 profunda
987 2994 998 3012 ,
1021 2960 1066 3007 in
1088 2960 1230 3007 fundo
1249 2962 1379 3024 plena
1405 2961 1634 3007 albicantis
1656 2961 1727 3007 vel
1747 2960 1994 3007 livescentis
2015 2959 2148 3005 muci.

502 3022 654 3068 Solent
687 3024 869 3086 quidem
893 3026 940 3071 in
967 3025 1123 3072 iisdem
1148 3026 1346 3091 partibus
1374 3026 1484 3073 citra
1508 3044 1755 3073 venereum
1777 3025 2034 3088 contagium
2057 3022 2260 3071 excoria-

440 3085 585 3132 tiones
605 3087 829 3134 interdum
852 3090 949 3136 fieri
970 3124 982 3142 ‚
1012 3090 1040 3134 fi
1067 3109 1166 3136 cum
1200 3092 1386 3137 muliere
1406 3109 1469 3137 res
1491 3090 1706 3137 habeatur
1721 3125 1733 3142 ,
1753 3092 1824 3137 cui
1852 3091 2066 3135 menstrua
2086 3086 2261 3132 acriora.

442 3153 537 3195 adiu
558 3151 696 3198 fluant
713 3186 726 3205 ,
745 3151 816 3198 vel
832 3155 963 3216 paulo
985 3156 1085 3200 anre
1110 3155 1346 3207 fluxerint,
1367 3171 1441 3201 aut
1468 3173 1561 3218 quae
1584 3155 1727 3201 fluore
1745 3154 1953 3200 muliebri
1972 3150 2258 3197 mordaciore

444 3212 644 3272 laborem
660 3216 758 3265 imo
769 3217 903 3268 etiam
926 3217 1015 3266 fine
1032 3220 1276 3270 concubitu
1287 3253 1301 3274 ‚
1317 3219 1346 3265 s1
1367 3220 1504 3269 nimia
1525 3219 1662 3268 fuerit
1678 3219 1921 3266 acrimonia
1932 3215 2159 3326 h›t1mosri{‚
2182 3215 2266 3288 quit

2016 3299 2039 3327 e
2088 3298 2109 3328 e
2148 3297 2267 3328 acem-
