<?xml version="1.0" encoding="UTF-8"?>
<!DOCTYPE html PUBLIC "-//W3C//DTD XHTML 1.0 Transitional//EN"
    "http://www.w3.org/TR/xhtml1/DTD/xhtml1-transitional.dtd">
<html xmlns="http://www.w3.org/1999/xhtml" xml:lang="en" lang="en">
 <head>
  <title>
</title>
<meta http-equiv="Content-Type" content="text/html;charset=utf-8" />
  <meta name='ocr-system' content='tesseract 3.04.00' />
  <meta name='ocr-capabilities' content='ocr_page ocr_carea ocr_par ocr_line ocrx_word'/>
</head>
<body>
  <div class='ocr_page' id='page_1' title='image "./demorbisvenereis00astr_0449.png"; bbox 0 0 2477 3643; ppageno 0'>
   <div class='ocr_carea' id='block_1_1' title="bbox 652 134 2024 210">
    <p class='ocr_par' dir='ltr' id='par_1_1' title="bbox 652 134 2024 210">
     <span class='ocr_line' id='line_1_1' title="bbox 652 134 2024 210; baseline 0.009 -29"><span class='ocrx_word' id='word_1_1' title='bbox 652 134 1654 186; x_wconf 61' lang='lat' dir='ltr'>[13221V0Ca1-orxlt.</span> <span class='ocrx_word' id='word_1_2' title='bbox 1932 163 2024 210; x_wconf 72' lang='lat'>413</span> 
     </span>
    </p>
   </div>
   <div class='ocr_carea' id='block_1_2' title="bbox 198 213 2026 351">
    <p class='ocr_par' dir='ltr' id='par_1_2' title="bbox 198 213 2026 351">
     <span class='ocr_line' id='line_1_2' title="bbox 198 213 2026 285; baseline 0.009 -23"><span class='ocrx_word' id='word_1_3' title='bbox 198 214 574 281; x_wconf 67' lang='lat' dir='ltr'><strong>quantiscumque</strong></span> <span class='ocrx_word' id='word_1_4' title='bbox 593 213 874 263; x_wconf 86' lang='lat' dir='ltr'>celebrentur</span> <span class='ocrx_word' id='word_1_5' title='bbox 891 214 1094 264; x_wconf 80' lang='lat' dir='ltr'>laudibus</span> <span class='ocrx_word' id='word_1_6' title='bbox 1109 249 1122 268; x_wconf 97' lang='lat'>,</span> <span class='ocrx_word' id='word_1_7' title='bbox 1147 234 1409 283; x_wconf 82' lang='lat' dir='ltr'>conceptam</span> <span class='ocrx_word' id='word_1_8' title='bbox 1431 219 1551 285; x_wconf 85' lang='lat' dir='ltr'>spem</span> <span class='ocrx_word' id='word_1_9' title='bbox 1579 237 1673 266; x_wconf 91' lang='lat' dir='ltr'>non</span> <span class='ocrx_word' id='word_1_10' title='bbox 1695 221 1794 270; x_wconf 72' lang='lat' dir='ltr'>raro</span> <span class='ocrx_word' id='word_1_11' title='bbox 1811 224 2026 277; x_wconf 87' lang='lat' dir='ltr'>frustren-</span> 
     </span>
     <span class='ocr_line' id='line_1_3' title="bbox 199 279 1676 351; baseline 0.003 -24"><span class='ocrx_word' id='word_1_12' title='bbox 199 294 278 331; x_wconf 72' lang='lat' dir='ltr'>tur</span> <span class='ocrx_word' id='word_1_13' title='bbox 296 312 309 335; x_wconf 82' lang='lat'>,</span> <span class='ocrx_word' id='word_1_14' title='bbox 331 298 380 328; x_wconf 91' lang='lat' dir='ltr'>ac</span> <span class='ocrx_word' id='word_1_15' title='bbox 403 281 568 330; x_wconf 85' lang='lat' dir='ltr'>nullam</span> <span class='ocrx_word' id='word_1_16' title='bbox 588 279 659 327; x_wconf 82' lang='lat' dir='ltr'>vel</span> <span class='ocrx_word' id='word_1_17' title='bbox 677 279 911 328; x_wconf 83' lang='lat' dir='ltr'>minimam</span> <span class='ocrx_word' id='word_1_18' title='bbox 930 280 1170 331; x_wconf 86' lang='lat' dir='ltr'>efficaciam</span> <span class='ocrx_word' id='word_1_19' title='bbox 1186 282 1448 349; x_wconf 86' lang='lat' dir='ltr'>plerumque</span> <span class='ocrx_word' id='word_1_20' title='bbox 1465 285 1676 351; x_wconf 81' lang='lat' dir='ltr'>praestent.</span> 
     </span>
    </p>
   </div>
   <div class='ocr_carea' id='block_1_3' title="bbox 1069 396 1177 438">
    <p class='ocr_par' dir='ltr' id='par_1_3' title="bbox 1069 396 1177 438">
     <span class='ocr_line' id='line_1_4' title="bbox 1069 396 1177 438; baseline 0 0"><span class='ocrx_word' id='word_1_21' title='bbox 1069 396 1177 438; x_wconf 83' lang='lat' dir='ltr'>IV.</span> 
     </span>
    </p>
   </div>
   <div class='ocr_carea' id='block_1_4' title="bbox 195 494 2027 628">
    <p class='ocr_par' dir='ltr' id='par_1_4' title="bbox 195 494 2027 628">
     <span class='ocr_line' id='line_1_5' title="bbox 195 494 2027 566; baseline 0.009 -28"><span class='ocrx_word' id='word_1_22' title='bbox 195 497 397 544; x_wconf 69' lang='lat' dir='ltr'>Panas-ea</span> <span class='ocrx_word' id='word_1_23' title='bbox 424 499 495 546; x_wconf 81' lang='lat' dir='ltr'>N,</span> <span class='ocrx_word' id='word_1_24' title='bbox 516 529 528 540; x_wconf 84' lang='grc'><strong>.</strong></span> <span class='ocrx_word' id='word_1_25' title='bbox 545 509 562 542; x_wconf 71' lang='grc'>,·</span> <span class='ocrx_word' id='word_1_26' title='bbox 581 528 592 540; x_wconf 94' lang='grc'><strong>.</strong></span> <span class='ocrx_word' id='word_1_27' title='bbox 613 496 671 543; x_wconf 87' lang='lat' dir='ltr'>de</span> <span class='ocrx_word' id='word_1_28' title='bbox 688 494 730 543; x_wconf 89' lang='lat' dir='ltr'>la</span> <span class='ocrx_word' id='word_1_29' title='bbox 750 501 894 544; x_wconf 82' lang='lat' dir='ltr'>Brune</span> <span class='ocrx_word' id='word_1_30' title='bbox 910 531 921 550; x_wconf 88' lang='lat'>‚</span> <span class='ocrx_word' id='word_1_31' title='bbox 943 497 1027 561; x_wconf 71' lang='lat' dir='ltr'>qud</span> <span class='ocrx_word' id='word_1_32' title='bbox 1045 499 1238 559; x_wconf 79' lang='lat' dir='ltr'>utifhlent</span> <span class='ocrx_word' id='word_1_33' title='bbox 1255 502 1298 546; x_wconf 84' lang='lat' dir='ltr'>in</span> <span class='ocrx_word' id='word_1_34' title='bbox 1313 501 1418 564; x_wconf 82' lang='lat' dir='ltr'>regio</span> <span class='ocrx_word' id='word_1_35' title='bbox 1442 501 1732 549; x_wconf 81' lang='lat' dir='ltr'><em>Veteranorum</em></span> <span class='ocrx_word' id='word_1_36' title='bbox 1748 505 2027 566; x_wconf 52' lang='lat' dir='ltr'>InfirmorumJ</span> 
     </span>
     <span class='ocr_line' id='line_1_6' title="bbox 437 562 1788 628; baseline 0.007 -23"><span class='ocrx_word' id='word_1_37' title='bbox 437 577 490 607; x_wconf 82' lang='lat' dir='ltr'>ve</span> <span class='ocrx_word' id='word_1_38' title='bbox 507 564 703 608; x_wconf 82' lang='lat' dir='ltr'><em>Militum</em></span> <span class='ocrx_word' id='word_1_39' title='bbox 720 565 909 628; x_wconf 85' lang='lat' dir='ltr'><em>Hospitio</em></span> <span class='ocrx_word' id='word_1_40' title='bbox 928 600 943 616; x_wconf 90' lang='lat'><em>,</em></span> <span class='ocrx_word' id='word_1_41' title='bbox 961 562 1083 627; x_wconf 60' lang='lat' dir='ltr'>vulgi)</span> <span class='ocrx_word' id='word_1_42' title='bbox 1107 564 1280 614; x_wconf 72' lang='lat' dir='ltr'>l’Hbtel</span> <span class='ocrx_word' id='word_1_43' title='bbox 1298 565 1440 627; x_wconf 85' lang='lat' dir='ltr'>Royal</span> <span class='ocrx_word' id='word_1_44' title='bbox 1457 565 1534 613; x_wconf 83' lang='lat' dir='ltr'>des</span> <span class='ocrx_word' id='word_1_45' title='bbox 1553 567 1788 615; x_wconf 85' lang='lat' dir='ltr'>Invalides.</span> 
     </span>
    </p>
   </div>
   <div class='ocr_carea' id='block_1_5' title="bbox 174 668 2025 2938">
    <p class='ocr_par' dir='ltr' id='par_1_5' title="bbox 191 668 2025 930">
     <span class='ocr_line' id='line_1_7' title="bbox 256 668 2024 740; baseline 0.006 -25"><span class='ocrx_word' id='word_1_46' title='bbox 256 681 310 723; x_wconf 61' lang='lat' dir='ltr'>gt.</span> <span class='ocrx_word' id='word_1_47' title='bbox 335 669 554 715; x_wconf 73' lang='lat' dir='ltr'>Mercurii</span> <span class='ocrx_word' id='word_1_48' title='bbox 574 685 625 713; x_wconf 82' lang='lat' dir='ltr'>ex</span> <span class='ocrx_word' id='word_1_49' title='bbox 655 668 872 715; x_wconf 81' lang='lat' dir='ltr'>cinnabari</span> <span class='ocrx_word' id='word_1_50' title='bbox 898 669 1087 716; x_wconf 76' lang='lat' dir='ltr'><em>redivivi</em></span> <span class='ocrx_word' id='word_1_51' title='bbox 1121 688 1163 735; x_wconf 89' lang='lat' dir='ltr'>q.</span> <span class='ocrx_word' id='word_1_52' title='bbox 1198 690 1241 716; x_wconf 90' lang='lat' dir='ltr'>v.</span> <span class='ocrx_word' id='word_1_53' title='bbox 1271 689 1336 717; x_wconf 80' lang='lat' dir='ltr'>ex.</span> <span class='ocrx_word' id='word_1_54' title='bbox 1365 686 1477 736; x_wconf 78' lang='lat' dir='ltr'>grat.</span> <span class='ocrx_word' id='word_1_55' title='bbox 1512 671 1589 718; x_wconf 88' lang='lat' dir='ltr'>lib.</span> <span class='ocrx_word' id='word_1_56' title='bbox 1617 677 1645 733; x_wconf 78' lang='lat' dir='ltr'>j.</span> <span class='ocrx_word' id='word_1_57' title='bbox 1673 674 1943 740; x_wconf 85' lang='lat' dir='ltr'>superfuude</span> <span class='ocrx_word' id='word_1_58' title='bbox 1975 678 2024 726; x_wconf 85' lang='lat' dir='ltr'>in</span> 
     </span>
     <span class='ocr_line' id='line_1_8' title="bbox 193 732 2025 806; baseline 0.007 -29"><span class='ocrx_word' id='word_1_59' title='bbox 193 733 454 778; x_wconf 86' lang='lat' dir='ltr'>matratium</span> <span class='ocrx_word' id='word_1_60' title='bbox 487 750 578 794; x_wconf 87' lang='lat' dir='ltr'>quo</span> <span class='ocrx_word' id='word_1_61' title='bbox 614 735 898 785; x_wconf 82' lang='lat' dir='ltr'>continetur,</span> <span class='ocrx_word' id='word_1_62' title='bbox 929 732 1101 796; x_wconf 71' lang='lat' dir='ltr'>spiritus</span> <span class='ocrx_word' id='word_1_63' title='bbox 1133 736 1238 781; x_wconf 88' lang='lat' dir='ltr'>nitri</span> <span class='ocrx_word' id='word_1_64' title='bbox 1270 737 1428 800; x_wconf 89' lang='lat' dir='ltr'>optimi</span> <span class='ocrx_word' id='word_1_65' title='bbox 1462 738 1627 800; x_wconf 83' lang='lat' dir='ltr'>aequale</span> <span class='ocrx_word' id='word_1_66' title='bbox 1658 741 1845 803; x_wconf 86' lang='lat' dir='ltr'>pondus.</span> <span class='ocrx_word' id='word_1_67' title='bbox 1880 743 2025 806; x_wconf 83' lang='lat' dir='ltr'>Dige-</span> 
     </span>
     <span class='ocr_line' id='line_1_9' title="bbox 198 796 2025 863; baseline 0.008 -22"><span class='ocrx_word' id='word_1_68' title='bbox 198 812 353 843; x_wconf 85' lang='lat' dir='ltr'>rantur</span> <span class='ocrx_word' id='word_1_69' title='bbox 388 798 474 843; x_wconf 70' lang='lat' dir='ltr'>una</span> <span class='ocrx_word' id='word_1_70' title='bbox 504 796 665 844; x_wconf 89' lang='lat' dir='ltr'>balneo</span> <span class='ocrx_word' id='word_1_71' title='bbox 700 816 865 849; x_wconf 81' lang='lat' dir='ltr'>arenae,</span> <span class='ocrx_word' id='word_1_72' title='bbox 888 798 1033 844; x_wconf 91' lang='lat' dir='ltr'>donec</span> <span class='ocrx_word' id='word_1_73' title='bbox 1063 801 1315 846; x_wconf 72' lang='lat' dir='ltr'>Mercurius</span> <span class='ocrx_word' id='word_1_74' title='bbox 1333 800 1560 847; x_wconf 82' lang='lat' dir='ltr'>dissolutus</span> <span class='ocrx_word' id='word_1_75' title='bbox 1588 803 1650 849; x_wconf 81' lang='lat' dir='ltr'>[it.</span> <span class='ocrx_word' id='word_1_76' title='bbox 1677 806 1766 851; x_wconf 84' lang='lat' dir='ltr'>Fiat</span> <span class='ocrx_word' id='word_1_77' title='bbox 1792 821 1896 855; x_wconf 87' lang='lat' dir='ltr'>tunc</span> <span class='ocrx_word' id='word_1_78' title='bbox 1924 808 2025 863; x_wconf 41' lang='lat' dir='ltr'>bal&lt;</span> 
     </span>
     <span class='ocr_line' id='line_1_10' title="bbox 191 859 1623 930; baseline 0.005 -23"><span class='ocrx_word' id='word_1_79' title='bbox 191 876 281 908; x_wconf 87' lang='lat' dir='ltr'>neo</span> <span class='ocrx_word' id='word_1_80' title='bbox 304 861 465 909; x_wconf 90' lang='lat' dir='ltr'>eodem</span> <span class='ocrx_word' id='word_1_81' title='bbox 485 859 560 908; x_wconf 89' lang='lat' dir='ltr'>sed</span> <span class='ocrx_word' id='word_1_82' title='bbox 577 862 817 909; x_wconf 80' lang='lat' dir='ltr'>intensiore</span> <span class='ocrx_word' id='word_1_83' title='bbox 835 864 1092 926; x_wconf 79' lang='lat' dir='ltr'>evaporatio</span> <span class='ocrx_word' id='word_1_84' title='bbox 1123 865 1178 911; x_wconf 88' lang='lat' dir='ltr'>ad</span> <span class='ocrx_word' id='word_1_85' title='bbox 1205 865 1445 912; x_wconf 80' lang='lat' dir='ltr'>ficcitatem</span> <span class='ocrx_word' id='word_1_86' title='bbox 1474 866 1623 930; x_wconf 86' lang='lat' dir='ltr'>usque.</span> 
     </span>
    </p>

    <p class='ocr_par' dir='ltr' id='par_1_6' title="bbox 188 926 2024 1171">
     <span class='ocr_line' id='line_1_11' title="bbox 257 926 2022 990; baseline 0.007 -19"><span class='ocrx_word' id='word_1_87' title='bbox 257 926 397 973; x_wconf 75' lang='lat' dir='ltr'>Masta</span> <span class='ocrx_word' id='word_1_88' title='bbox 412 961 423 979; x_wconf 94' lang='lat'>,</span> <span class='ocrx_word' id='word_1_89' title='bbox 444 944 538 990; x_wconf 85' lang='lat' dir='ltr'>quae</span> <span class='ocrx_word' id='word_1_90' title='bbox 572 926 742 973; x_wconf 72' lang='lat' dir='ltr'>residua</span> <span class='ocrx_word' id='word_1_91' title='bbox 771 929 829 974; x_wconf 89' lang='lat' dir='ltr'>est</span> <span class='ocrx_word' id='word_1_92' title='bbox 844 961 856 980; x_wconf 87' lang='lat'>‚</span> <span class='ocrx_word' id='word_1_93' title='bbox 878 927 1113 974; x_wconf 82' lang='lat' dir='ltr'>misceatur</span> <span class='ocrx_word' id='word_1_94' title='bbox 1134 947 1235 976; x_wconf 88' lang='lat' dir='ltr'>cum</span> <span class='ocrx_word' id='word_1_95' title='bbox 1255 930 1425 977; x_wconf 86' lang='lat' dir='ltr'>vitrioli</span> <span class='ocrx_word' id='word_1_96' title='bbox 1447 930 1503 976; x_wconf 86' lang='lat' dir='ltr'>ad</span> <span class='ocrx_word' id='word_1_97' title='bbox 1527 932 1726 980; x_wconf 82' lang='lat' dir='ltr'>alborem</span> <span class='ocrx_word' id='word_1_98' title='bbox 1750 935 1955 982; x_wconf 84' lang='lat' dir='ltr'>calcinati</span> <span class='ocrx_word' id='word_1_99' title='bbox 1974 940 2022 983; x_wconf 84' lang='lat'>&amp;</span> 
     </span>
     <span class='ocr_line' id='line_1_12' title="bbox 193 987 2024 1056; baseline 0.007 -20"><span class='ocrx_word' id='word_1_100' title='bbox 193 987 292 1037; x_wconf 81' lang='lat' dir='ltr'>salis</span> <span class='ocrx_word' id='word_1_101' title='bbox 313 992 473 1038; x_wconf 85' lang='lat' dir='ltr'>marini</span> <span class='ocrx_word' id='word_1_102' title='bbox 491 991 753 1056; x_wconf 83' lang='lat' dir='ltr'>decrepitati</span> <span class='ocrx_word' id='word_1_103' title='bbox 770 1010 851 1037; x_wconf 71' lang='lat' dir='ltr'>anet</span> <span class='ocrx_word' id='word_1_104' title='bbox 877 992 955 1038; x_wconf 85' lang='lat' dir='ltr'>lib.</span> <span class='ocrx_word' id='word_1_105' title='bbox 973 997 1000 1053; x_wconf 83' lang='lat' dir='ltr'>j.</span> <span class='ocrx_word' id='word_1_106' title='bbox 1023 995 1192 1041; x_wconf 81' lang='lat' dir='ltr'>Omnia</span> <span class='ocrx_word' id='word_1_107' title='bbox 1213 995 1299 1041; x_wconf 66' lang='lat' dir='ltr'>una</span> <span class='ocrx_word' id='word_1_108' title='bbox 1319 1011 1607 1043; x_wconf 87' lang='lat' dir='ltr'>conterantur</span> <span class='ocrx_word' id='word_1_109' title='bbox 1640 998 1686 1043; x_wconf 91' lang='lat' dir='ltr'>in</span> <span class='ocrx_word' id='word_1_110' title='bbox 1716 1000 1931 1048; x_wconf 88' lang='lat' dir='ltr'>mortario</span> <span class='ocrx_word' id='word_1_111' title='bbox 1951 1001 2024 1048; x_wconf 89' lang='lat' dir='ltr'>vi·</span> 
     </span>
     <span class='ocr_line' id='line_1_13' title="bbox 194 1056 2023 1130; baseline 0.007 -29"><span class='ocrx_word' id='word_1_112' title='bbox 194 1070 293 1102; x_wconf 89' lang='lat' dir='ltr'>treo</span> <span class='ocrx_word' id='word_1_113' title='bbox 318 1074 418 1103; x_wconf 88' lang='lat' dir='ltr'>cum</span> <span class='ocrx_word' id='word_1_114' title='bbox 440 1056 586 1102; x_wconf 79' lang='lat' dir='ltr'>vitreo</span> <span class='ocrx_word' id='word_1_115' title='bbox 608 1056 766 1120; x_wconf 87' lang='lat' dir='ltr'>pistillo</span> <span class='ocrx_word' id='word_1_116' title='bbox 781 1090 793 1108; x_wconf 87' lang='lat'>‚</span> <span class='ocrx_word' id='word_1_117' title='bbox 815 1057 884 1101; x_wconf 86' lang='lat' dir='ltr'>vel</span> <span class='ocrx_word' id='word_1_118' title='bbox 902 1057 948 1101; x_wconf 86' lang='lat' dir='ltr'>in</span> <span class='ocrx_word' id='word_1_119' title='bbox 965 1060 1180 1106; x_wconf 81' lang='lat' dir='ltr'>mortario</span> <span class='ocrx_word' id='word_1_120' title='bbox 1200 1077 1453 1107; x_wconf 88' lang='lat' dir='ltr'>marmoreo</span> <span class='ocrx_word' id='word_1_121' title='bbox 1472 1078 1573 1107; x_wconf 89' lang='lat' dir='ltr'>cum</span> <span class='ocrx_word' id='word_1_122' title='bbox 1593 1063 1751 1126; x_wconf 82' lang='lat' dir='ltr'>pistillo</span> <span class='ocrx_word' id='word_1_123' title='bbox 1770 1065 1924 1130; x_wconf 86' lang='lat' dir='ltr'>ligneo</span> <span class='ocrx_word' id='word_1_124' title='bbox 1938 1099 1951 1120; x_wconf 90' lang='lat'><em>‚</em></span> <span class='ocrx_word' id='word_1_125' title='bbox 1969 1084 2023 1114; x_wconf 78' lang='lat' dir='ltr'>ac</span> 
     </span>
     <span class='ocr_line' id='line_1_14' title="bbox 188 1118 1533 1171; baseline 0.004 -6"><span class='ocrx_word' id='word_1_126' title='bbox 188 1118 236 1166; x_wconf 86' lang='lat' dir='ltr'>in</span> <span class='ocrx_word' id='word_1_127' title='bbox 260 1121 514 1166; x_wconf 86' lang='lat' dir='ltr'>matrarium</span> <span class='ocrx_word' id='word_1_128' title='bbox 532 1121 675 1167; x_wconf 82' lang='lat' dir='ltr'>indita</span> <span class='ocrx_word' id='word_1_129' title='bbox 696 1120 990 1167; x_wconf 82' lang='lat' dir='ltr'>sublimentur</span> <span class='ocrx_word' id='word_1_130' title='bbox 1008 1139 1062 1169; x_wconf 82' lang='lat' dir='ltr'>ex</span> <span class='ocrx_word' id='word_1_131' title='bbox 1086 1139 1180 1170; x_wconf 82' lang='lat' dir='ltr'>arte</span> <span class='ocrx_word' id='word_1_132' title='bbox 1200 1123 1362 1171; x_wconf 87' lang='lat' dir='ltr'>balneo</span> <span class='ocrx_word' id='word_1_133' title='bbox 1381 1142 1533 1170; x_wconf 81' lang='lat' dir='ltr'>arenae.</span> 
     </span>
    </p>

    <p class='ocr_par' dir='ltr' id='par_1_7' title="bbox 182 1185 2020 1556">
     <span class='ocr_line' id='line_1_15' title="bbox 252 1185 2020 1248; baseline 0.006 -18"><span class='ocrx_word' id='word_1_134' title='bbox 252 1185 516 1246; x_wconf 89' lang='lat' dir='ltr'>Crystallina</span> <span class='ocrx_word' id='word_1_135' title='bbox 536 1185 740 1232; x_wconf 84' lang='lat' dir='ltr'>materies</span> <span class='ocrx_word' id='word_1_136' title='bbox 755 1220 766 1238; x_wconf 87' lang='lat'>‚</span> <span class='ocrx_word' id='word_1_137' title='bbox 785 1202 880 1248; x_wconf 82' lang='lat' dir='ltr'>quae</span> <span class='ocrx_word' id='word_1_138' title='bbox 901 1187 1095 1232; x_wconf 80' lang='lat' dir='ltr'>mati-atii</span> <span class='ocrx_word' id='word_1_139' title='bbox 1129 1188 1337 1235; x_wconf 83' lang='lat' dir='ltr'>lateribus</span> <span class='ocrx_word' id='word_1_140' title='bbox 1373 1189 1566 1236; x_wconf 82' lang='lat' dir='ltr'>adbaeret</span> <span class='ocrx_word' id='word_1_141' title='bbox 1592 1190 1824 1240; x_wconf 80' lang='lat' dir='ltr'>sublimata</span> <span class='ocrx_word' id='word_1_142' title='bbox 1847 1227 1859 1246; x_wconf 89' lang='lat'>‚</span> <span class='ocrx_word' id='word_1_143' title='bbox 1882 1193 1906 1240; x_wconf 84' lang='grc' dir='ltr'>ὲ</span> <span class='ocrx_word' id='word_1_144' title='bbox 1925 1193 2020 1240; x_wconf 78' lang='lat' dir='ltr'>dif-</span> 
     </span>
     <span class='ocr_line' id='line_1_16' title="bbox 187 1247 2017 1318; baseline 0.007 -24"><span class='ocrx_word' id='word_1_145' title='bbox 187 1247 329 1296; x_wconf 63' lang='lat' dir='ltr'>fracto</span> <span class='ocrx_word' id='word_1_146' title='bbox 351 1250 556 1296; x_wconf 84' lang='lat' dir='ltr'>matratio</span> <span class='ocrx_word' id='word_1_147' title='bbox 574 1265 779 1314; x_wconf 84' lang='lat' dir='ltr'>exempta</span> <span class='ocrx_word' id='word_1_148' title='bbox 799 1255 845 1296; x_wconf 75' lang='lat' dir='ltr'>&lt;Sc</span> <span class='ocrx_word' id='word_1_149' title='bbox 868 1251 992 1297; x_wconf 74' lang='lat' dir='ltr'>caute</span> <span class='ocrx_word' id='word_1_150' title='bbox 1014 1251 1176 1298; x_wconf 84' lang='lat' dir='ltr'>secreta</span> <span class='ocrx_word' id='word_1_151' title='bbox 1198 1269 1292 1299; x_wconf 88' lang='lat' dir='ltr'>tum</span> <span class='ocrx_word' id='word_1_152' title='bbox 1320 1254 1342 1300; x_wconf 68' lang='lat' dir='ltr'>a</span> <span class='ocrx_word' id='word_1_153' title='bbox 1362 1253 1540 1301; x_wconf 63' lang='lat' dir='ltr'>faecibus</span> <span class='ocrx_word' id='word_1_154' title='bbox 1559 1289 1569 1306; x_wconf 86' lang='grc'>,</span> <span class='ocrx_word' id='word_1_155' title='bbox 1586 1273 1677 1318; x_wconf 85' lang='lat' dir='ltr'>quae</span> <span class='ocrx_word' id='word_1_156' title='bbox 1701 1257 1819 1303; x_wconf 66' lang='lat' dir='ltr'>infra</span> <span class='ocrx_word' id='word_1_157' title='bbox 1834 1292 1846 1311; x_wconf 91' lang='lat'>,</span> <span class='ocrx_word' id='word_1_158' title='bbox 1876 1274 1970 1306; x_wconf 86' lang='lat' dir='ltr'>tum</span> <span class='ocrx_word' id='word_1_159' title='bbox 1991 1259 2017 1307; x_wconf 70' lang='grc' dir='ltr'>ῑὶ</span> 
     </span>
     <span class='ocr_line' id='line_1_17' title="bbox 188 1313 2018 1384; baseline 0.007 -26"><span class='ocrx_word' id='word_1_160' title='bbox 188 1313 445 1362; x_wconf 85' lang='lat' dir='ltr'>volatiliore</span> <span class='ocrx_word' id='word_1_161' title='bbox 478 1319 525 1360; x_wconf 60' lang='grc' dir='ltr'>δι’</span> <span class='ocrx_word' id='word_1_162' title='bbox 559 1314 786 1361; x_wconf 83' lang='lat' dir='ltr'>farinaceo</span> <span class='ocrx_word' id='word_1_163' title='bbox 818 1314 1009 1379; x_wconf 82' lang='lat' dir='ltr'>polline,</span> <span class='ocrx_word' id='word_1_164' title='bbox 1035 1318 1161 1379; x_wconf 87' lang='lat' dir='ltr'>quod</span> <span class='ocrx_word' id='word_1_165' title='bbox 1188 1320 1245 1364; x_wconf 91' lang='lat' dir='ltr'>est</span> <span class='ocrx_word' id='word_1_166' title='bbox 1271 1318 1395 1383; x_wconf 68' lang='lat' dir='ltr'>supra</span> <span class='ocrx_word' id='word_1_167' title='bbox 1415 1353 1427 1372; x_wconf 83' lang='lat'>,</span> <span class='ocrx_word' id='word_1_168' title='bbox 1447 1320 1596 1365; x_wconf 79' lang='lat' dir='ltr'>denuo</span> <span class='ocrx_word' id='word_1_169' title='bbox 1631 1336 1678 1365; x_wconf 89' lang='lat' dir='ltr'>ut</span> <span class='ocrx_word' id='word_1_170' title='bbox 1706 1321 1824 1384; x_wconf 71' lang='lat' dir='ltr'>prius</span> <span class='ocrx_word' id='word_1_171' title='bbox 1857 1340 2018 1371; x_wconf 85' lang='lat' dir='ltr'>conte-</span> 
     </span>
     <span class='ocr_line' id='line_1_18' title="bbox 185 1379 2018 1446; baseline 0.006 -22"><span class='ocrx_word' id='word_1_172' title='bbox 185 1393 304 1424; x_wconf 83' lang='lat' dir='ltr'>ratur</span> <span class='ocrx_word' id='word_1_173' title='bbox 323 1396 423 1424; x_wconf 87' lang='lat' dir='ltr'>cum</span> <span class='ocrx_word' id='word_1_174' title='bbox 444 1379 558 1425; x_wconf 74' lang='lat' dir='ltr'>librzi</span> <span class='ocrx_word' id='word_1_175' title='bbox 578 1383 606 1441; x_wconf 85' lang='lat' dir='ltr'>j.</span> <span class='ocrx_word' id='word_1_176' title='bbox 632 1379 727 1426; x_wconf 81' lang='lat' dir='ltr'>salis</span> <span class='ocrx_word' id='word_1_177' title='bbox 746 1379 906 1425; x_wconf 80' lang='lat' dir='ltr'>marini</span> <span class='ocrx_word' id='word_1_178' title='bbox 925 1380 1188 1446; x_wconf 85' lang='lat' dir='ltr'>decrepitati</span> <span class='ocrx_word' id='word_1_179' title='bbox 1204 1416 1217 1435; x_wconf 87' lang='lat'>‚</span> <span class='ocrx_word' id='word_1_180' title='bbox 1245 1388 1292 1428; x_wconf 83' lang='lat'>&amp;</span> <span class='ocrx_word' id='word_1_181' title='bbox 1312 1384 1482 1430; x_wconf 87' lang='lat' dir='ltr'>vitrioli</span> <span class='ocrx_word' id='word_1_182' title='bbox 1507 1384 1561 1429; x_wconf 85' lang='lat' dir='ltr'>ad</span> <span class='ocrx_word' id='word_1_183' title='bbox 1581 1383 1789 1432; x_wconf 82' lang='lat' dir='ltr'>ruborem</span> <span class='ocrx_word' id='word_1_184' title='bbox 1809 1387 2018 1435; x_wconf 72' lang='lat' dir='ltr'>calcinati</span> 
     </span>
     <span class='ocr_line' id='line_1_19' title="bbox 183 1442 2018 1516; baseline 0.006 -27"><span class='ocrx_word' id='word_1_185' title='bbox 183 1442 297 1490; x_wconf 68' lang='lat' dir='ltr'>libra</span> <span class='ocrx_word' id='word_1_186' title='bbox 316 1442 484 1491; x_wconf 77' lang='lat' dir='ltr'>semisse</span> <span class='ocrx_word' id='word_1_187' title='bbox 504 1478 516 1496; x_wconf 81' lang='grc'>,</span> <span class='ocrx_word' id='word_1_188' title='bbox 540 1445 767 1510; x_wconf 67' lang='lat' dir='ltr'>mixtaque</span> <span class='ocrx_word' id='word_1_189' title='bbox 785 1446 990 1493; x_wconf 86' lang='lat' dir='ltr'>materies</span> <span class='ocrx_word' id='word_1_190' title='bbox 1006 1445 1054 1493; x_wconf 90' lang='lat' dir='ltr'>in</span> <span class='ocrx_word' id='word_1_191' title='bbox 1073 1447 1263 1496; x_wconf 84' lang='lat' dir='ltr'>alterum</span> <span class='ocrx_word' id='word_1_192' title='bbox 1280 1450 1534 1497; x_wconf 84' lang='lat' dir='ltr'>matratium</span> <span class='ocrx_word' id='word_1_193' title='bbox 1552 1449 1731 1497; x_wconf 86' lang='lat' dir='ltr'>indatur</span> <span class='ocrx_word' id='word_1_194' title='bbox 1746 1451 1852 1516; x_wconf 82' lang='lat' dir='ltr'>igne</span> <span class='ocrx_word' id='word_1_195' title='bbox 1875 1469 2018 1501; x_wconf 68' lang='lat' dir='ltr'>arenae</span> 
     </span>
     <span class='ocr_line' id='line_1_20' title="bbox 182 1506 662 1556; baseline 0.004 -2"><span class='ocrx_word' id='word_1_196' title='bbox 182 1506 348 1554; x_wconf 74' lang='lat' dir='ltr'>iterum</span> <span class='ocrx_word' id='word_1_197' title='bbox 370 1507 662 1556; x_wconf 76' lang='lat' dir='ltr'>sublimanda.</span> 
     </span>
    </p>

    <p class='ocr_par' dir='ltr' id='par_1_8' title="bbox 179 1572 2021 1954">
     <span class='ocr_line' id='line_1_21' title="bbox 245 1572 2016 1645; baseline 0.005 -26"><span class='ocrx_word' id='word_1_198' title='bbox 245 1577 375 1620; x_wconf 87' lang='lat' dir='ltr'>Tunc</span> <span class='ocrx_word' id='word_1_199' title='bbox 396 1572 536 1620; x_wconf 63' lang='lat' dir='ltr'>frasto</span> <span class='ocrx_word' id='word_1_200' title='bbox 567 1574 711 1621; x_wconf 74' lang='lat' dir='ltr'>rursus</span> <span class='ocrx_word' id='word_1_201' title='bbox 746 1575 952 1622; x_wconf 87' lang='lat' dir='ltr'>matratio</span> <span class='ocrx_word' id='word_1_202' title='bbox 981 1577 1228 1638; x_wconf 87' lang='lat' dir='ltr'>crystallina</span> <span class='ocrx_word' id='word_1_203' title='bbox 1244 1578 1449 1625; x_wconf 86' lang='lat' dir='ltr'>materies</span> <span class='ocrx_word' id='word_1_204' title='bbox 1468 1579 1492 1625; x_wconf 71' lang='grc' dir='ltr'>εὶ</span> <span class='ocrx_word' id='word_1_205' title='bbox 1510 1579 1690 1626; x_wconf 85' lang='lat' dir='ltr'>faecibus</span> <span class='ocrx_word' id='word_1_206' title='bbox 1719 1584 1765 1626; x_wconf 73' lang='grc' dir='ltr'>δε</span> <span class='ocrx_word' id='word_1_207' title='bbox 1795 1581 1818 1626; x_wconf 69' lang='grc' dir='ltr'>εὶ</span> <span class='ocrx_word' id='word_1_208' title='bbox 1848 1581 2016 1645; x_wconf 85' lang='lat' dir='ltr'>polline</span> 
     </span>
     <span class='ocr_line' id='line_1_22' title="bbox 183 1638 2017 1709; baseline 0.006 -26"><span class='ocrx_word' id='word_1_209' title='bbox 183 1638 411 1701; x_wconf 83' lang='lat' dir='ltr'>utrimque</span> <span class='ocrx_word' id='word_1_210' title='bbox 443 1638 610 1686; x_wconf 84' lang='lat' dir='ltr'>secreta</span> <span class='ocrx_word' id='word_1_211' title='bbox 643 1656 899 1687; x_wconf 83' lang='lat' dir='ltr'>conteratur</span> <span class='ocrx_word' id='word_1_212' title='bbox 938 1659 1038 1687; x_wconf 89' lang='lat' dir='ltr'>cum</span> <span class='ocrx_word' id='word_1_213' title='bbox 1061 1641 1175 1688; x_wconf 70' lang='lat' dir='ltr'>librz‘i</span> <span class='ocrx_word' id='word_1_214' title='bbox 1196 1643 1282 1689; x_wconf 64' lang='lat' dir='ltr'>und</span> <span class='ocrx_word' id='word_1_215' title='bbox 1310 1643 1405 1690; x_wconf 84' lang='lat' dir='ltr'>salis</span> <span class='ocrx_word' id='word_1_216' title='bbox 1428 1645 1589 1691; x_wconf 87' lang='lat' dir='ltr'>marini</span> <span class='ocrx_word' id='word_1_217' title='bbox 1618 1646 1881 1709; x_wconf 78' lang='lat' dir='ltr'>decrepitati</span> <span class='ocrx_word' id='word_1_218' title='bbox 1902 1646 1915 1699; x_wconf 43' lang='grc' dir='ltr'>ξ</span> <span class='ocrx_word' id='word_1_219' title='bbox 1938 1646 2017 1694; x_wconf 84' lang='lat' dir='ltr'>sed</span> 
     </span>
     <span class='ocr_line' id='line_1_23' title="bbox 180 1701 2021 1772; baseline 0.005 -25"><span class='ocrx_word' id='word_1_220' title='bbox 180 1701 272 1750; x_wconf 86' lang='lat' dir='ltr'>fine</span> <span class='ocrx_word' id='word_1_221' title='bbox 304 1703 538 1750; x_wconf 81' lang='lat' dir='ltr'>additione</span> <span class='ocrx_word' id='word_1_222' title='bbox 568 1703 697 1750; x_wconf 81' lang='lat' dir='ltr'>ullius</span> <span class='ocrx_word' id='word_1_223' title='bbox 728 1705 897 1750; x_wconf 87' lang='lat' dir='ltr'>vitrioli</span> <span class='ocrx_word' id='word_1_224' title='bbox 917 1739 929 1756; x_wconf 85' lang='lat'>‚</span> <span class='ocrx_word' id='word_1_225' title='bbox 954 1724 1003 1752; x_wconf 80' lang='lat' dir='ltr'>ac</span> <span class='ocrx_word' id='word_1_226' title='bbox 1039 1707 1205 1755; x_wconf 90' lang='lat' dir='ltr'>deinde</span> <span class='ocrx_word' id='word_1_227' title='bbox 1227 1707 1304 1755; x_wconf 86' lang='lat' dir='ltr'>fiat</span> <span class='ocrx_word' id='word_1_228' title='bbox 1338 1726 1391 1756; x_wconf 83' lang='lat' dir='ltr'>ex</span> <span class='ocrx_word' id='word_1_229' title='bbox 1424 1710 1527 1755; x_wconf 83' lang='lat' dir='ltr'>artis</span> <span class='ocrx_word' id='word_1_230' title='bbox 1552 1710 1721 1772; x_wconf 82' lang='lat' dir='ltr'>legibus</span> <span class='ocrx_word' id='word_1_231' title='bbox 1756 1709 2021 1757; x_wconf 83' lang='lat' dir='ltr'>sublimatio</span> 
     </span>
     <span class='ocr_line' id='line_1_24' title="bbox 182 1767 2015 1837; baseline 0.006 -25"><span class='ocrx_word' id='word_1_232' title='bbox 182 1767 341 1820; x_wconf 85' lang='lat' dir='ltr'>tertia,</span> <span class='ocrx_word' id='word_1_233' title='bbox 363 1767 417 1813; x_wconf 88' lang='lat' dir='ltr'>fic</span> <span class='ocrx_word' id='word_1_234' title='bbox 439 1769 647 1833; x_wconf 84' lang='lat' dir='ltr'>deinceps</span> <span class='ocrx_word' id='word_1_235' title='bbox 665 1769 759 1833; x_wconf 85' lang='lat' dir='ltr'>pari</span> <span class='ocrx_word' id='word_1_236' title='bbox 793 1769 1011 1816; x_wconf 84' lang='lat' dir='ltr'>methodo</span> <span class='ocrx_word' id='word_1_237' title='bbox 1031 1789 1187 1834; x_wconf 84' lang='lat' dir='ltr'>quater</span> <span class='ocrx_word' id='word_1_238' title='bbox 1209 1772 1456 1837; x_wconf 88' lang='lat' dir='ltr'>repetendo</span> <span class='ocrx_word' id='word_1_239' title='bbox 1476 1808 1490 1827; x_wconf 88' lang='lat'>‚</span> <span class='ocrx_word' id='word_1_240' title='bbox 1512 1776 1642 1820; x_wconf 86' lang='lat' dir='ltr'>toties</span> <span class='ocrx_word' id='word_1_241' title='bbox 1674 1774 1829 1820; x_wconf 86' lang='lat' dir='ltr'>addito</span> <span class='ocrx_word' id='word_1_242' title='bbox 1853 1776 2015 1823; x_wconf 85' lang='lat' dir='ltr'>eodem</span> 
     </span>
     <span class='ocr_line' id='line_1_25' title="bbox 179 1830 2015 1902; baseline 0.005 -25"><span class='ocrx_word' id='word_1_243' title='bbox 179 1830 277 1879; x_wconf 86' lang='lat' dir='ltr'>salis</span> <span class='ocrx_word' id='word_1_244' title='bbox 301 1834 460 1880; x_wconf 81' lang='lat' dir='ltr'>marini</span> <span class='ocrx_word' id='word_1_245' title='bbox 480 1834 742 1898; x_wconf 84' lang='lat' dir='ltr'>decrepitati</span> <span class='ocrx_word' id='word_1_246' title='bbox 762 1834 964 1895; x_wconf 88' lang='lat' dir='ltr'>pondere</span> <span class='ocrx_word' id='word_1_247' title='bbox 981 1869 992 1888; x_wconf 87' lang='lat'>,</span> <span class='ocrx_word' id='word_1_248' title='bbox 1010 1836 1155 1884; x_wconf 90' lang='lat' dir='ltr'>donec</span> <span class='ocrx_word' id='word_1_249' title='bbox 1178 1837 1381 1884; x_wconf 85' lang='lat' dir='ltr'>materies</span> <span class='ocrx_word' id='word_1_250' title='bbox 1403 1841 1486 1896; x_wconf 83' lang='lat' dir='ltr'>jam</span> <span class='ocrx_word' id='word_1_251' title='bbox 1504 1838 1658 1902; x_wconf 82' lang='lat' dir='ltr'>septies</span> <span class='ocrx_word' id='word_1_252' title='bbox 1675 1839 1907 1886; x_wconf 86' lang='lat' dir='ltr'>sublimata</span> <span class='ocrx_word' id='word_1_253' title='bbox 1922 1840 2015 1888; x_wconf 82' lang='lat' dir='ltr'>sola.</span> 
     </span>
     <span class='ocr_line' id='line_1_26' title="bbox 180 1897 1964 1954; baseline 0.004 -10"><span class='ocrx_word' id='word_1_254' title='bbox 180 1897 361 1944; x_wconf 81' lang='lat' dir='ltr'>tandem</span> <span class='ocrx_word' id='word_1_255' title='bbox 389 1915 646 1945; x_wconf 83' lang='lat' dir='ltr'>conteratur</span> <span class='ocrx_word' id='word_1_256' title='bbox 667 1903 712 1944; x_wconf 87' lang='lat'>&amp;</span> <span class='ocrx_word' id='word_1_257' title='bbox 734 1898 993 1945; x_wconf 83' lang='lat' dir='ltr'>sublimetur</span> <span class='ocrx_word' id='word_1_258' title='bbox 1017 1899 1106 1947; x_wconf 82' lang='lat' dir='ltr'>sola</span> <span class='ocrx_word' id='word_1_259' title='bbox 1125 1901 1278 1947; x_wconf 58' lang='lat' dir='ltr'>octava</span> <span class='ocrx_word' id='word_1_260' title='bbox 1302 1903 1400 1949; x_wconf 89' lang='lat' dir='ltr'>vice</span> <span class='ocrx_word' id='word_1_261' title='bbox 1419 1936 1430 1954; x_wconf 90' lang='lat'>‚</span> <span class='ocrx_word' id='word_1_262' title='bbox 1450 1903 1537 1951; x_wconf 87' lang='lat' dir='ltr'>fine</span> <span class='ocrx_word' id='word_1_263' title='bbox 1555 1904 1642 1949; x_wconf 91' lang='lat' dir='ltr'>ullo</span> <span class='ocrx_word' id='word_1_264' title='bbox 1665 1903 1747 1951; x_wconf 88' lang='lat' dir='ltr'>sale</span> <span class='ocrx_word' id='word_1_265' title='bbox 1770 1905 1964 1951; x_wconf 86' lang='lat' dir='ltr'>marino.</span> 
     </span>
    </p>

    <p class='ocr_par' dir='ltr' id='par_1_9' title="bbox 175 1963 2017 2402">
     <span class='ocr_line' id='line_1_27' title="bbox 245 1963 2014 2032; baseline 0.005 -22"><span class='ocrx_word' id='word_1_266' title='bbox 245 1963 515 2010; x_wconf 72' lang='lat' dir='ltr'>Sublimatus</span> <span class='ocrx_word' id='word_1_267' title='bbox 549 1964 800 2011; x_wconf 84' lang='lat' dir='ltr'>Mercurius</span> <span class='ocrx_word' id='word_1_268' title='bbox 834 1965 1107 2018; x_wconf 80' lang='lat' dir='ltr'>corrofivus,</span> <span class='ocrx_word' id='word_1_269' title='bbox 1128 1967 1204 2032; x_wconf 86' lang='lat' dir='ltr'>qui</span> <span class='ocrx_word' id='word_1_270' title='bbox 1242 1967 1293 2013; x_wconf 61' lang='lat' dir='ltr'>ea</span> <span class='ocrx_word' id='word_1_271' title='bbox 1325 1967 1500 2016; x_wconf 83' lang='lat' dir='ltr'>ratione</span> <span class='ocrx_word' id='word_1_272' title='bbox 1521 1968 1749 2015; x_wconf 62' lang='lat' dir='ltr'>confectus</span> <span class='ocrx_word' id='word_1_273' title='bbox 1770 1969 1905 2016; x_wconf 86' lang='lat' dir='ltr'>fuerit</span> <span class='ocrx_word' id='word_1_274' title='bbox 1924 2004 1936 2022; x_wconf 89' lang='lat'>,</span> <span class='ocrx_word' id='word_1_275' title='bbox 1964 1971 2014 2018; x_wconf 83' lang='lat' dir='ltr'>in</span> 
     </span>
     <span class='ocr_line' id='line_1_28' title="bbox 180 2027 2014 2096; baseline 0.004 -23"><span class='ocrx_word' id='word_1_276' title='bbox 180 2043 326 2095; x_wconf 83' lang='lat' dir='ltr'>partes</span> <span class='ocrx_word' id='word_1_277' title='bbox 343 2027 450 2075; x_wconf 79' lang='lat' dir='ltr'>duas</span> <span class='ocrx_word' id='word_1_278' title='bbox 471 2028 654 2092; x_wconf 78' lang='lat' dir='ltr'>aequales</span> <span class='ocrx_word' id='word_1_279' title='bbox 671 2027 913 2075; x_wconf 81' lang='lat' dir='ltr'>dividatur.</span> <span class='ocrx_word' id='word_1_280' title='bbox 942 2029 1007 2075; x_wconf 87' lang='lat' dir='ltr'>Sit</span> <span class='ocrx_word' id='word_1_281' title='bbox 1028 2048 1074 2077; x_wconf 87' lang='lat' dir='ltr'>v.</span> <span class='ocrx_word' id='word_1_282' title='bbox 1089 2047 1132 2092; x_wconf 80' lang='lat' dir='ltr'>g.</span> <span class='ocrx_word' id='word_1_283' title='bbox 1153 2049 1249 2096; x_wconf 85' lang='lat' dir='ltr'>pars</span> <span class='ocrx_word' id='word_1_284' title='bbox 1267 2050 1351 2079; x_wconf 85' lang='lat' dir='ltr'>una</span> <span class='ocrx_word' id='word_1_285' title='bbox 1365 2033 1552 2078; x_wconf 86' lang='lat' dir='ltr'>dimidia</span> <span class='ocrx_word' id='word_1_286' title='bbox 1571 2032 1787 2079; x_wconf 87' lang='lat' dir='ltr'>librarum</span> <span class='ocrx_word' id='word_1_287' title='bbox 1806 2034 2014 2090; x_wconf 85' lang='lat' dir='ltr'>duarum,</span> 
     </span>
     <span class='ocr_line' id='line_1_29' title="bbox 175 2093 2017 2161; baseline 0.004 -23"><span class='ocrx_word' id='word_1_288' title='bbox 175 2109 274 2158; x_wconf 77' lang='lat' dir='ltr'>quae</span> <span class='ocrx_word' id='word_1_289' title='bbox 300 2093 347 2140; x_wconf 85' lang='lat' dir='ltr'>in</span> <span class='ocrx_word' id='word_1_290' title='bbox 369 2093 601 2158; x_wconf 79' lang='lat' dir='ltr'>pulverem</span> <span class='ocrx_word' id='word_1_291' title='bbox 629 2094 822 2141; x_wconf 85' lang='lat' dir='ltr'>contrita</span> <span class='ocrx_word' id='word_1_292' title='bbox 847 2093 894 2139; x_wconf 88' lang='lat' dir='ltr'>in</span> <span class='ocrx_word' id='word_1_293' title='bbox 929 2096 1147 2141; x_wconf 86' lang='lat' dir='ltr'>mortario</span> <span class='ocrx_word' id='word_1_294' title='bbox 1170 2096 1315 2143; x_wconf 89' lang='lat' dir='ltr'>vitreo</span> <span class='ocrx_word' id='word_1_295' title='bbox 1348 2115 1447 2143; x_wconf 91' lang='lat' dir='ltr'>cum</span> <span class='ocrx_word' id='word_1_296' title='bbox 1482 2099 1627 2144; x_wconf 85' lang='lat' dir='ltr'>vitreo</span> <span class='ocrx_word' id='word_1_297' title='bbox 1647 2098 1802 2161; x_wconf 85' lang='lat' dir='ltr'>pistillo</span> <span class='ocrx_word' id='word_1_298' title='bbox 1819 2132 1831 2151; x_wconf 82' lang='lat'>‚</span> <span class='ocrx_word' id='word_1_299' title='bbox 1855 2099 2017 2146; x_wconf 87' lang='lat' dir='ltr'>mixta-</span> 
     </span>
     <span class='ocr_line' id='line_1_30' title="bbox 180 2157 2016 2224; baseline 0.004 -21"><span class='ocrx_word' id='word_1_300' title='bbox 180 2175 270 2220; x_wconf 89' lang='lat' dir='ltr'>que</span> <span class='ocrx_word' id='word_1_301' title='bbox 291 2176 389 2204; x_wconf 86' lang='lat' dir='ltr'>cum</span> <span class='ocrx_word' id='word_1_302' title='bbox 408 2157 520 2205; x_wconf 65' lang='lat' dir='ltr'>libra</span> <span class='ocrx_word' id='word_1_303' title='bbox 541 2158 627 2204; x_wconf 65' lang='lat' dir='ltr'>una</span> <span class='ocrx_word' id='word_1_304' title='bbox 649 2159 791 2222; x_wconf 81' lang='lat' dir='ltr'>reguli</span> <span class='ocrx_word' id='word_1_305' title='bbox 813 2159 1110 2205; x_wconf 81' lang='lat' dir='ltr'>antimonialis</span> <span class='ocrx_word' id='word_1_306' title='bbox 1129 2161 1292 2224; x_wconf 86' lang='lat' dir='ltr'>pariter</span> <span class='ocrx_word' id='word_1_307' title='bbox 1317 2162 1529 2214; x_wconf 85' lang='lat' dir='ltr'>contriti,</span> <span class='ocrx_word' id='word_1_308' title='bbox 1547 2162 1778 2210; x_wconf 80' lang='lat' dir='ltr'>distilletur</span> <span class='ocrx_word' id='word_1_309' title='bbox 1797 2181 1849 2209; x_wconf 84' lang='lat' dir='ltr'>ex</span> <span class='ocrx_word' id='word_1_310' title='bbox 1865 2179 2016 2211; x_wconf 85' lang='lat' dir='ltr'>retor-</span> 
     </span>
     <span class='ocr_line' id='line_1_31' title="bbox 177 2221 2013 2293; baseline 0.004 -25"><span class='ocrx_word' id='word_1_311' title='bbox 177 2221 222 2270; x_wconf 67' lang='grc' dir='ltr'>ῑὲι</span> <span class='ocrx_word' id='word_1_312' title='bbox 246 2222 350 2284; x_wconf 81' lang='lat' dir='ltr'>igne</span> <span class='ocrx_word' id='word_1_313' title='bbox 371 2224 619 2271; x_wconf 86' lang='lat' dir='ltr'>reverberii</span> <span class='ocrx_word' id='word_1_314' title='bbox 638 2223 857 2287; x_wconf 83' lang='lat' dir='ltr'>gradatim</span> <span class='ocrx_word' id='word_1_315' title='bbox 875 2224 1155 2270; x_wconf 85' lang='lat' dir='ltr'>intendendo</span> <span class='ocrx_word' id='word_1_316' title='bbox 1175 2259 1187 2278; x_wconf 83' lang='lat'>‚</span> <span class='ocrx_word' id='word_1_317' title='bbox 1208 2225 1353 2271; x_wconf 89' lang='lat' dir='ltr'>donec</span> <span class='ocrx_word' id='word_1_318' title='bbox 1380 2226 1568 2290; x_wconf 81' lang='lat' dir='ltr'>prodeat</span> <span class='ocrx_word' id='word_1_319' title='bbox 1590 2227 1637 2271; x_wconf 92' lang='lat' dir='ltr'>in</span> <span class='ocrx_word' id='word_1_320' title='bbox 1663 2227 1880 2291; x_wconf 86' lang='lat' dir='ltr'>recipiens</span> <span class='ocrx_word' id='word_1_321' title='bbox 1900 2229 2013 2293; x_wconf 61' lang='lat' dir='ltr'>aquai.</span> 
     </span>
     <span class='ocr_line' id='line_1_32' title="bbox 179 2286 2012 2358; baseline 0.005 -26"><span class='ocrx_word' id='word_1_322' title='bbox 179 2286 497 2353; x_wconf 81' lang='lat' dir='ltr'>semi-plenum</span> <span class='ocrx_word' id='word_1_323' title='bbox 516 2289 769 2341; x_wconf 83' lang='lat' dir='ltr'>Mercurius</span> <span class='ocrx_word' id='word_1_324' title='bbox 791 2306 844 2340; x_wconf 81' lang='lat' dir='ltr'>ex</span> <span class='ocrx_word' id='word_1_325' title='bbox 874 2287 1109 2339; x_wconf 80' lang='lat' dir='ltr'>sublimato</span> <span class='ocrx_word' id='word_1_326' title='bbox 1128 2290 1356 2341; x_wconf 82' lang='lat' dir='ltr'>redivivus</span> <span class='ocrx_word' id='word_1_327' title='bbox 1370 2324 1383 2344; x_wconf 86' lang='lat'>,</span> <span class='ocrx_word' id='word_1_328' title='bbox 1404 2290 1480 2358; x_wconf 88' lang='lat' dir='ltr'>qui</span> <span class='ocrx_word' id='word_1_329' title='bbox 1495 2290 1632 2358; x_wconf 63' lang='lat' dir='ltr'>prob&amp;</span> <span class='ocrx_word' id='word_1_330' title='bbox 1651 2291 1866 2341; x_wconf 86' lang='lat' dir='ltr'>eluendus</span> <span class='ocrx_word' id='word_1_331' title='bbox 1885 2295 1944 2342; x_wconf 92' lang='lat' dir='ltr'>est</span> <span class='ocrx_word' id='word_1_332' title='bbox 1962 2299 2012 2342; x_wconf 76' lang='grc' dir='ltr'>δε</span> 
     </span>
     <span class='ocr_line' id='line_1_33' title="bbox 178 2351 476 2402; baseline 0.007 -3"><span class='ocrx_word' id='word_1_333' title='bbox 178 2351 476 2402; x_wconf 68' lang='grc' dir='ltr'>εΧΙῖσεεῑῃάυς.</span> 
     </span>
    </p>

    <p class='ocr_par' dir='ltr' id='par_1_10' title="bbox 174 2416 2010 2742">
     <span class='ocr_line' id='line_1_34' title="bbox 242 2416 2010 2486; baseline 0.003 -24"><span class='ocrx_word' id='word_1_334' title='bbox 242 2418 358 2465; x_wconf 81' lang='lat' dir='ltr'>Parti</span> <span class='ocrx_word' id='word_1_335' title='bbox 377 2417 505 2464; x_wconf 86' lang='lat' dir='ltr'>alteri</span> <span class='ocrx_word' id='word_1_336' title='bbox 531 2417 729 2464; x_wconf 76' lang='lat' dir='ltr'>dimidiae</span> <span class='ocrx_word' id='word_1_337' title='bbox 747 2416 970 2465; x_wconf 84' lang='lat' dir='ltr'>sublimati</span> <span class='ocrx_word' id='word_1_338' title='bbox 991 2419 1232 2471; x_wconf 86' lang='lat' dir='ltr'>corrosivi,</span> <span class='ocrx_word' id='word_1_339' title='bbox 1257 2437 1350 2484; x_wconf 86' lang='lat' dir='ltr'>quae</span> <span class='ocrx_word' id='word_1_340' title='bbox 1381 2418 1560 2483; x_wconf 76' lang='lat' dir='ltr'>seposita</span> <span class='ocrx_word' id='word_1_341' title='bbox 1588 2418 1807 2484; x_wconf 85' lang='lat' dir='ltr'>superest,</span> <span class='ocrx_word' id='word_1_342' title='bbox 1840 2426 1885 2468; x_wconf 77' lang='grc' dir='ltr'>δε</span> <span class='ocrx_word' id='word_1_343' title='bbox 1913 2439 2010 2486; x_wconf 76' lang='lat' dir='ltr'>quae</span> 
     </span>
     <span class='ocr_line' id='line_1_35' title="bbox 176 2479 2008 2548; baseline 0.003 -21"><span class='ocrx_word' id='word_1_344' title='bbox 176 2479 312 2530; x_wconf 72' lang='lat' dir='ltr'>libras</span> <span class='ocrx_word' id='word_1_345' title='bbox 334 2482 438 2529; x_wconf 83' lang='lat' dir='ltr'>duas</span> <span class='ocrx_word' id='word_1_346' title='bbox 462 2482 552 2533; x_wconf 83' lang='lat' dir='ltr'>five</span> <span class='ocrx_word' id='word_1_347' title='bbox 581 2483 729 2528; x_wconf 83' lang='lat' dir='ltr'>uncias</span> <span class='ocrx_word' id='word_1_348' title='bbox 768 2501 840 2540; x_wconf 83' lang='lat'>24.</span> <span class='ocrx_word' id='word_1_349' title='bbox 870 2498 1009 2546; x_wconf 77' lang='lat' dir='ltr'>aequat</span> <span class='ocrx_word' id='word_1_350' title='bbox 1039 2484 1239 2545; x_wconf 83' lang='lat' dir='ltr'>pondere</span> <span class='ocrx_word' id='word_1_351' title='bbox 1265 2518 1277 2536; x_wconf 93' lang='lat'>,</span> <span class='ocrx_word' id='word_1_352' title='bbox 1316 2484 1533 2532; x_wconf 81' lang='lat' dir='ltr'>addantur</span> <span class='ocrx_word' id='word_1_353' title='bbox 1567 2501 1710 2548; x_wconf 84' lang='lat' dir='ltr'>partes</span> <span class='ocrx_word' id='word_1_354' title='bbox 1742 2484 1838 2532; x_wconf 84' lang='lat' dir='ltr'>duae</span> <span class='ocrx_word' id='word_1_355' title='bbox 1868 2487 2008 2534; x_wconf 83' lang='lat' dir='ltr'>tertiae</span> 
     </span>
     <span class='ocr_line' id='line_1_36' title="bbox 177 2547 2006 2614; baseline 0.003 -20"><span class='ocrx_word' id='word_1_356' title='bbox 177 2547 397 2607; x_wconf 80' lang='lat' dir='ltr'>Mercurii</span> <span class='ocrx_word' id='word_1_357' title='bbox 419 2547 533 2593; x_wconf 86' lang='lat' dir='ltr'>illius</span> <span class='ocrx_word' id='word_1_358' title='bbox 552 2564 604 2594; x_wconf 84' lang='lat' dir='ltr'>ex</span> <span class='ocrx_word' id='word_1_359' title='bbox 621 2547 859 2595; x_wconf 85' lang='lat' dir='ltr'>sublimato</span> <span class='ocrx_word' id='word_1_360' title='bbox 880 2548 1103 2601; x_wconf 87' lang='lat' dir='ltr'>redivivi,</span> <span class='ocrx_word' id='word_1_361' title='bbox 1120 2566 1280 2614; x_wconf 87' lang='lat' dir='ltr'>nempe</span> <span class='ocrx_word' id='word_1_362' title='bbox 1299 2549 1436 2594; x_wconf 67' lang='lat' dir='ltr'>unciae</span> <span class='ocrx_word' id='word_1_363' title='bbox 1461 2557 1530 2595; x_wconf 88' lang='lat'>16.</span> <span class='ocrx_word' id='word_1_364' title='bbox 1551 2555 1593 2595; x_wconf 89' lang='lat'>&amp;</span> <span class='ocrx_word' id='word_1_365' title='bbox 1609 2549 1759 2595; x_wconf 88' lang='lat' dir='ltr'>omnia</span> <span class='ocrx_word' id='word_1_366' title='bbox 1773 2549 1897 2596; x_wconf 81' lang='lat' dir='ltr'>fimul</span> <span class='ocrx_word' id='word_1_367' title='bbox 1915 2567 2006 2599; x_wconf 86' lang='lat' dir='ltr'>tam</span> 
     </span>
     <span class='ocr_line' id='line_1_37' title="bbox 174 2612 2005 2678; baseline 0.004 -22"><span class='ocrx_word' id='word_1_368' title='bbox 174 2612 378 2660; x_wconf 76' lang='lat' dir='ltr'>accurate</span> <span class='ocrx_word' id='word_1_369' title='bbox 400 2628 686 2658; x_wconf 77' lang='lat' dir='ltr'>conterantur</span> <span class='ocrx_word' id='word_1_370' title='bbox 716 2613 762 2658; x_wconf 90' lang='lat' dir='ltr'>in</span> <span class='ocrx_word' id='word_1_371' title='bbox 783 2613 1000 2661; x_wconf 79' lang='lat' dir='ltr'>mortario</span> <span class='ocrx_word' id='word_1_372' title='bbox 1022 2614 1169 2661; x_wconf 85' lang='lat' dir='ltr'>vitreo</span> <span class='ocrx_word' id='word_1_373' title='bbox 1195 2631 1294 2660; x_wconf 88' lang='lat' dir='ltr'>cum</span> <span class='ocrx_word' id='word_1_374' title='bbox 1327 2614 1473 2663; x_wconf 90' lang='lat' dir='ltr'>vitreo</span> <span class='ocrx_word' id='word_1_375' title='bbox 1495 2613 1653 2678; x_wconf 82' lang='lat' dir='ltr'>pistillo</span> <span class='ocrx_word' id='word_1_376' title='bbox 1672 2647 1686 2667; x_wconf 84' lang='lat'>,</span> <span class='ocrx_word' id='word_1_377' title='bbox 1705 2629 1752 2660; x_wconf 87' lang='lat' dir='ltr'>ut</span> <span class='ocrx_word' id='word_1_378' title='bbox 1782 2615 2005 2664; x_wconf 82' lang='lat' dir='ltr'>Mercurii</span> 
     </span>
     <span class='ocr_line' id='line_1_38' title="bbox 178 2675 1292 2742; baseline 0.001 -19"><span class='ocrx_word' id='word_1_379' title='bbox 178 2675 274 2723; x_wconf 81' lang='lat' dir='ltr'>vivi</span> <span class='ocrx_word' id='word_1_380' title='bbox 307 2695 363 2723; x_wconf 92' lang='lat' dir='ltr'>ne</span> <span class='ocrx_word' id='word_1_381' title='bbox 386 2676 501 2724; x_wconf 81' lang='lat' dir='ltr'>mica</span> <span class='ocrx_word' id='word_1_382' title='bbox 522 2677 707 2741; x_wconf 86' lang='lat' dir='ltr'>quidem</span> <span class='ocrx_word' id='word_1_383' title='bbox 728 2677 818 2724; x_wconf 85' lang='lat' dir='ltr'>ulla</span> <span class='ocrx_word' id='word_1_384' title='bbox 839 2677 1019 2741; x_wconf 84' lang='lat' dir='ltr'>supersit</span> <span class='ocrx_word' id='word_1_385' title='bbox 1043 2678 1292 2742; x_wconf 78' lang='lat' dir='ltr'>conspicua.</span> 
     </span>
    </p>

    <p class='ocr_par' dir='ltr' id='par_1_11' title="bbox 174 2741 2002 2938">
     <span class='ocr_line' id='line_1_39' title="bbox 241 2741 2002 2805; baseline 0.001 -16"><span class='ocrx_word' id='word_1_386' title='bbox 241 2741 351 2789; x_wconf 85' lang='lat' dir='ltr'>Inde</span> <span class='ocrx_word' id='word_1_387' title='bbox 384 2742 513 2790; x_wconf 75' lang='lat' dir='ltr'>massa.</span> <span class='ocrx_word' id='word_1_388' title='bbox 551 2742 651 2795; x_wconf 84' lang='lat' dir='ltr'>illa,</span> <span class='ocrx_word' id='word_1_389' title='bbox 670 2759 763 2805; x_wconf 72' lang='lat' dir='ltr'>quae</span> <span class='ocrx_word' id='word_1_390' title='bbox 793 2759 845 2791; x_wconf 80' lang='lat' dir='ltr'>ex</span> <span class='ocrx_word' id='word_1_391' title='bbox 867 2744 1085 2790; x_wconf 89' lang='lat' dir='ltr'>Mercurii</span> <span class='ocrx_word' id='word_1_392' title='bbox 1117 2745 1207 2791; x_wconf 86' lang='lat' dir='ltr'>vivi</span> <span class='ocrx_word' id='word_1_393' title='bbox 1228 2749 1273 2791; x_wconf 64' lang='grc' dir='ltr'>ὃς</span> <span class='ocrx_word' id='word_1_394' title='bbox 1300 2742 1521 2790; x_wconf 83' lang='lat' dir='ltr'>sublimati</span> <span class='ocrx_word' id='word_1_395' title='bbox 1542 2741 1753 2790; x_wconf 77' lang='lat' dir='ltr'>corrosivi</span> <span class='ocrx_word' id='word_1_396' title='bbox 1770 2743 2002 2791; x_wconf 88' lang='lat' dir='ltr'>connubio</span> 
     </span>
     <span class='ocr_line' id='line_1_40' title="bbox 174 2805 2001 2871; baseline 0.002 -19"><span class='ocrx_word' id='word_1_397' title='bbox 174 2805 382 2854; x_wconf 83' lang='lat' dir='ltr'>coalescit</span> <span class='ocrx_word' id='word_1_398' title='bbox 397 2840 410 2858; x_wconf 86' lang='lat'><em>‚</em></span> <span class='ocrx_word' id='word_1_399' title='bbox 432 2806 694 2855; x_wconf 86' lang='lat' dir='ltr'>sublimetur</span> <span class='ocrx_word' id='word_1_400' title='bbox 715 2825 768 2855; x_wconf 83' lang='lat' dir='ltr'>ex</span> <span class='ocrx_word' id='word_1_401' title='bbox 788 2823 881 2854; x_wconf 85' lang='lat' dir='ltr'>arte</span> <span class='ocrx_word' id='word_1_402' title='bbox 900 2842 912 2859; x_wconf 87' lang='lat'>,</span> <span class='ocrx_word' id='word_1_403' title='bbox 936 2807 1254 2871; x_wconf 81' lang='lat' dir='ltr'>sublimataque</span> <span class='ocrx_word' id='word_1_404' title='bbox 1284 2808 1415 2854; x_wconf 86' lang='lat' dir='ltr'>semel</span> <span class='ocrx_word' id='word_1_405' title='bbox 1439 2807 1642 2854; x_wconf 82' lang='lat' dir='ltr'>materies</span> <span class='ocrx_word' id='word_1_406' title='bbox 1661 2808 1684 2852; x_wconf 74' lang='lat' dir='ltr'>a</span> <span class='ocrx_word' id='word_1_407' title='bbox 1708 2806 1884 2854; x_wconf 79' lang='lat' dir='ltr'>faecibus</span> <span class='ocrx_word' id='word_1_408' title='bbox 1904 2814 1949 2855; x_wconf 88' lang='lat'>&amp;</span> <span class='ocrx_word' id='word_1_409' title='bbox 1975 2809 2001 2856; x_wconf 63' lang='lat' dir='ltr'>a</span> 
     </span>
     <span class='ocr_line' id='line_1_41' title="bbox 174 2869 2000 2938; baseline 0.002 -22"><span class='ocrx_word' id='word_1_410' title='bbox 174 2869 343 2935; x_wconf 85' lang='lat' dir='ltr'>polline</span> <span class='ocrx_word' id='word_1_411' title='bbox 362 2870 478 2933; x_wconf 73' lang='lat' dir='ltr'>ptius</span> <span class='ocrx_word' id='word_1_412' title='bbox 507 2872 669 2919; x_wconf 82' lang='lat' dir='ltr'>secreta</span> <span class='ocrx_word' id='word_1_413' title='bbox 686 2890 734 2919; x_wconf 84' lang='lat' dir='ltr'>ac</span> <span class='ocrx_word' id='word_1_414' title='bbox 757 2872 805 2918; x_wconf 88' lang='lat' dir='ltr'>in</span> <span class='ocrx_word' id='word_1_415' title='bbox 825 2873 1057 2936; x_wconf 84' lang='lat' dir='ltr'>pulverem</span> <span class='ocrx_word' id='word_1_416' title='bbox 1076 2874 1268 2922; x_wconf 76' lang='lat' dir='ltr'>contrita</span> <span class='ocrx_word' id='word_1_417' title='bbox 1287 2872 1545 2921; x_wconf 85' lang='lat' dir='ltr'>sublimetur</span> <span class='ocrx_word' id='word_1_418' title='bbox 1565 2871 1729 2921; x_wconf 70' lang='lat' dir='ltr'>iterum</span> <span class='ocrx_word' id='word_1_419' title='bbox 1746 2873 2000 2938; x_wconf 73' lang='lat' dir='ltr'>iterumque</span> 
     </span>
    </p>
   </div>
   <div class='ocr_carea' id='block_1_6' title="bbox 177 2935 1996 3063">
    <p class='ocr_par' dir='ltr' id='par_1_12' title="bbox 177 2935 1996 3063">
     <span class='ocr_line' id='line_1_42' title="bbox 177 2935 613 2998; baseline 0.005 -17"><span class='ocrx_word' id='word_1_420' title='bbox 177 2935 335 2983; x_wconf 81' lang='lat' dir='ltr'>novies</span> <span class='ocrx_word' id='word_1_421' title='bbox 354 2936 613 2998; x_wconf 77' lang='lat' dir='ltr'>repetendo.</span> 
     </span>
     <span class='ocr_line' id='line_1_43' title="bbox 242 2998 1996 3063; baseline 0.001 -18"><span class='ocrx_word' id='word_1_422' title='bbox 242 2998 437 3047; x_wconf 73' lang='lat' dir='ltr'>Demum</span> <span class='ocrx_word' id='word_1_423' title='bbox 459 2999 660 3048; x_wconf 80' lang='lat' dir='ltr'>materiei</span> <span class='ocrx_word' id='word_1_424' title='bbox 679 2999 837 3046; x_wconf 72' lang='lat' dir='ltr'>ultimo</span> <span class='ocrx_word' id='word_1_425' title='bbox 857 2998 1095 3045; x_wconf 80' lang='lat' dir='ltr'>sublimatae</span> <span class='ocrx_word' id='word_1_426' title='bbox 1112 3005 1156 3047; x_wconf 86' lang='lat'>&amp;</span> <span class='ocrx_word' id='word_1_427' title='bbox 1177 3000 1419 3049; x_wconf 66' lang='lat' dir='ltr'>tenuissime</span> <span class='ocrx_word' id='word_1_428' title='bbox 1439 3000 1637 3046; x_wconf 79' lang='lat' dir='ltr'>contritae</span> <span class='ocrx_word' id='word_1_429' title='bbox 1659 2999 1996 3063; x_wconf 80' lang='lat' dir='ltr'>superfundatur</span> 
     </span>
    </p>
   </div>
   <div class='ocr_carea' id='block_1_7' title="bbox 173 3063 1996 3265">
    <p class='ocr_par' dir='ltr' id='par_1_13' title="bbox 173 3063 1996 3265">
     <span class='ocr_line' id='line_1_44' title="bbox 178 3063 1995 3128; baseline 0.001 -16"><span class='ocrx_word' id='word_1_430' title='bbox 178 3064 234 3112; x_wconf 78' lang='lat' dir='ltr'>ad</span> <span class='ocrx_word' id='word_1_431' title='bbox 262 3064 543 3112; x_wconf 83' lang='lat' dir='ltr'>altitudinem</span> <span class='ocrx_word' id='word_1_432' title='bbox 565 3064 697 3110; x_wconf 87' lang='lat' dir='ltr'>trium</span> <span class='ocrx_word' id='word_1_433' title='bbox 722 3063 967 3126; x_wconf 72' lang='lat' dir='ltr'>digitorum</span> <span class='ocrx_word' id='word_1_434' title='bbox 990 3064 1161 3128; x_wconf 84' lang='lat' dir='ltr'>spiritus</span> <span class='ocrx_word' id='word_1_435' title='bbox 1179 3065 1273 3111; x_wconf 86' lang='lat' dir='ltr'>vini</span> <span class='ocrx_word' id='word_1_436' title='bbox 1303 3067 1565 3111; x_wconf 77' lang='lat' dir='ltr'>aromaticus</span> <span class='ocrx_word' id='word_1_437' title='bbox 1581 3099 1593 3116; x_wconf 87' lang='lat'>,</span> <span class='ocrx_word' id='word_1_438' title='bbox 1621 3065 1707 3110; x_wconf 80' lang='lat' dir='ltr'>hoc</span> <span class='ocrx_word' id='word_1_439' title='bbox 1726 3067 1782 3110; x_wconf 88' lang='lat' dir='ltr'>est</span> <span class='ocrx_word' id='word_1_440' title='bbox 1802 3083 1995 3127; x_wconf 79' lang='lat' dir='ltr'>quocum</span> 
     </span>
     <span class='ocr_line' id='line_1_45' title="bbox 178 3128 1995 3195; baseline -0.001 -18"><span class='ocrx_word' id='word_1_441' title='bbox 178 3146 374 3177; x_wconf 86' lang='lat' dir='ltr'>aromata</span> <span class='ocrx_word' id='word_1_442' title='bbox 403 3163 416 3181; x_wconf 83' lang='lat'><em>‚</em></span> <span class='ocrx_word' id='word_1_443' title='bbox 447 3144 494 3176; x_wconf 85' lang='lat' dir='ltr'>ut</span> <span class='ocrx_word' id='word_1_444' title='bbox 522 3128 855 3176; x_wconf 84' lang='lat' dir='ltr'>cinnamomum</span> <span class='ocrx_word' id='word_1_445' title='bbox 875 3161 886 3179; x_wconf 89' lang='lat'>,</span> <span class='ocrx_word' id='word_1_446' title='bbox 922 3129 1082 3181; x_wconf 63' lang='lat' dir='ltr'>marcis,</span> <span class='ocrx_word' id='word_1_447' title='bbox 1112 3130 1386 3195; x_wconf 84' lang='lat' dir='ltr'>caryophylli</span> <span class='ocrx_word' id='word_1_448' title='bbox 1422 3136 1506 3177; x_wconf 58' lang='lat' dir='ltr'>&amp;a</span> <span class='ocrx_word' id='word_1_449' title='bbox 1537 3128 1677 3177; x_wconf 84' lang='lat' dir='ltr'>infusa</span> <span class='ocrx_word' id='word_1_450' title='bbox 1707 3129 1873 3175; x_wconf 85' lang='lat' dir='ltr'>fuerint</span> <span class='ocrx_word' id='word_1_451' title='bbox 1899 3164 1909 3181; x_wconf 90' lang='lat'>,</span> <span class='ocrx_word' id='word_1_452' title='bbox 1945 3149 1995 3179; x_wconf 84' lang='lat' dir='ltr'>ac</span> 
     </span>
     <span class='ocr_line' id='line_1_46' title="bbox 173 3193 1996 3265; baseline 0.002 -22"><span class='ocrx_word' id='word_1_453' title='bbox 173 3194 413 3259; x_wconf 61' lang='lat' dir='ltr'>procurata</span> <span class='ocrx_word' id='word_1_454' title='bbox 431 3212 510 3265; x_wconf 77' lang='lat' dir='ltr'>per</span> <span class='ocrx_word' id='word_1_455' title='bbox 529 3194 622 3244; x_wconf 86' lang='lat' dir='ltr'>dies</span> <span class='ocrx_word' id='word_1_456' title='bbox 646 3193 814 3261; x_wconf 84' lang='lat' dir='ltr'>aliquot</span> <span class='ocrx_word' id='word_1_457' title='bbox 833 3193 1078 3259; x_wconf 80' lang='lat' dir='ltr'>digestione</span> <span class='ocrx_word' id='word_1_458' title='bbox 1097 3195 1258 3244; x_wconf 83' lang='lat' dir='ltr'>balneo</span> <span class='ocrx_word' id='word_1_459' title='bbox 1277 3213 1415 3245; x_wconf 79' lang='lat' dir='ltr'>arenae</span> <span class='ocrx_word' id='word_1_460' title='bbox 1448 3194 1715 3244; x_wconf 80' lang='lat' dir='ltr'>abstrahatur</span> <span class='ocrx_word' id='word_1_461' title='bbox 1738 3201 1781 3240; x_wconf 83' lang='lat'>&amp;</span> <span class='ocrx_word' id='word_1_462' title='bbox 1805 3195 1996 3251; x_wconf 37' lang='lat' dir='ltr'>destines</span> 
     </span>
    </p>
   </div>
   <div class='ocr_carea' id='block_1_8' title="bbox 1604 3257 1777 3323">
    <p class='ocr_par' dir='ltr' id='par_1_14' title="bbox 1604 3257 1777 3323">
     <span class='ocr_line' id='line_1_47' title="bbox 1604 3257 1777 3323; baseline 0.006 -16"><span class='ocrx_word' id='word_1_463' title='bbox 1604 3257 1777 3323; x_wconf 50' lang='grc' dir='ltr'>εει-πῃ·</span> 
     </span>
    </p>
   </div>
  </div>
 </body>
</html>
