2477 3643
463 121 553 168 194
858 106 1984 159 DEMORBISVENEREIS.

244 208 409 255 9‚31<1r-
457 190 637 249 cinante
672 187 834 240 dolore
867 190 1050 240 tandem
1086 191 1269 259 percelli
1305 196 1350 239 δε
1384 190 1434 239 in
1465 193 1723 242 carcinoma
1757 192 1920 243 mutari
1956 192 2080 243 solet.

187 261 290 301 rhus

193 481 210 504 ι
228 480 259 503 1.
289 467 415 506 Paras-

185 532 275 556 tatae
302 533 372 571 ptae

188 585 327 610 caetetis
345 600 357 617 ‚

187 626 287 661 testis
304 624 414 672 parti-

188 677 257 713 bus
268 676 417 717 afficiu-

195 742 268 767 tur.

239 824 255 848 1
270 825 305 847 2.
325 811 368 847 Et
385 811 418 847 in

191 863 384 914 parastatis

189 914 323 966 globus
358 916 416 952 iu-

189 967 305 1004 fexior
350 980 418 1018 prae

189 1017 386 1070 superiore.

192 1109 235 1144 13
251 1119 259 1128 .
293 1095 419 1134 Sensus

190 1146 360 1200 ponderis
387 1149 419 1186 in

190 1201 292 1239 teste.

195 1280 212 1304 1
224 1282 259 1314 4.
270 1270 295 1303 A
304 1267 421 1320 liqui-

185 1318 242 1366 glo
256 1318 378 1360 febris.

210 1570 422 1622 Diagnofis.

208 1700 422 1754 Prognofis.

229 2218 396 2262 Curatio

529 262 622 303 100·
654 259 784 304 Hanc
813 256 997 305 alteram
1025 257 1211 304 tumoris
1238 255 1429 322 speciem
1456 257 1664 306 dextrum
1692 259 1963 308 finisti-amve
1991 261 2140 308 testem
2166 260 2292 311 inva-

459 318 565 368 dere
583 353 596 373 ,
625 337 757 386 prout
784 320 925 369 laxior
957 337 1187 374 contextus
1207 354 1220 375 ,
1252 337 1326 369 aut
1348 320 1558 370 fortuitus
1588 323 1842 373 alterutrius
1866 323 2039 373 attritus
2064 325 2289 374 haerentiae.

460 383 639 432 seminis
667 387 816 432 locum
844 387 933 433 dat.

528 468 544 496 1
563 459 622 496 10.
657 450 877 497 Caeterum
905 451 954 496 in
981 465 1172 513 utroque
1212 449 1400 497 tumoris
1426 467 1593 514 genere
1628 454 1968 518 Epididymides
1994 454 2083 502 five
2110 457 2294 519 parasta-

462 530 526 561 tas
554 514 800 579 promptius
823 515 936 562 affici
965 515 1098 578 quam
1132 517 1284 567 testes,
1314 517 1421 579 quia
1450 516 1547 563 vasa
1578 519 1947 583 Epididymidum
1972 520 2142 567 laxiora
2165 521 2293 574 sunt,

465 596 598 643 atque
634 581 745 626 adeo
779 579 1019 626 subsistenti
1051 579 1206 626 semini
1237 580 1409 628 facilius
1442 582 1640 636 cedunt3
1676 585 1832 630 contra
1867 584 1976 630 vero
2009 585 2110 631 vasa
2140 601 2295 632 caetera

465 643 723 708 spermatica
749 646 900 691 testem
927 646 1247 708 componentia
1267 680 1279 698 ,
1305 663 1400 709 quae
1428 647 1577 694 tunica
1608 648 1842 711 albugine&
1870 649 1984 696 arcte
2011 649 2293 697 concludun-
2340 675 2342 678 ·

465 724 535 755 tur
557 716 601 756 ὃ(
622 709 854 755 firmantur
874 743 885 761 ‚
908 708 1065 756 semini
1086 709 1302 757 efficacius
1322 711 1531 758 resistunt.

533 792 548 818 1
563 783 625 820 20.
666 780 715 819 In
738 773 1128 838 Epididymidibus
1153 777 1262 823 vero
1280 775 1368 822 five
1392 775 1611 840 parastatis
1629 775 1815 839 globum
1843 776 1916 822 seu
1944 778 2154 841 angulum
2176 776 2295 825 infe-

466 839 634 885 riorem
652 837 929 902 frequentius
946 839 1094 886 inflari
1113 875 1125 893 ‚
1150 841 1286 905 quam
1313 840 1612 905 superiorem,
1639 843 1855 904 quoniam
1882 840 2111 900 difficilior
2140 845 2199 891 est
2228 841 2295 889 se-

463 904 596 950 minis
623 903 834 966 regressus
851 904 905 950 ab
927 904 1144 952 inferiore
1161 906 1327 969 angulo
1342 939 1354 957 ‚
1377 922 1560 970 propter
1582 911 1798 966 majorem
1820 906 2140 954 declivitatem.

534 978 626 1029 130.
662 970 899 1016 Molestum
932 970 1143 1033 ponderis
1203 969 1377 1017 sensum
1408 971 1610 1035 percipi,
1651 971 1754 1034 quia
1783 970 2042 1018 tumefactus
2079 972 2297 1018 testiculus

467 1034 607 1098 reipsa
632 1036 770 1097 magis
795 1034 1046 1099 ponderate,
1072 1034 1252 1082 sensum·
1269 1052 1417 1082 autem
1444 1036 1570 1082 illum
1598 1035 1653 1081 ad
1673 1037 1858 1099 inguina
1884 1035 2023 1099 usque
2050 1037 2294 1101 protendi,

464 1099 570 1163 quia
600 1099 784 1146 testiculi
812 1099 1011 1164 pondere
1044 1099 1265 1148 funiculus
1295 1100 1580 1166 spermaticus
1612 1101 1691 1164 qui
1726 1106 1772 1147 δε
1802 1100 1895 1166 ipse
1928 1101 2296 1148 inflammationis

463 1164 680 1229 particeps
709 1166 767 1212 est
786 1199 797 1215 ,
825 1165 1094 1212 distrahitur.

535 1238 628 1288 14⁰.
663 1228 857 1277 Demum
884 1229 1061 1276 febrem
1087 1230 1303 1282 accendi,
1333 1229 1424 1277 sive
1456 1230 1579 1294 quod
1611 1245 1760 1276 acutus
1792 1230 1963 1276 doloris
1998 1230 2175 1285 sensus,
2205 1249 2298 1296 quo

470 1310 585 1357 aeger
604 1311 838 1358 torquetur
859 1328 870 1346 ‚
898 1295 1224 1358 frequentiores
1245 1295 1394 1341 cordis
1414 1290 1741 1342 coritra&iones
1765 1294 2032 1360 sympathice
2061 1296 2265 1343 sollicitet
2284 1315 2296 1349 3

465 1358 554 1406 five
574 1360 697 1422 quod
719 1359 891 1422 sanguis
920 1359 944 1404 a
974 1359 1234 1424 sanguiferis
1262 1361 1374 1406 testis
1400 1360 1666 1406 inflammati
1693 1359 1799 1406 vasis
1827 1360 2056 1424 praeclusus
2076 1394 2089 1413 ‚
2124 1361 2299 1408 citatius

464 1441 544 1488 per
566 1440 723 1472 caetera
741 1424 842 1472 vasa
868 1424 1051 1472 circulet
1070 1460 1083 1479 ‚
1104 1441 1236 1489 atque
1271 1425 1383 1472 adeo
1412 1425 1769 1489 frequentiorem
1802 1425 1948 1471 cordis
1974 1425 2160 1487 systolen
2191 1444 2299 1492 pro—

465 1506 662 1535 moveat.

527 1555 747 1618 Diagnosts
773 1553 955 1606 morbi,
985 1559 1032 1599 ὃ(
1058 1554 1217 1618 gradus
1241 1553 1392 1601 morbi
1411 1553 1685 1619 inspecstione
1725 1572 1735 1599 ε
1771 1551 2018 1599 Causarum
2052 1555 2161 1602 vero
2194 1556 2299 1621 aegri

468 1617 687 1665 relatione
719 1617 945 1665 manifesta
972 1621 1045 1665 est.

527 1686 748 1748 Prognosts.
786 1688 960 1730 Tumor
992 1683 1365 1731 inflammatorius
1408 1683 1582 1730 testium
1619 1699 1862 1746 numquam
1899 1683 2100 1747 periculo
2132 1700 2290 1738 vacat,

465 1748 568 1794 cum
608 1748 784 1795 febrem
816 1749 1028 1795 comitem
1070 1749 1229 1796 habeat
1249 1784 1262 1802 ‚
1296 1767 1345 1795 ac
1377 1749 1424 1795 in
1464 1766 1619 1813 graves
1646 1747 1854 1800 affectus,
1881 1742 2148 1802 abscessum,
2178 1750 2291 1796 fistu—

468 1813 558 1859 lam
580 1846 592 1865 ‚
622 1812 851 1860 skirrhum
866 1847 879 1866 ,
906 1812 1177 1875 hydrocelen
1195 1848 1208 1867 ,
1232 1813 1487 1861 sarcocelen
1502 1849 1515 1868 ,
1535 1815 1802 1876 (·,3.ι”εἰη()ιῃ;;,Δ
1821 1813 1991 1860 testium
2013 1813 2141 1878 possit
2165 1815 2302 1879 dege·-

471 1895 645 1926 netare.

532 1947 707 1990 Tumor
726 1976 739 1996 ,
758 1942 835 2005 qui
859 1940 913 1988 ab
942 1942 1133 1989 inhibita
1158 1942 1429 2006 gonorrhoea
1464 1941 1692 2007 dependet
1710 1976 1723 1994 ,
1753 1941 1923 1988 acutior
1959 1945 2018 1989 est
2035 1976 2048 1995 ,
2083 1948 2128 1989 ὃς
2172 1943 2299 1990 citius

469 2008 663 2070 proinde
684 2007 817 2054 stadia
844 2007 917 2052 sua
949 2008 1169 2071 percurrit
1191 2027 1200 2053 ε
1233 2012 1407 2054 Tumor
1429 2008 1538 2053 vero
1557 2041 1569 2059 ,
1588 2007 1666 2069 qui
1696 2007 1720 2052 εὶ
1754 2006 1972 2070 syphilide
2006 2007 2171 2055 latente
2191 2027 2300 2073 pro-

471 2073 649 2119 ducitur
667 2106 678 2124 ,
706 2073 843 2135 magis
862 2072 1098 2119 chronicus
1118 2074 1176 2119 est
1193 2106 1206 2125 ,
1240 2078 1284 2119 &
1305 2071 1465 2119 lentius
1487 2087 1695 2117 movetur
1711 2105 1723 2123 ,
1752 2070 1828 2117 sed
1857 2070 1991 2118 habet
2011 2088 2197 2137 uterque
2226 2074 2299 2120 sua

471 2136 640 2200 sibique
663 2137 843 2202 propria
865 2137 1087 2200 pericula,
1113 2138 1170 2184 de
1195 2137 1355 2200 quibus
1384 2136 1521 2182 modo
1540 2135 1640 2181 satis
1664 2134 1759 2181 fuse
1780 2135 1988 2181 diximus.

536 2207 723 2248 Curatio.
760 2208 819 2247 1⁰.
843 2207 976 2248 Venae
997 2201 1130 2248 setffio
1152 2203 1174 2248 ὲ
1203 2202 1385 2248 brachio
1413 2200 1560 2265 stepius
1584 2201 1789 2247 iteranda
1814 2218 1896 2264 pro
1919 2215 2044 2247 aetate
2067 2234 2078 2253 ‚
2098 2199 2268 2247 viribus
2285 2234 2300 2254 2

471 2281 828 2331 temperamento
856 2268 1108 2329 aegrotantis
1128 2285 1140 2320 3
1161 2267 1311 2313 morbi
1339 2266 1494 2312 natura
1527 2271 1573 2311 δέ
1605 2264 1855 2312 intensione
1888 2283 1900 2318 3
1940 2271 1984 2311 &
2020 2264 2191 2311 febrilis
2224 2285 2302 2311 or-

469 2331 608 2395 gasmi
646 2330 1020 2378 incandescentia.
1063 2332 1176 2378 Sane
1208 2349 1290 2378 nec
1326 2331 1592 2397 praestantius
1620 2348 1702 2377 nec
1728 2329 1977 2394 promptius
2004 2330 2144 2376 ullum
2178 2330 2301 2377 aliud

470 2398 533 2443 est
556 2397 705 2443 auxilii
725 2414 862 2462 genus
876 2430 890 2450 ‚
914 2414 1006 2461 quo
1029 2397 1324 2443 inflammatio
1346 2396 1510 2445 resolvi
1526 2429 1541 2449 ,
1564 2395 1755 2449 discuti,
1776 2396 1848 2443 vel
1875 2395 2018 2441 minui
2040 2400 2084 2442 δε
2105 2394 2302 2460 mitigari

471 2461 614 2527 possit.

539 2536 602 2573 2⁰.
640 2532 805 2590 Largus
842 2542 968 2591 potus
1008 2526 1182 2592 ptisanae
1222 2525 1509 2590 imper-andus
1533 2527 1624 2578 est,
1659 2523 1835 2588 qualem
1876 2524 2002 2589 supra
2041 2524 2099 2570 ad'
2132 2541 2305 2587 gonor-

469 2592 643 2639 rhoeam
668 2590 976 2656 proposuimus
993 2625 1005 2644 ‚
1033 2608 1235 2654 :egetque
1266 2591 1391 2637 diaeta
1427 2589 1699 2642 tenuissima,
1724 2590 1812 2635 hoc
1842 2591 1901 2637 est
1925 2588 2027 2636 solis
2051 2588 2225 2650 jusculis
2248 2607 2302 2635 ex

470 2657 595 2722 pullo
625 2663 670 2702 ὃ(
697 2656 887 2703 vitulina
920 2674 1051 2702 carne
1073 2653 1285 2702 confectis
1309 2655 1584 2703 nutriendus.
1631 2655 1771 2701 Alvus
1798 2653 1977 2702 demum
2007 2668 2211 2701 enemate
2239 2653 2303 2701 la-

473 2721 618 2768 xanda
641 2739 741 2766 cum
761 2720 956 2766 medulla
976 2719 1121 2766 caffiae.

536 2795 597 2848 30.
633 2784 770 2831 Miffis
806 2786 1014 2832 remediis
1047 2784 1236 2832 internis
1262 2783 1493 2830 mochlicis
1527 2788 1573 2829 δε
1605 2781 1896 2847 purgantibus
1919 2815 1930 2834 ‚
1963 2781 2071 2828 sicut
2110 2781 2303 2828 externis

471 2850 812 2913 astringentibus
839 2855 883 2896 ὃς
907 2850 1308 2914 repercutiet-itibus
1334 2848 1712 2913 quibuscumque,
1742 2847 1959 2909 anodynis
1989 2846 2157 2893 tantum
2186 2845 2305 2891 infis-

472 2917 661 2965 tendum
695 2914 773 2962 sub
804 2914 951 2961 forma
987 2915 1211 2962 lotionum
1249 2949 1261 2967 ‚
1306 2914 1616 2961 fomentorum
1646 2947 1658 2966 ‚
1694 2911 2065 2977 cataplasmatum.
2104 2917 2155 2957 In
2183 2910 2304 2955 hunc

472 2984 610 3030 finem
631 2980 891 3026 conducunt
912 2980 1144 3027 decostum
1175 2981 1334 3027 radicis
1355 2980 1514 3026 althaeae
1531 3013 1545 3032 ,
1565 2984 1611 3024 δέ
1645 2978 1822 3026 seminis
1847 2977 1925 3024 lini
1945 3012 1957 3030 ‚
1977 2978 2050 3024 vel
2069 2976 2135 3022 lac
2154 2974 2303 3020 subte-

472 3048 657 3114 pidum,
684 3045 843 3108 quibus
869 3043 1062 3091 scrotum
1094 3045 1343 3092 identidem
1379 3044 1617 3097 foveatur3
1644 3044 1716 3091 vel
1749 3041 2009 3105 cataplasma
2043 3039 2297 3099 anodynum

473 3113 533 3158 de
557 3109 671 3156 mic&
696 3110 817 3173 panis
833 3142 846 3161 ,
868 3126 941 3155 aut
969 3109 1199 3157 emolliens
1229 3109 1491 3173 cataplasma
1520 3126 1573 3155 ex
1595 3106 1817 3154 radicibus
1836 3107 2033 3152 liliorum
2050 3138 2062 3157 ,
2088 3101 2297 3166 foliisque

470 3173 759 3237 hyoscyami,
780 3174 932 3222 malvae
953 3207 966 3227 ‚
985 3174 1332 3224 brancae-urfinae
1361 3175 1417 3229 ad
1440 3173 1757 3245 putrilaginem
1788 3171 1925 3222 costis,
1940 3203 1954 3225 ‚
1980 3185 2166 3239 quarum
2195 3168 2293 3232 pul·-¹
