2477 3643
451 116 552 164 με·
814 114 920 161 DE
989 109 1361 160 MORBIS
1430 98 1942 161 VENERE‘IS.

567 197 809 258 Coqimntur
837 199 970 243 omnia
998 195 1058 241 ad
1076 195 1368 259 putrilaginem
1385 228 1401 245 ,
1434 189 1731 239 contundantur
1762 194 1805 237 in
1833 191 2024 238 mortario
2053 190 2104 240 (θ’
2122 191 2280 254 fitace'a

569 265 835 318 trajiciantur
848 279 859 306 ς

636 328 773 389 Pulpae
791 326 960 384 trajeffae
981 321 1096 368 adde
1107 323 1297 381 firmenti
1322 323 1471 366 veteris

639 395 700 437 Et
719 393 906 453 unguenti
936 389 1156 446 Bafilicon.
1178 403 1262 431 ana
1285 384 1314 450 ξ
1333 385 1378 430 ss.
1409 399 1478 431 aut
1511 390 1542 448 j.

638 461 803 517 Caepam
831 453 968 499 albam
988 451 1063 511 sub
1087 450 1284 497 cineribus
1301 452 1448 496 coelam
1467 454 1509 496 in
1532 454 1722 499 mortario
1740 452 1937 513 contufizm
1960 467 2002 496 n.
2027 455 2057 513 j.

640 521 737 563 Olei
765 519 967 562 Liliorum
1006 517 1093 577 q.s.

561 586 616 628 F.
638 582 900 645 cataplasma
923 584 1038 643 parti
1059 578 1357 624 admovendum
1378 579 1427 628 ὠ
1449 579 1666 627 identidem
1687 582 1984 628 renovandum.

502 655 571 705 40.
603 644 981 709 Cataplasmatum
1006 644 1109 689 loco
1129 658 1337 706 poterunt
1354 643 1587 691 admoveri
1615 646 1842 709 emplastra
1859 644 2152 697 maturanda,
2181 659 2276 707 quae

442 712 558 776 parti
594 710 819 756 adhaerent
859 714 905 755 &
940 708 1043 755 ideo
1085 707 1364 754 commodius
1386 710 1624 771 gestantur.
1657 715 1777 756 Inter
1810 710 1901 756 haec
1932 712 2091 774 primas
2121 724 2275 756 tenent

441 776 712 836 Diachylum
732 773 914 838 simplex
933 791 945 826 3
966 772 1235 834 Diachylum
1251 790 1352 818 cum
1374 775 1574 836 gummi,
1595 774 1666 820 cui
1685 792 1847 838 nempe
1867 774 2114 821 Galbanum
2133 809 2145 827 ,
2170 778 2276 818 Am-

441 840 697 886 moniacum
716 872 729 891 ,
747 843 1026 904 Sagapenum
1046 871 1059 891 ,
1078 841 1327 902 Opopauax
1349 839 1577 884 commista
1598 838 1723 893 sunt3
1749 839 2018 901 Diachylum
2039 841 2142 886 oleo
2171 838 2278 884 Gal-

441 904 548 951 bani
572 909 617 950 &
637 903 923 950 Ammoniaci
939 903 1130 949 dilutum
1148 921 1159 956 ·‚
1181 902 1449 962 Diachylum
1468 921 1568 949 cum
1592 904 1765 950 anatica
1784 919 1906 961 parte
1927 904 2112 970 Saponis
2129 904 2276 967 nigri3

441 969 522 1015 Pix
544 969 711 1015 navalis
728 987 830 1015 cum
845 969 943 1034 pice
964 967 1245 1031 Burgundiczi
1261 968 1439 1030 aequatis
1458 968 1657 1032 partibus
1677 962 1798 1014 mista
1817 974 1904 1016 &a

475 1053 487 1064 ·
510 1042 571 1096 50.
616 1034 741 1080 Licet
769 1050 889 1080 certa
926 1032 967 1079 se
988 1033 1181 1098 prodant
1215 1032 1391 1078 latentis
1418 1033 1538 1097 puris
1565 1033 1733 1080 indicia
1753 1067 1765 1086 ‚
1783 1033 1906 1080 bubo
1938 1031 2278 1098 praecipitantius

442 1114 537 1144 non
554 1099 834 1163 aperiendus,
853 1097 927 1146 sed
943 1097 1266 1163 expectandum
1282 1097 1556 1161 aliquandiu,
1572 1098 1718 1146 donec
1734 1100 1952 1163 protracta
1971 1097 2279 1163 suppuratoria

440 1162 792 1211 fermentatione
807 1163 1026 1228 potissima
1046 1162 1240 1209 bubonis
1257 1181 1355 1227 pars
1390 1162 1545 1210 senfim
1565 1164 1892 1229 computruerit
1907 1198 1920 1217 ‚
1953 1180 2000 1209 ut
2026 1164 2076 1210 ea
2104 1163 2278 1210 ratione

440 1227 683 1293 absumptis
702 1228 859 1293 sponte
878 1229 999 1274 callis
1020 1228 1213 1274 bubonis
1233 1228 1401 1274 curatio
1422 1234 1467 1274 &
1487 1228 1613 1275 citius
1632 1235 1676 1275 δεῖ
1695 1228 1867 1275 felicius
1889 1228 2157 1294 perficiatur.

511 1302 578 1340 60.
610 1296 754 1340 Potest
787 1293 911 1340 bubo
934 1292 1191 1358 suppuratus
1220 1292 1389 1356 duplici
1409 1294 1584 1340 ratione
1611 1294 1774 1358 aperiri
1803 1328 1815 1346 ,
1851 1295 1924 1340 vel
1960 1293 2168 1358 scalpello
2201 1291 2288 1338 vel‘

444 1358 645 1406 cauterio
675 1358 910 1422 potentiali
932 1360 1006 1405 :Si
1037 1363 1174 1422 priore
1201 1396 1216 1412 ‚
1249 1357 1374 1403 bubo
1412 1359 1497 1405 alte
1532 1359 1799 1405 incidendus
1838 1361 1897 1405 est
1926 1377 1937 1412 3
1967 1359 2114 1404 minor
2146 1355 2276 1402 unica

442 1423 635 1485 quidem
655 1423 783 1487 plaga
801 1457 813 1477 ‚
831 1441 926 1487 quae
954 1422 1149 1485 inguinis
1179 1423 1441 1487 plicaturam
1461 1423 1665 1487 sequatur
1684 1442 1695 1477 3
1715 1427 1858 1482 major
1886 1423 1996 1471 verb
2016 1422 2194 1487 gemina
2219 1420 2277 1467 ad

442 1489 631 1552 angulos
653 1491 792 1534 rectos
813 1494 858 1534 δε
880 1489 927 1534 in
954 1488 1096 1533 crucis
1116 1486 1312 1533 formam
1331 1487 1460 1534 duit&
1476 1522 1490 1540 ,
1520 1492 1640 1548 cujus
1661 1487 1812 1551 anguli
1832 1487 1992 1535 forfice
2017 1486 2277 1535 exscindan-

443 1567 531 1599 tur.
566 1553 612 1600 Si
626 1552 834 1616 posteriore
852 1592 867 1607 ,
888 1552 1081 1618 apposita
1108 1553 1276 1598 tumori
1304 1570 1390 1616 ope
1409 1553 1626 1617 emplastri
1645 1552 1869 1599 fenestrati
1896 1553 2094 1617 lapidum
2120 1551 2278 1597 causti-

442 1635 600 1663 corum
623 1617 778 1664 catena
799 1636 880 1682 pro
901 1617 1094 1664 bubonis
1119 1617 1238 1663 mole
1259 1617 1394 1679 longa
1418 1623 1465 1663 ὃς
1494 1617 1579 1663 lata
1594 1651 1608 1670 ,
1627 1616 1807 1664 eschara
1832 1618 1917 1664 alte
1939 1616 2159 1663 inurenda
2182 1616 2241 1662 est
2259 1646 2275 1667 ,

441 1699 538 1746 quae
565 1681 596 1727 si
625 1682 681 1728 ad
701 1680 939 1729 abscessum
963 1700 1055 1728 non
1075 1683 1374 1746 penetraverit
1391 1715 1404 1734 ,
1423 1682 1494 1729 vel
1527 1681 1647 1728 nova
1673 1682 1948 1747 appositione
1975 1681 2279 1752 cauterfforum

441 1746 787 1812 promovebitur
804 1780 816 1800 ,
840 1749 909 1794 vel
929 1747 1053 1811 quod
1071 1747 1259 1811 superest
1274 1780 1286 1799 ,
1305 1747 1520 1794 incisione
1538 1764 1789 1812 peragetur.

506 1821 573 1871 70.
604 1814 790 1858 Constat
809 1812 856 1857 in
885 1812 1127 1876 aperiendo
1147 1811 1332 1858 bubone
1355 1813 1656 1859 cauteriorum
1675 1811 1800 1858 usum
1832 1809 2015 1857 sectioni
2034 1810 2277 1876 plurimum

442 1879 671 1939 praestare,
693 1893 786 1922 tum
821 1877 942 1940 quod
972 1877 1166 1923 cauteria
1197 1877 1406 1923 latiorem
1430 1878 1604 1941 plagam
1637 1877 1834 1923 inferant
1864 1909 1877 1928 ,
1904 1875 2023 1922 unde
2060 1877 2279 1923 interiora

444 1940 638 1987 bubonis
655 1940 902 2005 perspicere
917 1947 961 1988 &
976 1959 1128 1987 curare
1141 1940 1308 1987 facilius
1326 1942 1455 1995 licet3
1474 1959 1568 1987 tum
1583 1941 1850 2006 podssimffiu
1862 1941 1982 2003 quod
1999 1942 2193 1988 cauteria
2208 1959 2279 1986 ca·-

445 2002 672 2053 thaeretica
692 2004 900 2051 facultate
928 2007 1062 2052 callos
1087 2006 1377 2069 durioresque
1402 2006 1712 2069 glandularum
1743 2021 1887 2070 partes
1920 2004 2151 2052 absumant
2169 2040 2182 2058 ‚
2203 2004 2278 2052 vel

443 2070 768 2135 putrefaciant,
796 2071 916 2117 unde
936 2071 1095 2119 ulceris
1120 2069 1376 2136 suppuratio
1394 2104 1408 2124 ‚
1425 2068 1614 2118 detersio
1648 2075 1694 2117 δε
1716 2070 1954 2135 glutinatio
1980 2069 2154 2118 felicius
2181 2069 2277 2117 suc-

444 2136 625 2182 cedunn

507 2206 571 2247 80.
606 2200 775 2247 Educ‘to
813 2216 918 2264 pure
955 2201 1096 2265 aperti
1125 2200 1319 2247 bubonis
1345 2200 1456 2246 finus
1483 2199 1626 2247 linteo
1660 2214 1811 2265 carpto
1830 2199 1943 2245 slcco
1962 2200 2103 2247 statim
2123 2201 2281 2265 reple4

442 2264 566 2312 bitur
581 2298 591 2316 2
612 2284 701 2328 quo
720 2265 931 2329 postridie
946 2265 1144 2312 detrasto
1163 2266 1452 2313 adhibebitur
1474 2264 1754 2325 Digestivum
1773 2264 1953 2327 vulgare
1972 2283 2025 2311 ex
2046 2266 2276 2312 Terebin-

444 2329 569 2376 thina
589 2348 691 2376 cum
720 2330 796 2376 ovi
817 2330 973 2376 vitello
995 2337 1039 2376 ὃ(
1059 2331 1161 2377 oleo
1178 2331 1378 2395 hyperici
1397 2364 1408 2382 ‚
1431 2329 1502 2375 cui
1526 2328 1555 2374 fi
1583 2330 1744 2376 ulceris
1763 2329 1966 2375 sordities
1985 2331 2046 2375 ita
2063 2332 2277 2395 postulet,

446 2395 678 2441 admisceri
699 2395 862 2459 poterit
884 2396 1194 2459 AEgyptiacum
1214 2430 1225 2447 ‚
1244 2396 1336 2442 imo
1368 2395 1584 2442 Tinstura
1615 2394 1810 2456 Myrrhae
1833 2398 1878 2439 ὃ(
1899 2393 2049 2441 Alo‘c's.
2080 2396 2280 2443 Demum

446 2460 722 2524 procedente
739 2460 1053 2524 suppuratione
1072 2462 1195 2506 ulcus
1213 2460 1440 2508 curabitur
1460 2477 1560 2506 cum
1582 2459 1779 2505 Balsamo
1796 2459 1951 2504 Arcaei.

508 2526 571 2582 9⁰.
606 2525 747 2571 Porro
777 2524 856 2570 ubi
885 2524 1078 2587 primum
1104 2524 1324 2590 phlogosis
1344 2524 1657 2589 suppuratione
1688 2523 1956 2570 relaxabitur
1975 2557 1987 2576 ‚
2009 2522 2168 2571 ulceris
2204 2541 2279 2571 ca-

447 2607 557 2635 vum
573 2590 696 2634 caute
718 2588 1041 2652 explorandum
1053 2591 1118 2635 est
1132 2623 1148 2642 ,
1164 2596 1209 2634 &
1222 2590 1252 2634 si
1272 2590 1349 2652 qui
1368 2590 1534 2635 lateant
1552 2587 1664 2635 sinus
1678 2623 1691 2641 ,
1713 2588 1905 2635 sectione
1920 2588 1989 2634 vel
2003 2588 2230 2652 aperiendi
2247 2590 2277 2635 fi

448 2653 607 2704 liceat,
631 2655 701 2699 vel
734 2653 886 2699 saltem
914 2654 974 2698 ita
1004 2652 1249 2706 dilatandi,
1270 2671 1318 2699 ut
1345 2658 1388 2699 &
1413 2653 1586 2715 detergi
1617 2659 1660 2698 &
1678 2654 1822 2699 curari
1843 2652 2080 2698 commode
2101 2653 2275 2717 poffint.

445 2718 497 2765 Si
530 2718 607 2779 qui
634 2718 744 2763 verb
774 2717 872 2762 calli
894 2717 1104 2786 supersint
1120 2751 1132 2769 ‚
1152 2733 1199 2762 ut
1225 2717 1319 2764 fere
1343 2718 1512 2781 semper
1537 2718 1717 2764 solenne
1745 2719 1804 2763 est
1823 2750 1836 2768 ‚
1860 2716 2093 2763 corrosivis
2121 2718 2277 2766 sensim

450 2781 712 2828 absumendi
733 2815 744 2833 ,
773 2781 918 2845 lapide
939 2782 1102 2830 scilicet
1130 2782 1356 2829 cauteriali
1377 2781 1568 2846 pulveris
1587 2783 1718 2827 instar
1738 2781 2024 2845 plumaceolis
2052 2782 2276 2848 insperso,

449 2864 525 2893 aut
551 2846 821 2910 praecipitato
844 2847 1104 2892 Mercuriali
1131 2847 1266 2893 rubro
1286 2865 1387 2893 cum
1407 2862 1637 2909 unguento
1656 2845 1894 2894 bafilicone
1916 2845 2057 2891 misto,

517 2919 609 2956 10⁰.
638 2911 844 2957 Tandem
872 2911 1025 2956 durior
1049 2911 1238 2958 bubonis
1273 2911 1379 2958 basis
1412 2912 1573 2957 iterato
1609 2911 1826 2974 unguenti
1857 2910 2129 2956 mercurialis
2157 2909 2275 2955 illitu

449 2975 721 3023 emollienda
743 2981 789 3021 δε
812 2976 1045 3021 relaxanda
1063 2995 1073 3029 ·,
1097 2995 1240 3023 carnis
1254 3011 1266 3029 ,
1280 2976 1370 3040 -qufi
1399 2976 1519 3021 ulcus
1539 2977 1786 3040 completur
1801 3009 1813 3027 ‚
1831 2974 2011 3020 firmitas
2030 2974 2277 3020 concilian-

448 3041 506 3086 da
530 3038 609 3085 usu
626 3040 807 3084 Balsami
826 3040 979 3086 viridis
1003 3041 1267 3088 Metenfium
1289 3061 1300 3095 3
1322 3059 1370 3087 ac
1394 3039 1424 3085 fi
1444 3040 1574 3086 nimis
1599 3040 1917 3091 luxuriaverint,
1956 3056 2107 3102 carpto
2132 3038 2273 3084 linteo

451 3104 653 3151 tenuiore
688 3108 732 3149 δε
765 3103 905 3155 sicco,
930 3106 1000 3150 vel
1031 3106 1246 3152 calcinato
1269 3105 1462 3152 alumine
1491 3106 1773 3168 reprimenda
1792 3124 1804 3155 ·‚
1825 3104 2004 3150 demum
2032 3102 2183 3148 laxatis
2220 3120 2273 3152 ac

388 3180 391 3183 ’
451 3167 854 3219 detumescentibus
878 3168 1095 3232 glandulis
1110 3171 1230 3219 ulcus
1251 3171 1307 3219 ad
1328 3185 1523 3236 optatam
1540 3170 1792 3219 coitionem
1810 3166 2140 3216 deducendum.
