2477 3643
543 157 1271 204 anzn1.CA1⁵u·r
1338 159 1552 205 v111.
1897 167 1956 223 in

137 238 333 305 mouflque't
352 278 365 294 ‚
390 237 654 304 catapultam
675 256 687 291 ;
712 241 757 285 la
781 240 942 286 Poudre
961 236 988 284 ὰ
1022 255 1149 284 canon
1167 275 1182 292 ,
1206 238 1437 302 pulverem
1466 236 1642 303 pytium
1662 257 1674 291 ·‚
1693 238 1738 285 la
1755 244 1928 303 Bouffble
1945 283 1962 301 ,

134 307 344 372 pyxidem
368 304 618 357 nauticam3
650 304 933 367 l'Imprimerie
951 342 965 357 ,
992 302 1356 367 Typographiam
1385 307 1473 350 &c.
1504 303 1666 349 Graecis
1687 305 1873 353 vocibus
1893 309 1962 355 di-

137 373 275 418 cimus
292 403 304 422 ‚
330 369 532 432 quamvis
553 383 679 414 certo
704 368 862 415 certius
881 369 932 414 fit
950 368 1040 415 haec
1064 368 1218 415 omnia
1238 367 1261 413 ἓι
1281 368 1443 416 Graec‘is
1462 366 1572 415 olim
1594 367 1801 433 ignorata
1817 370 1961 427 fuisse,

136 451 186 483 ut
202 453 297 500 quae
316 435 448 498 quam
468 433 675 479 maxime.

853 685 888 713 ο

232 751 424 807 Fabula
459 748 518 802 de
553 753 741 821 origine
771 750 872 801 luis
901 766 1114 802 venereae
1144 752 1426 822 referuntur
1460 752 1518 812 όν
1546 753 1863 823 refilluntur.

315 880 354 922 T
387 874 675 922 Medicorum
700 873 905 920 omnium
923 908 936 926 ,
966 872 1043 937 qui
1072 872 1250 922 decimo
1273 877 1432 939 quinto
1459 877 1684 926 desinente
1703 883 1749 924 &
1779 880 1963 928 ineunte

140 878 276 1000 ἶ]
311 940 489 987 decimo
522 938 643 985 sexto
675 937 832 984 saeculo
862 939 1097 991 vixerunt,
1130 942 1328 987 constans
1355 949 1401 989 δέ
1426 943 1646 991 unanimis
1671 943 1758 989 fuit
1785 944 1963 992 senten-

136 1006 198 1051 tia
222 1039 234 1057 ‚
261 1023 425 1051 novam
454 1004 539 1051 effe
557 1004 677 1049 luem
694 1021 962 1056 veneream3
993 1002 1047 1048 fic
1078 1005 1342 1053 eorumdem
1373 1008 1503 1053 variae
1524 1014 1569 1054 ὃς
1595 1008 1820 1055 discordes
1839 1010 1964 1060 fuere

137 1071 374 1135 opiniones
392 1069 449 1115 de
470 1064 665 1130 ejusdem
687 1069 876 1130 origine.
901 1067 1161 1131 plerasque,
1192 1069 1293 1115 cum
1322 1070 1427 1118 fistae
1452 1078 1499 1118 &
1522 1090 1640 1119 vanae
1658 1074 1794 1120 effent
1810 1108 1822 1127 ,
1853 1090 1964 1122 tem-

133 1135 255 1200 poris
277 1134 570 1180 diuturnitate
597 1132 836 1179 extabuiffe
856 1132 1061 1178 videmus
1081 1136 1381 1181 :Commenta
1407 1138 1528 1182 enim
1558 1137 1677 1184 delet
1701 1139 1809 1184 dies.
1851 1144 1883 1186 E
1912 1160 1961 1188 re

136 1216 287 1246 tamen
312 1197 412 1245 fore
440 1198 582 1245 visum
607 1198 666 1243 est
690 1195 1103 1268 potissimas‘paucis
1133 1198 1304 1246 referre
1330 1200 1491 1247 ordine
1520 1201 1843 1265 chronologico
1865 1238 1878 1256 ,
1912 1211 1960 1251 δε

134 1263 340 1310 refellere
368 1261 681 1327 paucioribus,
711 1277 759 1306 ut
787 1260 952 1307 saniorl
971 1295 983 1313 ‚
1011 1278 1146 1324 quam
1178 1281 1282 1310 mox
1313 1281 1613 1330 proponemus
1644 1266 1854 1330 sequente
1885 1287 1961 1315 ca-

134 1329 226 1393 pite
245 1362 258 1381 ,
291 1328 411 1373 viam
444 1326 691 1390 planiorem
715 1331 759 1371 &
778 1325 1026 1371 faciliorem
1046 1325 1375 1389 patefaciamus.

196 1397 231 1438 Ι.
266 1391 554 1455 Antiquiores
584 1390 788 1442 Medici,
815 1405 864 1435 ut
893 1406 1145 1454 temporum
1170 1391 1342 1439 ferebat
1371 1393 1600 1447 conditio,
1632 1394 1706 1441 seu
1724 1396 1869 1460 potius
1890 1397 1962 1444 su-

2006 240 2094 279 vero
2112 253 2180 278 non
2196 243 2240 281 h'..

2005 293 2120 332 cuerit
2139 299 2240 332 anti-
2258 294 2261 296 ’

2005 358 2079 397 qua
2114 348 2240 384 nomi-

2007 411 2052 436 na
2067 398 2113 437 ad
2131 412 2240 437 mor-

2007 449 2073 487 bos
2098 464 2218 490 novos

2007 500 2215 553 significan-

2006 554 2072 590 dos
2089 566 2238 596 accomq

2006 605 2157 644 :nodare
2172 612 2183 644 2

2035 893 2148 933 Luem
2167 908 2238 936 ve„

2006 959 2149 985 aeream
2164 950 2236 987 fai-

2005 998 2046 1035 εὸ
2072 1000 2212 1038 deduc-

2007 1063 2083 1090 tam
2116 1052 2239 1093 fuiss'e.

2045 1411 2072 1446 I.
2103 1414 2134 1448 A
2152 1422 2236 1448 ma·-

133 1457 329 1521 perstitio
351 1490 364 1508 ‚
396 1455 734 1518 Astrologorum
761 1455 889 1518 nugis
921 1455 1094 1501 aniliter
1120 1456 1289 1503 creduli
1318 1457 1424 1504 dirae
1453 1459 1536 1505 luis
1563 1459 1785 1522 originem
1814 1462 1838 1506 a
1866 1481 1962 1509 ma-
2002 1459 2102 1512 ligno
2121 1462 2232 1520 'fide-

133 1522 259 1585 ligno
292 1522 514 1567 Astrorum
548 1520 720 1565 influxu
747 1554 760 1572 ‚
799 1536 870 1565 aut
898 1518 922 1564 a
956 1520 1157 1567 malefica
1188 1521 1468 1569 planetarum
1502 1524 1697 1571 coitione
1733 1526 1964 1574 deducen-
2003 1525 2084 1549 mm
2118 1516 2231 1553 mflu‘

139 1586 247 1632 dam
278 1586 481 1633 certatim
512 1584 773 1636 credidere,
807 1583 883 1630 sed
908 1600 957 1630 ut
988 1602 1111 1631 error
1140 1585 1219 1631 fibi
1242 1587 1356 1633 male
1379 1590 1546 1635 constat
1565 1622 1578 1641 ,
1609 1589 1632 1634 a
1658 1591 1792 1637 variis
1822 1593 1971 1641 vario-

132 1668 235 1697 rum
268 1652 550 1698 Planetarum
569 1648 840 1696 coitionibus
860 1649 971 1695 varii
992 1650 1233 1698 deduxere.

198 1716 271 1761 Sic
297 1733 414 1761 anno
451 1733 584 1772 1497.
617 1714 869 1760 Coradinus
902 1714 1103 1767 Gilinus,
1132 1716 1181 1761 in
1209 1716 1438 1780 Opusculo
1475 1717 1529 1763 de
1559 1719 1729 1766 Morbo
1762 1722 1963 1778 Gallico,

133 1781 256 1843 quod
275 1784 360 1840 jam
379 1777 1057 1843 supralaudavi1nu3,‘affei·ebat
1075 1796 1223 1826 ortum
1243 1781 1392 1827 morbi
1407 1781 1748 1830 adscribendum
1764 1787 1848 1833 elle
1867 1808 1963 1834 con-

133 1869 160 1888 „
174 1848 373 1903 junffioni
390 1850 421 1890 S
426 1848 563 1889 atur-ni
585 1843 633 1890 (ῥ’
647 1848 842 1897 Martis},
866 1862 948 1905 quae
964 1846 1046 1903 fiat
1074 1853 1127 1890 16
1133 1880 1142 1890 .
1171 1846 1370 1898 Januarii
1390 1855 1525 1904 1496.
1558 1849 1676 1894 circa
1707 1851 1958 1906 meridiem,

133 1927 228 1972 quae
258 1908 528 1972 significabat
552 1925 793 1972 corporum
820 1907 1119 1954 humanorum
1149 1909 1471 1964 mortalitates3
1509 1929 1582 1958 aut
1605 1916 1957 1975 conjunctioni«

131 1974 258 2027 Jovis
280 1980 324 2019 &
353 1973 537 2025 Martis,
560 1990 653 2036 quae
683 1972 768 2017 fuit
801 1972 875 2019 die
898 1990 967 2029 17.
985 1974 1261 2021 Novembris
1297 1993 1432 2033 1494.
1459 1976 1506 2020 in
1536 1977 1655 2041 signo
1687 1979 1832 2026 calido
1864 1987 1909 2027 &
1931 2005 1958 2023 u

132 2038 322 2085 humido
339 2072 351 2091 ,
371 2052 558 2102 vapores
584 2036 739 2083 aresta
764 2042 809 2083 δε
832 2037 943 2100 aqua
958 2038 1175 2085 elevando
1196 2073 1208 2091 ‚
1236 2057 1342 2104 quas
1369 2044 1493 2087 Mars
1523 2043 1687 2088 calidus
1713 2049 1756 2089 δε
1783 2044 1916 2093 siccus
1931 2069 1958 2088 ‘c

131 2102 378 2148 inflammat
397 2102 572 2166 &ignit
591 2136 604 2155 ,
627 2101 787 2165 quibus
806 2102 951 2166 postea
969 2107 1040 2148 a'c'r
1053 2104 1311 2151 immutatur
1333 2110 1379 2151 ὃ(
1399 2108 1697 2172 corrumpitur
1720 2143 1731 2161 ,
1752 2109 1911 2158 humo—
1930 2133 1957 2153 κ

134 2167 290 2230 resque
312 2183 542 2231 corruptos
565 2172 609 2213 &
630 2166 800 2212 adustos
821 2184 1037 2230 generans
1061 2167 1221 2213 harum
1244 2169 1557 2232 aegritudinum
1577 2171 1704 2218 causa
1722 2176 1793 2220 est.
1933 2197 1959 2217 e·

193 2233 266 2279 Sic
303 2250 421 2278 anno
454 2251 587 2294 1500.
614 2230 780 2295 Gaspar
797 2232 979 2278 Torella
1011 2232 1155 2278 aiebat
1175 2236 1318 2279 Tra&
1353 2240 1424 2280 De
1454 2234 1729 2301 Pudendagrei
1750 2278 1764 2291 ,
1794 2238 1912 2286 hunc
1933 2262 1958 2280 e«

131 2297 341 2343 morbum
361 2297 542 2344 evenire
558 2296 582 2341 a
611 2296 942 2344 constellatione
973 2315 1213 2361 corporum
1227 2297 1503 2361 superiorum
1519 2333 1531 2352 ,
1558 2300 1613 2347 eo
1641 2303 1762 2366 quod
1780 2303 1911 2350 effec-
1928 2327 1953 2344 κ

133 2376 200 2406 tus
219 2361 475 2408 universalis
491 2362 538 2407 in
554 2361 702 2408 causas
731 2361 1000 2408 universales
1029 2362 1190 2408 resolvi
1205 2362 1340 2408 debet
1361 2382 1371 2416 3
1393 2370 1437 2410 &
1454 2365 1539 2410 hoc
1561 2383 1741 2431 propter
1763 2372 1914 2416 Satur-
1929 2390 1954 2407 τε

131 2443 242 2472 num
260 2427 517 2473 existentem
535 2427 580 2473 in
595 2426 747 2472 Ariete
765 2445 775 2479 3
793 2428 956 2473 namin
974 2427 1129 2473 Ariete
1150 2427 1253 2474 &in
1272 2427 1466 2475 Piscibus
1487 2429 1584 2476 sunt
1601 2432 1803 2495 quaedam
1816 2435 1911 2482 stel-
1926 2455 1952 2473 ‘c

131 2489 182 2536 1ae
204 2489 418 2537 habentes
437 2492 620 2537 virtutes
640 2492 885 2554 generandi
905 2494 1109 2538 monstra.

194 2554 265 2600 Sic
295 2573 412 2601 anno
451 2573 583 2618 1514.
613 2556 898 2603 Wendelinus
925 2556 1063 2604 Hock
1091 2557 1146 2605 de
1175 2557 1451 2606 Brackenaw
1474 2593 1487 2613 ,
1515 2559 1591 2623 qui
1614 2594 1626 2613 ,
1657 2578 1704 2607 ut
1731 2561 1856 2627 supra
1885 2564 1951 2611 vi-

132 2618 276 2665 dimus
304 2625 435 2683 capite
464 2640 507 2677 4.
537 2620 618 2666 luis
648 2638 844 2667 venereae
870 2621 1108 2685 ingreffum
1143 2623 1282 2670 refert
1316 2624 1406 2688 ipse
1440 2625 1495 2670 ad
1531 2643 1694 2671 annum
1732 2645 1866 2685 1494.
1897 2647 1953 2675 ex

132 2684 392 2747 praejudicio
416 2700 562 2731 tamen
585 2703 685 2731 cum
707 2685 848 2750 seipso
867 2704 1066 2750 pugnans
1098 2689 1400 2735 contendebat
1426 2694 1576 2753 Operis
1599 2691 1646 2736 dc
1664 2692 1823 2738 Morbo
1843 2698 1952 2739 Gal-

131 2751 208 2795 lico
227 2763 319 2812 cap.
354 2767 392 2794 2.
427 2749 547 2795 hunc
575 2749 780 2795 morbum
801 2751 946 2797 verius
974 2751 1131 2817 cepiffe
1150 2753 1385 2799 exordium
1407 2771 1524 2800 anno
1546 2755 1731 2801 Domini
1768 2762 1900 2818 1483.
1923 2780 1950 2799 u

132 2812 239 2874 quia
258 2831 313 2859 eo
326 2831 443 2858 anno
465 2814 613 2860 mense
628 2814 838 2861 O&obi‘is
858 2815 1036 2862 fuerunt
1050 2833 1240 2880 quatuor
1254 2818 1442 2865 Planetae
1461 2853 1472 2870 ‚
1494 2819 1703 2865 videlicet
1723 2822 1907 2883 Jupiter,
1924 2843 1971 2878 κ,

132 2879 258 2923 Mars
272 2911 283 2927 ‚
303 2878 374 2923 Sol
390 2911 403 2929 ,
421 2883 464 2922 &
485 2880 735 2925 Mercurius
752 2881 798 2924 in
814 2880 948 2926 Libra
964 2883 1009 2926 in
1025 2883 1161 2927 domo
1176 2882 1446 2944 aegritudinis
1467 2902 1476 2927 :
1495 2889 1538 2929 ὃς
1555 2883 1767 2946 fignificat
1779 2886 1904 2946 aegri-
1921 2908 1947 2925 κ

132 2941 337 2987 tudinem
359 2958 411 2987 ex
433 2944 717 3007 corruptione
738 2942 958 3007 sanguinis
981 2950 1025 2991 &
1047 2946 1235 3004 cholerae
1259 2965 1268 2991 ε
1293 2951 1347 2991 Et
1359 2946 1444 2992 fuit
1471 2948 1533 2993 ibi
1553 2948 1801 2993 combustus
1818 2952 1898 3000 Ju-
1918 2971 1947 2990 ee

131 3006 248 3071 piter
267 3005 427 3053 eodem
454 3005 575 3070 figno
596 3027 605 3052 z
623 3008 806 3070 Fuitque
826 3008 998 3054 ibidem
1015 2999 1270 3058 coniunssio
1295 3012 1418 3062 Iovis
1442 3017 1487 3056 δε
1523 3013 1683 3057 Martis
1714 3017 1758 3058 δέ
1781 3016 1904 3061 Mera
1922 3036 1948 3055 a

133 3071 273 3116 curii:
297 3073 349 3115 Et
380 3072 538 3117 Martis
560 3077 604 3117 &
626 3073 813 3118 Veneris
829 3106 841 3123 ,
863 3074 987 3125 Jovis
1005 3079 1048 3119 δέ
1065 3074 1313 3126 Mercurii,
1340 3082 1383 3120 ὃς
1410 3077 1534 3127 Jovis
1561 3082 1608 3122 δε
1630 3079 1815 3124 Veneris
1842 3080 1899 3126 de
1917 3100 1943 3119 σε

134 3134 284 3182 mense
305 3135 515 3182 OCtobi-is
536 3136 609 3182 die
631 3137 771 3200 prima
791 3137 1083 3185 Novembris.
1112 3143 1209 3184 Fuit
1219 3139 1480 3205 praeterezltbis
1497 3143 1694 3205 eclypfizta
1718 3145 1840 3188 Luna
1862 3162 1903 3189 eo
1918 3165 1946 3184 ee

134 3217 235 3249 anno
254 3238 270 3256 ,
288 3198 371 3246 ta‘tm
400 3204 441 3248 in
457 3206 676 3267 Scorpione
694 3205 738 3249 in
758 3202 866 3252 domo
884 3205 1126 3268 aegritudinis
1143 3241 1158 3261 ,
1179 3203 1300 3269 qm‘zm
1329 3208 1370 3252 in
1401 3210 1481 3264 ejus
1502 3209 1684 3272 oppofito.
1714 3212 1750 3252 F
1755 3213 1810 3254 nit
1840 3223 1945 3275 prae-

2000 1577 2062 1606 ΧΠ.

2052 1762 2185 1801 1497.

2053 2265 2179 2300 ῙῙΟΟε

2058 2575 2173 2612 151²?ss
