2477 3643
693 107 1617 178 ¹L1nzn1v.c.41›urx.
1917 142 2014 203 *393v

254 214 404 264 Prima
424 209 551 258 causa
569 206 846 274 dignoscitur
875 229 1050 260 tumore
1068 249 1079 267 ,
1102 214 1263 261 dolore
1281 248 1294 268 ‚
1322 215 1471 262 calore
1489 249 1502 268 ,
1539 217 1703 266 rubore
1719 251 1731 270 ,
1779 222 2017 270 renitentia

189 281 325 348 partis
350 275 574 339 cujusdam
598 277 735 322 ulceri
755 277 941 324 confinis
960 297 971 331 3
993 279 1153 325 affluxu
1181 280 1301 344 puris
1328 296 1401 327 aut
1425 281 1651 346 purulenti
1676 283 1848 331 ichoris
1867 319 1879 338 ,
1905 288 2014 335 dum

189 362 286 410 pars
311 343 386 389 illa
405 342 461 388 de
487 341 697 387 industria
724 343 970 405 premitur3
995 344 1188 407 denique
1218 344 1399 409 specillo
1416 380 1428 398 ‚
1445 363 1537 410 quo
1557 346 1758 411 suspensa
1784 366 1914 395 manu
1932 370 2011 415 pet

190 409 378 456 obvium
406 406 564 452 ostium
592 407 850 452 introdudlzo
875 407 987 454 finus
1014 409 1189 456 latentis
1210 410 1335 457 situm
1356 445 1368 463 ,
1387 411 1669 459 altitudinem
1688 446 1700 466 ‚
1720 412 2011 461 directionem

190 474 426 539 explorare
450 469 584 517 facile
617 472 688 517 est.
1749 515 1760 525 .

256 542 380 585 Patet
409 535 546 582 altera
564 569 576 588 ‚
599 536 628 581 s1
649 534 769 581 labra
796 553 941 599 neque
969 551 1168 583 tumeant
1185 572 1197 592 ‚
1224 557 1370 602 neque
1398 540 1580 587 doleant
1599 576 1610 592 ,
1642 559 1788 606 neque
1815 542 2016 589 renitan-

191 619 289 655 tur,
316 607 362 648 ὃ(
391 602 513 646 ulcus
543 617 692 647 tamen
713 602 908 646 cicatrici
944 619 1160 665 repugnet
1194 623 1204 656 3
1241 604 1270 648 s1
1305 605 1462 651 ulceris
1493 605 1656 652 fundus
1685 607 1788 654 licet
1817 607 2016 655 detersus

192 666 430 732 spongiosa
451 700 463 718 ‚
484 666 643 719 molli,
676 664 807 712 facile
836 666 881 712 in
902 667 1185 729 putredinem
1223 668 1567 731 colliquescente
1598 690 1729 718 carne
1755 673 2012 737 oppleatur,

189 738 237 779 &
258 733 413 778 ichore
434 730 594 777 foetido
616 731 830 795 perpetuo
852 729 1072 777 madescat
1090 749 1102 784 ·,
1123 732 1304 778 demum
1324 733 1351 778 sl
1376 735 1469 780 visu
1486 737 1555 782 vel
1577 737 1742 801 specilli
1759 738 1917 782 attacZffl
1936 756 2014 802 pa-

187 796 275 843 lam
297 797 347 842 sit
371 814 421 842 os
441 796 682 855 subjectum
718 795 932 841 nudatum
948 829 960 847 ‚
983 795 1186 842 scabrum
1206 831 1219 853 ,
1245 798 1447 862 asperum
1468 835 1480 852 ‚
1506 801 1766 865 inaequabile
1783 836 1796 854 ‚
1824 801 2013 848 forami-

186 863 422 909 nulentum
440 895 451 914 ,
473 878 563 907 uno
586 861 727 907 verbo
756 859 974 906 cariosum
995 860 1094 906 esse.

254 926 462 973 Tandem
492 925 775 971 innotescunt
798 924 927 970 tertia
955 930 1000 970 δε
1019 941 1176 988 quarta
1202 925 1360 988 signis,
1394 946 1486 991 quae
1524 929 1756 976 seminium
1788 930 2010 979 scorbuti-

189 1010 292 1039 cum
318 991 390 1037 vel
418 991 677 1037 strumosum
706 990 846 1035 solent
872 989 1068 1037 indicare
1096 992 1403 1037 :Scorhnticum
1425 1033 1439 1046 ,
1461 993 1489 1038 si
1523 995 1709 1058 gingivae
1738 995 1924 1043 foeteant
1961 1003 2009 1043 δε

168 1056 456 1122 ¹putrefiant,
479 1071 552 1101 aut
578 1054 606 1100 fi
635 1054 752 1100 tibiae
783 1054 964 1099 maculis
987 1053 1229 1119 conspersae
1255 1055 1467 1103 livescant
1502 1077 1511 1103 :
1536 1064 1806 1120 Strumofitm‚
1831 1062 1859 1106 si
1888 1062 2009 1109 ulcus

186 1124 235 1168 in
255 1119 514 1184 glandulosa
534 1135 656 1184 parte
678 1119 861 1165 insldeat
878 1152 889 1169 ‚
927 1118 956 1162 si
994 1120 1153 1165 ulceris
1176 1119 1283 1165 basis
1316 1117 1579 1169 skirrhodes
1611 1124 1660 1169 s1t
1680 1159 1691 1175 ,
1725 1125 1754 1169 s1
1787 1126 2006 1188 glandulae

185 1186 278 1233 aliae
292 1220 304 1238 ,
326 1186 413 1231 slve
435 1185 572 1231 ulceri
594 1183 790 1231 confines
809 1218 823 1236 ,
843 1183 932 1230 five
950 1184 998 1229 in
1019 1185 1110 1231 aliis
1129 1184 1236 1230 locis
1255 1183 1339 1229 sltae
1355 1218 1367 1237 ‚
1389 1186 1516 1233 simili
1555 1205 1731 1236 tumore
1765 1190 2010 1239 skirrhode

188 1251 410 1299 laborent.

253 1319 322 1361 De
358 1312 498 1359 tribus
529 1312 693 1358 ult-imis
722 1311 853 1358 causis
883 1330 986 1359 mox
1015 1331 1193 1377 agemus
1220 1315 1416 1363 articulis
1449 1317 1747 1381 sequentibus.
1782 1323 1918 1366 Nunc
1949 1321 2007 1368 de

184 1379 329 1446 prima
359 1393 528 1425 tantum
559 1378 685 1424 causa
716 1377 872 1423 ulceris
901 1378 1114 1425 Chironii
1142 1380 1317 1443 quaestio
1346 1383 1430 1434 est,
1451 1400 1613 1448 nempe
1645 1382 1701 1430 de
1729 1382 1922 1430 fistulosis
1954 1384 2008 1430 fi-

182 1445 341 1493 nubus

246 1514 437 1557 Certum
467 1509 526 1555 est
553 1512 598 1553 δε
626 1506 929 1553 indubitatum
960 1508 1212 1573 Chirurgiae
1244 1510 1420 1558 axioma
1462 1512 1647 1558 vulnera
1696 1513 1902 1562 ulcerave
1935 1530 2006 1561 tu-

185 1575 270 1621 tius
292 1609 304 1628 ,
324 1572 539 1636 citiusque
557 1590 796 1634 numquam
817 1572 958 1617 sanari
976 1576 1140 1620 caeteris
1158 1576 1336 1639 paribus
1355 1610 1368 1629 ,
1395 1577 1529 1640 quam
1550 1576 1655 1623 dum
1675 1579 1845 1625 reclusis
1863 1581 2008 1629 reces-

185 1641 299 1686 sibus
327 1640 492 1684 cunctis
521 1638 670 1683 onmia
699 1636 797 1681 sunt
816 1637 864 1681 in
894 1640 1130 1702 propatulo
1150 1674 1162 1691 ‚
1193 1645 1236 1685 ὃς
1256 1640 1316 1686 ita
1333 1641 1468 1687 obvia
1496 1658 1543 1687 ut
1561 1660 1638 1706 pus
1658 1643 1816 1689 nullibi
1840 1644 1974 1693 lateat
1990 1680 2006 1700 ,

183 1704 441 1767 singulaque
463 1703 560 1748 loca
580 1700 807 1765 suppurati
827 1735 838 1753 ,
860 1701 1063 1765 detergi,
1083 1705 1170 1751 elui
1192 1710 1236 1750 ὃς
1256 1706 1464 1752 mundari
1479 1705 1607 1751 facile
1625 1708 1796 1771 possint.

248 1775 403 1833 Itaque
444 1776 502 1812 10.
524 1767 567 1813 Si
588 1766 825 1811 commode
843 1765 939 1812 fieri
959 1767 1081 1831 poffit
1099 1803 1111 1820 ,
1142 1768 1253 1814 sinus
1273 1788 1424 1817 omnes
1452 1772 1800 1836 quanticumque
1829 1773 1909 1820 s1nt
1933 1774 2006 1822 in·-

186 1834 369 1881 cidendi
385 1866 400 1885 ‚
428 1831 656 1877 forficibus
674 1831 856 1893 quidem
877 1830 904 1875 si
927 1834 1127 1884 cutanei3
1158 1833 1363 1898 scalpello
1381 1869 1393 1887 ‚
1419 1835 1576 1892 hzstouri
1605 1837 1723 1883 dicto
1743 1872 1754 1890 ‚
1771 1839 1892 1901 quod
1913 1828 2005 1904 spe-

184 1899 288 1945 cillo
308 1899 472 1943 sulcato
491 1897 538 1942 in
556 1896 666 1941 sinus
684 1893 873 1940 immisso
895 1913 1069 1959 regatur
1085 1931 1096 1948 ,
1119 1898 1148 1942 si
1168 1899 1346 1945 altiores
1363 1899 1532 1946 fuerint
1553 1919 1563 1953 3
1585 1901 1795 1966 labraque
1812 1905 2004 1967 pendula

182 1965 287 2012 hinc
311 1962 479 2009 &inde
499 1960 734 2007 resecanda
752 1993 765 2011 ‚
785 1976 832 2005 ut
849 1960 903 2005 ad
924 1961 1114 2008 fundum
1132 1962 1308 2009 facilior
1327 1981 1473 2028 pateat
1493 1965 1648 2011 aditus.

250 2037 313 2074 2⁰.
348 2029 516 2074 Praestat
543 2041 690 2072 tamen
718 2025 959 2087 aliquando
978 2059 991 2078 ,
1019 2043 1066 2072 ut
1095 2027 1277 2074 sectioni
1304 2046 1535 2093 parcatur,
1556 2029 1583 2074 s1
1605 2030 1781 2094 longior
1811 2032 1921 2078 sinus
1950 2034 2004 2080 ad

183 2092 619 2158 oppositam-partem
636 2090 838 2155 proxime
860 2091 1072 2153 attingat,
1101 2110 1153 2138 ex
1183 2093 1371 2139 adverso
1401 2110 1650 2159 aperturam
1685 2097 1831 2143 facere
1848 2131 1859 2148 ,
1886 2099 2005 2144 unde

183 2159 365 2222 gemina
390 2172 537 2222 pateat
564 2156 636 2202 via
657 2155 754 2219 puri
780 2155 1038 2201 exiturienti
1059 2190 1071 2208 ‚
1092 2156 1320 2220 facilisque
1339 2158 1387 2203 lit
1415 2159 1532 2204 ultro
1559 2160 1758 2222 citroque
1780 2179 2007 2209 commea-

189 2240 258 2269 tus
272 2257 285 2275 ,
318 2239 365 2268 ut
386 2223 536 2268 omnia
553 2220 713 2286 possint
727 2220 1038 2282 injectionibus
1059 2221 1200 2285 probe
1220 2223 1338 2274 elui,
1359 2228 1403 2269 δε
1419 2223 1613 2270 immiflis
1636 2225 2010 2276 medicaminibus

184 2287 320 2336 facile
340 2288 527 2350 detergi.

249 2357 316 2414 3⁰.
352 2353 489 2409 Quod
520 2351 549 2395 si
569 2349 728 2395 ulceris
755 2349 855 2395 situs
870 2383 881 2401 ‚
909 2350 1159 2414 partiumve
1180 2351 1475 2412 adjacentium
1500 2369 1656 2400 natura
1676 2370 1880 2401 neutrum
1902 2375 2006 2421 per-

183 2419 360 2468 mittat,
380 2417 531 2461 saltem
562 2413 731 2460 necesse
757 2415 814 2459 est
830 2415 984 2459 ostium
1009 2414 1120 2461 sinus
1146 2416 1208 2462 ita
1232 2416 1421 2464 dilatare
1442 2416 1644 2482 scalpello
1671 2420 1775 2465 hinc
1800 2426 1844 2465 δε
1865 2421 2001 2474 inde,

185 2481 259 2528 vel
289 2480 479 2526 admotis
508 2478 794 2524 cathaereticis
818 2479 879 2524 ita
907 2480 1114 2544 ampliare
1134 2515 1148 2533 ‚
1176 2497 1224 2527 ut
1249 2480 1413 2527 fundus
1443 2483 1613 2536 oculis,
1643 2484 1793 2547 digitis
1812 2519 1823 2536 ‚
1857 2503 2002 2532 reme-

187 2547 272 2593 diis
293 2545 421 2591 facile
442 2544 601 2590 obvius
624 2542 699 2588 fiat
719 2561 730 2595 3
752 2542 1040 2607 affecitamque
1063 2562 1232 2609 partem
1251 2547 1314 2591 ita
1337 2547 1534 2609 deligare
1548 2582 1561 2601 ,
1586 2554 1630 2594 δε
1649 2550 1695 2594 in
1716 2568 1770 2595 eo
1789 2549 1867 2595 situ
1894 2553 2003 2597 reti-

188 2628 297 2658 nete
310 2610 341 2655 fi
357 2610 488 2657 liceat
505 2643 517 2662 ,
537 2624 585 2655 ut
603 2608 624 2652 a
643 2608 786 2653 fundo
804 2608 912 2654 linus
932 2609 977 2654 in
996 2611 1167 2673 plagam
1188 2611 1259 2657 via
1279 2610 1464 2657 declivis
1482 2610 1532 2656 sit
1548 2613 1647 2677 puri
1664 2614 1894 2660 effluxum.

248 2684 318 2734 40.
357 2675 413 2721 lis
441 2675 502 2720 ita
536 2673 801 2736 comparatis
829 2689 922 2719 tota
948 2674 1105 2722 ulceris
1136 2675 1268 2722 facies
1291 2693 1344 2722 ex
1367 2692 1456 2722 arte
1484 2676 1756 2742 suppurantia
1786 2678 2002 2742 digestivo

186 2739 400 2804 fimplici,
428 2740 502 2786 vel
534 2756 634 2784 cum
663 2738 764 2784 oleo
791 2737 1017 2801 hyperici,
1047 2740 1139 2786 im'o
1168 2758 1268 2786 cum
1295 2741 1483 2787 tinctura
1512 2743 1728 2803 myrrhae,
1758 2742 1786 2787 si
1810 2744 2003 2790 odorem

186 2804 323 2869 spiret
356 2804 564 2850 foetidum
603 2808 648 2848 δέ
682 2804 1016 2865 graveolentem
1056 2823 1104 2851 ac
1141 2806 1341 2852 colorem
1374 2805 1645 2853 sublividum
1681 2825 1763 2871 prat
1800 2808 1840 2854 se
1872 2808 2000 2855 ferat.

184 2869 337 2917 Postea
357 2869 525 2915 iteratis
548 2867 859 2928 injectionibus
887 2869 1108 2921 eluenda,
1143 2887 1302 2933 nempe
1333 2870 1519 2917 decocto
1550 2872 1708 2918 hordei
1743 2890 1841 2918 cum
1871 2873 2001 2920 melle

186 2933 398 2984 rosaceo,
427 2932 611 2978 decocto
638 2931 894 2994 agrimoniae
911 2966 924 2984 ,
954 2932 1182 2996 hyperici,
1207 2934 1450 2987 betonicae‚
1479 2935 1651 2999 bugulae
1679 2942 1762 2982 δίς.
1785 2943 1828 2983 ὃς
1859 2937 2000 2983 balsa-

188 3017 268 3046 mo
291 2997 433 3043 Arcaei
458 2996 652 3042 curanda
669 3029 682 3046 ,
712 3013 906 3058 quocum
930 2995 961 3039 fi
989 3014 1142 3043 carnes
1166 2998 1489 3045 luxuriaverint
1505 3000 1728 3064 ,proderit
1756 3001 2003 3050 admiscere

188 3061 434 3110 balsamum
466 3061 611 3106 viride
633 3058 852 3106 Metense.
890 3060 1028 3117 Quod
1054 3060 1082 3105 si
1103 3080 1252 3109 carnes
1272 3063 1498 3110 molliores
1526 3070 1571 3111 δέ
1592 3064 1785 3129 fungosae
1814 3068 1998 3115 videan-

186 3143 290 3179 tur,
324 3127 619 3190 reprimentur
647 3125 829 3188 pulvere
857 3124 1054 3189 insperso
1086 3127 1289 3173 aluminis
1318 3129 1423 3181 usti,
1449 3129 1520 3177 vel
1540 3130 1631 3177 levi
1657 3133 1816 3176 attactu
1843 3133 1998 3197 lapidis

187 3192 448 3247 infernalis3
478 3209 528 3239 ac
557 3189 739 3239 demum
763 3190 945 3238 cicatrix
966 3190 1258 3243 advocabitur
1283 3193 1556 3260 appofitione
1576 3196 1807 3245 linamenti
1834 3199 1999 3263 carptis

1650 3260 1787 3313 Ddd,

2071 1320 2281 1367 Quomodo

2054 1374 2176 1421 primae
2188 1386 2231 1410 ex
2246 1375 2289 1410 il·

2050 1424 2094 1461 lis
2118 1425 2233 1462 caufis

2052 1477 2270 1565 piedcndum

2066 1540 2112 1566 it·
