2477 3643
764 137 1077 186 INDEX

218 215 405 256 Σεσζέῒιιις
437 212 715 264 (Guillelmus)
742 214 943 268 Chirurgus
974 215 1112 254 Londi-

274 268 391 307 nensrs
407 298 417 316 ,
444 268 560 306 multa
588 264 791 306 testimonia
807 281 918 319 nuper
944 268 1112 321 produxit

277 334 343 373 pro
378 322 591 373 antiquitate
621 319 690 356 luis
721 335 878 359 venereae
909 326 944 358 ὅ(
972 335 1111 375 gonor-

276 372 386 412 rlioeae
401 404 412 420 ,
453 387 533 425 quae
569 372 791 423 explicantur
823 380 858 413 δε
894 373 1081 414 diluuntur
1099 404 1112 424 ‚

275 440 330 476 25.
348 427 393 467 ό
407 425 481 476 ftq.

215 478 325 526 Belga.
353 477 399 515 ab
420 477 592 530 'Hispanis
622 480 718 519 luem
743 495 930 520 veneream
956 493 1103 519 contra-

271 544 352 569 xere
364 561 376 578 ,
407 545 518 583 quam
538 531 623 572 ideo
640 547 771 573 vocant
786 535 955 573 morbum
972 533 1102 586 Hispa—

268 597 387 622 mcum
406 614 417 631 ,
1055 602 1102 636 54

215 636 447 674 Bethencourt
472 638 483 683 ί
503 639 659 686 Jacobus
672 640 693 679 Ξι
708 641 946 680 Bethencourt
961 670 971 687 ‚
1003 643 1013 684 )
1032 654 1100 678 vc·-

275 701 420 727 neream
447 692 707 743 gonorrlioeam
734 694 895 734 accurate
924 693 1099 745 descripsit

273 755 369 779 anno
399 757 499 791 1527.
1053 753 1098 784 86

215 794 442 832 Blancara'us
472 801 482 841 <
501 798 698 850 Stephanus
715 803 728 846 )
759 799 924 837 Medicus
942 805 1095 838 Batavus

266 845 396 886 dicitur
412 846 574 901 scripsilse
592 853 687 890 luem
705 866 892 889 veneream
921 853 965 889 ab
982 856 1094 890 Euro-

267 898 315 950 pa
345 902 382 938 in
409 905 613 943 Amet-icam
632 904 833 943 tradustam
855 904 957 943 fuiffe
974 905 1019 942 ab
1037 909 1098 943 ΑΞ-

267 951 391 1005 thiope
404 955 564 1004 quodam
575 989 585 1005 ,
601 960 663 1010 qui
681 957 855 1009 Pamphili
872 958 914 995 de
930 962 1100 996 Narvaez

267 1009 490 1058 mancipium
521 1024 594 1049 erat
620 1042 630 1059 ‚
661 1011 760 1064 quod
789 1023 911 1049 tamen
941 1011 1096 1058 falsum,

271 1074 349 1110 535·
377 1074 421 1104 θ’
441 1070 510 1120 536
1046 1117 1052 1124 ,

215 1110 340 1161 Blegny
371 1118 380 1156 (
398 1115 574 1153 Nicolaus
592 1115 661 1161 de)
682 1117 762 1169 quis
783 1115 943 1169 qualisve
966 1115 1072 1154 fuerit
1087 1147 1097 1165 ,

269 1169 303 1202 δέ
329 1165 401 1219 qua
419 1166 462 1205 de
486 1169 592 1208 causa
619 1171 657 1208 in
684 1185 860 1209 carcerem
888 1172 1097 1220 conjestus?

270 1231 287 1266 5
299 1233 337 1265 32

210 1271 359 1308 Bcchtta
384 1271 572 1313 sudorifica
585 1305 595 1321 ‚
1032 1289 1095 1325 115

210 1322 418 1361 Bocrhaave
444 1329 458 1373 ’ί
485 1329 748 1376 Her-mannus)
785 1327 875 1380 quid
902 1326 1028 1365 sentiat
1055 1329 1099 1366 de

261 1374 471 1416 efficacitate
486 1379 624 1419 decocti
649 1382 798 1420 Guaiaci
814 1380 860 1419 ad
875 1381 1096 1419 curationem

262 1428 330 1468 luis
350 1444 508 1470 venereae
524 1442 533 1471 ?
1027 1448 1087 1483 143

343 1486 403 1521 An
414 1483 494 1524 satis
507 1486 601 1525 redte
613 1484 738 1525 sentiat
755 1496 765 1525 ἒ
784 1501 860 1535 144.
882 1502 959 1537 145.
974 1487 1040 1537 (νς
1052 1494 1093 1533 58

340 1538 484 1589 Scripsit
519 1540 722 1578 Diatribam
754 1540 797 1577 de
824 1543 881 1579 lue
912 1540 1062 1578 venerea
1083 1571 1093 1587 ,

387 1605 468 1643 quae
508 1593 732 1631 Praefationis
759 1595 840 1631 loco
872 1593 1013 1645 praefixa
1045 1593 1095 1632 est

387 1644 548 1682 Editioni
573 1647 753 1701 Lugduno
778 1651 920 1686 Batavae
946 1644 1095 1699 Aphro⁴

339 1747 341 1749 ι
386 1697 524 1744 difiaci,
1027 1714 1092 1750 555

342 1752 401 1788 An
433 1751 687 1790 existimaverit
710 1752 941 1803 panniculum
967 1752 1096 1804 adipo-

389 1802 469 1842 sum
486 1804 603 1844 sedem
627 1804 694 1844 effe
718 1819 926 1859 perpetuam
953 1809 1095 1844 venerei

382 1855 526 1896 *seminii
541 1869 551 1897 Ξ
1027 1874 1090 1910 555

339 1913 390 1948 At
416 1912 507 1950 certe
534 1913 702 1960 opinatur
730 1911 964 1963 panniculum
990 1912 1092 1950 illum

388 1962 507 2003 sedem
521 1963 589 2003 effe
606 1962 872 2013 uscusculorum
901 1964 1092 2003 cancroso-

386 2030 466 2055 rum
481 2048 491 2065 ‚

201 2063 300 2107 Βοὶῖθ
312 2091 323 2110 »
339 2069 542 2109 Circulator
559 2070 629 2108 hoc
645 2069 791 2108 nomine
802 2068 1091 2114 dietus,conten-

256 2118 363 2160 debat
379 2125 517 2162 nonita
530 2123 667 2175 pridem
686 2123 832 2161 Lutetiae
848 2123 995 2160 morbos
1009 2137 1087 2161 om—

255 2187 318 2211 nes
334 2176 380 2213 ab
395 2177 618 2214 animalculis
638 2175 758 2213 inferri
778 2202 790 2221 ‚
1042 2193 1086 2222 92

204 2226 391 2264 Bolducius
409 2228 582 2277 (jacobus
600 2231 609 2274 )
630 2228 847 2280 CapucinuS,
865 2225 1089 2266 existimabat

254 2282 426 2320 morbum
443 2281 527 2334 Jobi
543 2280 710 2319 eumdem
726 2277 827 2317 fuiffe
841 2293 924 2316 cum
946 2279 1003 2317 lue
1022 2296 1087 2318 ve-

254 2334 359 2374 nerea
373 2364 382 2381 ‚
932 2333 1029 2374 Praf'.
1050 2334 1086 2371 iv

200 2390 433 2436 Borgarutius
462 2389 472 2433 (
492 2384 639 2437 Prosper
658 2388 668 2428 l
699 2383 805 2422 refert
828 2385 865 2421 in
882 2384 1086 2424 civitatibus

252 2438 467 2492 quibusdam
480 2439 676 2477 nebulones
689 2437 722 2475 se
733 2437 898 2476 Medicos
909 2435 975 2475 effe
986 2453 1085 2476 men-

254 2496 381 2533 tientes
398 2495 436 2532 in
453 2493 589 2532 asinum
602 2489 793 2544 strigosum
810 2491 882 2541 rapi
899 2520 909 2537 ‚
1014 2498 1083 2539 488

352 2550 396 2585 In
423 2561 498 2599 quo
523 2545 702 2595 jacobum
729 2544 891 2596 Sylvium
920 2544 1087 2595 expilavit

378 2599 439 2638 sed
456 2597 632 2652 suppresso
647 2597 742 2635 illius
757 2598 903 2635 nomine
921 2626 930 2642 ,
952 2600 989 2633 in
1005 2598 1076 2634 ad·-

377 2653 483 2689 dend.
513 2654 559 2698 xii

201 2701 328 2753 &orgia
359 2707 369 2751 (
392 2704 597 2756 Alphonsus
614 2707 624 2746 l
655 2702 847 2742 Alexandri
865 2705 931 2742 VI.
951 2718 992 2742 ex
1010 2703 1086 2743 fra-

255 2771 308 2797 tre
325 2772 448 2809 nepos,
461 2760 613 2797 moritur
629 2772 671 2795 ex
687 2754 867 2808 therapeift
883 2760 1086 2797 Mercuria-

254 2812 303 2859 li,
1019 2825 1086 2859 107

196 2867 444 2902 &rachenavw
463 2866 472 2907 l
488 2861 726 2903 Wendelinns
736 2860 865 2909 Hock)
881 2862 963 2901 Vid.
979 2868 1085 2901 Hocle.

201 2916 428 2965 Braffavolus
462 2921 472 2960 ί
493 2916 673 2955 Antonius
695 2913 830 2961 Musa)
864 2918 1002 2968 putavit
1018 2916 1084 2955 luis

255 2981 413 3007 venereae
454 2971 633 3022 originem
666 2967 912 3006 deducendam
956 2968 1023 3007 effe
1063 2969 1083 3008 a

254 3021 372 3060 scorto
398 3022 564 3075 vulgari,
593 3025 693 3071 cujus
719 3022 757 3057 in
782 3031 883 3059 utero
914 3020 1085 3061 absceffiis

245 3075 386 3115 latebat
403 3105 413 3122 ‚
1036 3089 1084 3123 44

352 3126 562 3168 Confitetur:
578 3127 676 3166 luem
698 3139 886 3165 veneream
901 3128 938 3164 in
954 3126 1085 3180 Hispa-

383 3181 481 3220 niola
499 3182 702 3219 endemiam
718 3181 806 3218 olim
822 3178 923 3218 fuisse
939 3210 948 3227 ‚
1038 3196 1084 3229 49

349 3234 539 3288 Descripsit
549 3233 809 3289 gonorrhoeam
822 3247 1009 3276 veneream
1023 3248 1087 3287 ant

974 2021 1135 2070 ‘556.

1165 140 1209 186 R
1241 137 1276 186 E
1309 141 1349 187 R
1378 141 1424 187 U
1458 145 1532 190 M.·
1970 167 2069 217 573:

1350 231 1399 256 no
1427 232 1530 269 1551.
2011 239 2056 272 68

1318 268 1456 310 saevit-ia
1483 274 1550 312 luis
1566 288 1726 317 venereae
1739 280 1813 330 jam
1827 281 1966 324 remiss'a
1980 299 2056 325 erat

1343 325 1440 363 illius
1459 339 1561 365 aetate
1575 358 1585 376 ‚
2004 353 2048 387 71

1315 377 1486 416 Admittit
1501 410 1512 428 ,
1531 395 1612 432 234.
1629 385 1765 434 Species
1781 384 1849 425 luis
1863 402 2019 429 venereae
2033 422 2044 440 ,

1342 446 1409 481 473

1156 484 1379 526 Broncocele,
1411 483 1581 538 *frequens
1606 491 1642 524 8c
1666 495 1869 531 communis
1897 493 2047 533 morbus

1205 537 1246 573 in
1269 537 1473 589 regionibus
1489 539 1681 591 subalpinis
1695 575 1707 591 ‚
1863 550 1981 595 pagin.
2001 556 2048 587 60

1154 589 1353 641 Bruhezius
1373 597 1381 635 (
1402 595 1553 641 Petrus)
1573 597 1678 648 Qid
1694 598 1752 637 ille
1774 601 1812 637 in
1829 599 1893 637 {uo
1908 599 2043 638 Alma-

1213 644 1305 679 nach
1322 640 1483 683 statuerit
1497 646 1540 684 de
1559 660 1719 702 tempore
1734 651 1888 690 tonsurae
1903 660 1913 689 Ξ
1969 667 2041 701 477

1153 692 1270 733 Bubas
1296 697 1306 742 (
1328 695 1377 733 las
1397 700 1406 745 )
1436 698 1481 738 fic
1509 700 1583 739 lues
1601 717 1750 743 venerea
1772 703 1967 758 Hispanice
1982 707 2042 745 di-

1205 748 1297 787 citur
1308 777 1317 794 ‚
1887 775 1942 807 39.
1972 768 2041 809 526

1150 804 1299 840 Rubonis
1316 804 1455 860 venerei
1474 805 1659 858 descriptio
1673 815 1707 848 &
1720 808 1930 851 differentiae
1943 841 1954 859 ,
1973 819 2040 851 218

1297 857 1422 894 Caura:
1438 887 1448 903 ,
1971 879 1988 902 2
1999 872 2041 904 18

1307 913 1555 961 symptomata
1567 942 1578 959 ,
1971 933 2041 958 220

1303 963 1493 1015 Diagnofis
1509 995 1518 1011 ‚
1971 986 2040 1010 222.

1304 1016 1493 1069 Prognosis
1509 1048 1519 1064 ,
1971 1040 2042 1073 224

1300 1070 1455 1108 Curatio
1482 1071 1528 1107 1⁰.
1548 1072 1804 1122 Resolutione,
1971 1092 2042 1126 224

1476 1124 1526 1160 2⁹.
1547 1130 1829 1178 Suppuratione‚
1875 1145 1954 1178 ²27·
1972 1145 2039 1180 529

1306 1173 1676 1230 Problemataaliquot
1691 1181 2041 1230 circabubones,229

1152 1218 1249 1258 Bubo
1281 1237 1453 1267 venereus
1482 1231 1595 1281 potest
1623 1246 1789 1285 apparere
1816 1249 1910 1286 pone
1940 1251 2043 1276 aures

1205 1287 1268 1312 aut
1285 1275 1349 1316 sub
1364 1281 1429 1319 alis
1445 1313 1455 1330 ,
1814 1302 1893 1336 229.
1909 1290 1954 1333 ό·
1976 1305 2044 1340 520

1153 1326 1304 1364 Bubonis
1318 1332 1466 1383 fistulofi
1489 1336 1651 1376 definitio
1668 1344 1703 1377 ὃς
1718 1337 1950 1390 differentiae‚
1974 1357 2045 1391 230

1305 1387 1430 1424 Causae
1445 1418 1455 1435 ‚
1976 1411 2042 1444 231

1302 1441 1551 1491 Symp'tomata
1565 1475 1575 1491 ,
1975 1462 2043 1497 231

1300 1492 1491 1545 Diagnofis
1510 1504 1544 1536 &
1563 1498 1751 1552 Prognofis
1766 1529 1776 1546 ‚
1974 1517 2045 1548 232

1302 1546 1453 1585 Curatio
1467 1579 1477 1596 ‚
1971 1569 2010 1604 23
2020 1571 2041 1595 τ.

1148 1592 1301 1630 Bubom's
1325 1599 1509 1638 skirrhodis
1535 1600 1723 1655 descriptio
1749 1609 1784 1643 &
1801 1603 2013 1646 differentia:
2029 1638 2041 1656 ,

1203 1658 1275 1694 2⁹4
1301 1702 1447 1752 Causae,

1301 1758 1548 1808 symptomata
1562 1791 1573 1806 ‚
1968 1727 2040 1816 ’,ἐξ

1300 1808 1490 1862 Diagnolis
1507 1819 1541 1851 8<
1559 1815 1745 1867 Prognofis
1761 1845 1773 1863 ,
1969 1833 2038 1869 235

1299 1862 1450 1902 Curatio
1467 1892 1476 1905 ,
1968 1886 2008 1920 23
2019 1886 2036 1921 5

1150 1907 1303 1969 Bubonis
1326 1918 1612 1954 carcinomatadis
1637 1917 1824 1971 descriptio
1863 1927 1900 1959 8(
1929 1920 2040 1962 diffe-

1196 1970 1321 2001 rentia·
1335 1995 1345 2010 ,

1969 1992 2038 2026 237

1301 2018 1427 2058 Causae
1440 2052 1450 2068 ,
1967 2044 1988 2067 2
1996 2045 2038 2078 37

1302 2073 1550 2123 Symptomata
1568 2104 1578 2121 ‚
1967 2089 2036 2132 238

1300 2123 1491 2175 Diagnosis
1507 2132 1541 2164 &
1562 2128 1750 2179 Prognofis
1767 2160 1779 2179 ,
1964 2150 2035 2184 239

1299 2173 1501 2230 Therapeia
1518 2182 1709 2218 Curatoria
1723 2211 1733 2227 ,
1965 2201 2006 2235 23
2013 2205 2035 2235 9

1520 2231 1703 2282 palliativa
1719 2263 1729 2279 ‚
1965 2254 2036 2288 240

1143 2274 1238 2311 Buba
1266 2277 1459 2331 inguinum
1486 2284 1524 2320 in
1554 2283 1611 2321 lue
1643 2299 1795 2324 venerea
1823 2287 2037 2331 observatus

1191 2342 1269 2424 ἔξω
1285 2330 1354 2370 fuit
1369 2333 1432 2371 nist
1456 2335 1494 2373 in
1509 2335 1614 2375 tertia
1629 2339 1748 2376 morbi
1773 2343 1922 2391 periodo
1937 2374 1947 2391 ,
1978 2354 2036 2395 67.

1186 2409 1189 2413 -
1259 2390 1301 2422 68

1289 2439 1395 2491 Qid
1413 2454 1498 2493 ergo
1516 2440 1738 2482 sentiendum
1755 2445 1796 2483 fit
1810 2446 1854 2486 de
1866 2448 2036 2490 observa-

1321 2492 1480 2531 tionibus
1504 2495 1697 2535 Bubonum
1717 2527 1727 2545 ,
1756 2513 1835 2551 quae
1863 2501 2031 2555 leguntur

1325 2546 1421 2584 inter
1443 2546 1711 2588 observationes
1730 2555 1915 2594 Cumani?
1959 2563 2034 2604 426

1290 2599 1482 2648 quomodo
1496 2603 1733 2642 maturandus
1750 2604 1790 2642 fit
1802 2635 1813 2652 ,
1963 2623 2033 2658 ςιι

1141 2645 1281 2681 Bubula
1310 2665 1391 2689 caro
1416 2667 1476 2703 per
1492 2652 1635 2693 fumum
1658 2657 1826 2696 indurata
1842 2660 1929 2697 &in
1945 2663 2033 2712 pul-

1196 2712 1315 2739 verem
1344 2707 1497 2744 contrita
1514 2708 1609 2746 utilis
1634 2707 1684 2747 est
1709 2711 1754 2748 ad
1770 2712 2031 2764 gonorrhoeam

1194 2760 1499 2797 contumaciorem
1517 2790 1528 2806 ‚
1959 2775 2033 2818 5⁷·8

1141 2805 1330 2845 Bullarum
1356 2811 1651 2864 Crystallinarum
1676 2815 1863 2865 descriptio
1875 2849 1887 2864 ,
1956 2835 1977 2858 2
1982 2835 2030 2871 54

1292 2863 1416 2903 Causae
1430 2895 1440 2912 ‚
1957 2888 2000 2924 25
2007 2890 2027 2925 5

1292 2920 1539 2970 symptomata
1554 2949 1564 2968 ‚
1957 2934 2032 2976 255

1292 2971 1480 3024 Diagnosis
1500 3003 1510 3021 ‚
1956 2993 1999 3029 25
2007 2987 2028 3018 3

1289 3023 1480 3077 ‹Prognosis
1497 3057 1508 3073 ‚
1955 3046 1999 3082 25
2006 3050 2028 3080 9

1292 3078 1442 3117 Curatio
1454 3110 1464 3126 ‚
1956 3098 2029 3134 259

1139 3123 1297 3174 Burning
1322 3130 1393 3169 five
1418 3132 1596 3180 Brennlng
1612 3158 1625 3177 ,
1653 3132 1741 3185 quid
1757 3131 1799 3170 ea
1822 3147 1911 3174 voce
1936 3137 2026 3177 olim

1180 3179 1286 3281 Ῐῑέἵυά
1311 3185 1450 3278 ΑέἓΙοε
1472 3184 1711 3239 significatum
1735 3185 1868 3227 fuerit?
1903 3204 1922 3226 2
1928 3203 1958 3239 ς.
1980 3195 2027 3240 ὀὶ

1287 3250 1329 3287 55
1551 3292 1594 3342 ,C
1615 3308 1639 3336 c
1658 3309 1682 3335 c
1699 3310 1723 3336 c
1755 3290 1806 3357 iij
