2477 3643
717 127 1176 177 'LranIIL
1242 128 1502 176 CAPUT
1561 133 1596 178 1.
1962 130 2053 200 ’πός’

280 215 350 268 4⁰.
381 205 561 255 Ultimo
587 211 619 254 S
628 206 892 265 Qv=rh0daean2
911 247 924 262 ,
946 209 974 254 si
993 224 1143 257 tumor
1160 208 1412 257 manifestus
1428 217 1475 257 &
1497 211 1691 259 renitens
1708 212 1950 276 perinaeum
1971 235 2053 263 oc«

214 288 351 338 ‘cuper
372 291 383 326 ·‚
407 272 436 318 fi
452 289 590 337 pauca
611 271 802 336 profluat
832 279 878 318 ὃς
900 273 1022 337 spissa
1042 274 1244 321 materies
1262 293 1272 327 3
1292 273 1321 318 fi
1339 275 1470 322 dolor
1488 310 1500 328 ,
1520 276 1642 322 calor
1658 310 1671 328 ,
1689 277 1951 324 erethismus
1970 298 2051 343 ge-

221 337 424 384 nitalium
451 336 673 383 moderati
706 336 814 390 s1nt3
835 337 864 382 fi
887 340 1142 385 remittente
1176 338 1353 400 dysuria
1386 339 1567 404 supersit
1601 342 1841 405 stranguria
1869 360 2051 406 propter

219 401 588 466 compressionem
609 400 633 446 εὶ
659 398 891 448 skirrhofis
913 404 1113 467 prostatis
1135 419 1208 449 aut
1226 403 1425 451 veficulis
1443 404 1689 452 seminariis
1719 406 1920 471 apposttae
1950 425 2051 454 ure⁴

223 463 329 510 tlirae
345 466 532 512 illatam.
1642 489 1646 492 ·

281 533 500 594 Prognosis.
531 536 563 576 1.
594 530 712 576 Cum
732 530 1006 593 gonorrhoea
1024 531 1207 578 morbus
1239 532 1289 577 fit
1316 531 1715 586 inflammatorius‚
1737 533 1874 581 debet
1897 534 2050 600 &ipsa

220 611 302 658 pro
322 612 447 641 more
467 611 721 641 caeterarum
740 595 1143 642 inflammationum
1160 630 1171 648 2
1190 613 1379 659 quatuor
1394 598 1539 644 modis
1549 599 1739 660 judicari
1753 633 1767 652 ‚
1785 602 2012 659 resolutione
2034 639 2051 655 ‚

207 660 499 722 ffippuratione
515 698 529 712 ‚
548 661 705 717 skirrho
724 698 736 712 ‚
750 660 981 723 gangraenci.

277 731 338 766 1⁰.
366 724 605 787 Optimum
634 723 818 787 quidem
847 725 905 770 est
931 725 1077 782 res-’alvi
1107 722 1509 771 inflammationem
1541 759 1554 778 ,
1601 744 1696 789 quae
1724 727 2046 790 gonorthoeam

217 786 361 850 parit:
382 788 493 835 Inde
523 788 644 834 enim
672 788 759 833 cita
785 806 832 833 ac
901 788 1064 834 effecta
1092 789 1264 834 curatio
1294 788 1384 835 fine
1407 789 1492 835 ulla
1521 790 1654 843 labe,
1685 809 1777 854 quae
1810 793 1857 837 in
1884 791 2049 839 affectis

216 850 415 914 partibus
450 852 641 917 superfit.
682 851 770 898 Sed
807 806 1017 898 resglutio
1051 853 1150 898 raro
1182 852 1377 898 succedit
1394 893 1406 907 ,
1427 871 1509 900 nec
1536 854 1632 901 fere
1668 874 1862 919 unquam
1887 856 1967 902 nili
2000 858 2048 904 in

217 916 464 963 levioribus
496 916 803 980 gonorrhoeis,
826 922 873 962 δε
894 918 941 962 in
973 917 1134 980 quibus
1151 917 1253 979 aegri
1275 933 1368 963 tum
1393 919 1559 966 iteratis
1582 919 1806 983 sanguinis
1833 921 2049 968 miffioni-

217 979 299 1026 bus
319 981 435 1027 ultr-o
453 981 737 1045 acquiescunt
752 1014 764 1032 ,
783 995 876 1027 tum
895 982 918 1026 a
948 983 1098 1044 regula
1124 987 1170 1028 ὃς
1201 981 1526 1046 praescriptione
1546 983 1679 1029 diaetae
1700 1002 1756 1031 ne
1787 987 1926 1032 latum
1945 987 2049 1049 qui-

218 1044 323 1092 dem
342 1064 536 1109 unguem
557 1045 791 1092 discedunt
807 1079 820 1098 ‚
842 1046 965 1109 quod
993 1048 1040 1090 in
1060 1046 1375 1109 aegrotautibus
1397 1065 1625 1111 perrarum
1647 1081 1659 1100 ‚
1682 1049 1923 1112 praesertim
1948 1051 2049 1098 cum

221 1114 307 1167 (a)
345 1125 507 1176 propter
537 1111 838 1172 adolescentiam
870 1110 997 1156 minin
1025 1113 1168 1157 vident
1202 1143 1215 1163 ‚
1245 1114 1372 1174 magis
1403 1110 1571 1175 impense*
1604 1118 1768 1177 cupiant
1795 1148 1808 1168 ,
1846 1118 2050 1176 confidunt

213 1187 383 1239 parum.

285 1247 348 1284 2⁰.
378 1238 565 1284 Gravius
595 1239 654 1284 est
675 1240 783 1286 ver-o
804 1237 1207 1285 inflammationem
1239 1238 1285 1284 in
1315 1241 1425 1285 ulcus
1455 1239 1526 1285 vel
1535 1241 1804 1304 fitppuratum
1823 1242 1936 1289 abire
1955 1283 1969 1298 ‚
2001 1260 2050 1290 ut

215 1301 265 1347 in
295 1303 419 1348 omni
456 1303 758 1365 gonorrhoea,
793 1304 821 1350 si
858 1303 882 1348 a
914 1303 1134 1367 principio
1168 1303 1420 1365 negligatur
1440 1337 1452 1354 ,
1481 1304 1579 1350 fere·
1606 1323 1900 1369 perpetuum,
1931 1314 1976 1353 ὅς
2002 1310 2052 1354 in

217 1368 343 1428 gravi
364 1367 482 1412 haud
503 1367 762 1428 infrequens
782 1370 839 1414 est
864 1385 1220 1431 quantacumque
1242 1386 1345 1413 cura
1374 1368 1651 1414 adhibeatur.
1693 1374 1820 1416 Tunc
1843 1372 1962 1417 enim
1988 1382 2049 1419 1⁰.

216 1432 406 1477 Curatio
428 1433 599 1478 tardior
621 1434 680 1479 est
713 1433 1057 1495 diuturniorque
1071 1467 1083 1484 ‚
1104 1432 1207 1495 quia
1226 1432 1347 1478 ulcus
1375 1433 1446 1478 vel
1472 1436 1689 1497 apostema
1720 1435 1826 1481 inde
1845 1438 2052 1498 genitum

219 1496 497 1559 pedetentim
529 1501 575 1542 &
607 1497 818 1559 gradatio
850 1495 1079 1561 progressu
1105 1497 1432 1560 detergendum
1457 1527 1470 1549 5
1504 1497 1712 1544 carnibus
1744 1500 2048 1564 opplendum,

217 1560 423 1606 cicatrice
444 1560 762 1607 obducendum
791 1564 866 1609 est.
899 1571 961 1607 20.
995 1560 1147 1608 Minus
1176 1561 1371 1625 perfeOca
1390 1595 1403 1613 ,
1425 1562 1528 1624 quia
1548 1596 1560 1614 ,
1591 1562 1665 1609 etsi
1687 1580 1840 1610 caeteta
1873 1565 2053 1613 incom-

218 1624 355 1670 moda
389 1624 584 1670 abessent
599 1659 610 1677 ,
633 1642 674 1671 at
710 1627 829 1672 certe
862 1626 1046 1671 cicatrix
1076 1625 1354 1689 superfutura
1375 1628 1435 1671 est
1456 1659 1467 1677 ‚
1490 1644 1583 1689 quae
1601 1627 1629 1671 si
1650 1627 1780 1673 nimis
1800 1628 1913 1674 dura
1931 1664 1942 1681 ,
1976 1647 2052 1677 aut

216 1707 342 1752 aequo
361 1688 587 1751 fungofior
606 1690 743 1735 fuerit
758 1724 770 1742 ‚
792 1690 1020 1737 urethram
1033 1690 1222 1755 perinde
1241 1693 1519 1753 angustatum
1535 1693 1593 1737 est
1609 1725 1622 1743 ,
1641 1692 1761 1739 unde
1780 1695 2022 1757 stranguria
2035 1729 2051 1750 ,

217 1753 501 1818 gonorrboeae
529 1754 798 1818 pediffequa.

285 1827 346 1880 30.
376 1819 500 1864 Idem
519 1819 752 1882 impendet
771 1819 1018 1883 periculum
1034 1851 1046 1870 ,
1076 1816 1105 1861 si
1136 1817 1428 1863 inflammatio
1449 1819 1496 1863 in
1524 1819 1724 1877 skirrlmm
1754 1837 2016 1869 convertatur
2033 1843 2046 1870 ς

215 1900 320 1929 nam
346 1900 442 1947 pars
469 1881 745 1929 skirrhodaea
763 1884 987 1930 utethram
1008 1917 1019 1935 ‚
1035 1882 1106 1927 cui
1128 1882 1298 1943 adjacet
1318 1916 1329 1934 ‚
1361 1883 1422 1927 ita
1438 1883 1557 1929 mole
1579 1885 1870 1947 comprimet,
1900 1902 1948 1931 ut
1971 1888 2048 1934 illa

217 1946 475 1993 exitui-ienti
496 1947 630 1992 urinae
663 1949 775 2011 aegre
797 1949 951 2013 pervia
969 1948 1045 2000 sit,
1066 1946 1184 1992 unde
1211 1947 1454 2010 stranguria
1481 1947 1715 1994 habitualis
1745 1949 1793 1994 in
1811 1949 2052 1999 ischuriam

213 2010 347 2058 facile
368 2012 656 2074 degenerans.

283 2085 350 2134 4⁰.
376 2075 570 2122 Demum
585 2077 640 2122 de
666 2076 769 2139 aegri
791 2075 926 2122 salute
945 2075 1038 2122 fere
1058 2075 1383 2121 conclamatum
1404 2077 1462 2122 est
1476 2109 1488 2127 ‚
1519 2075 1549 2120 fi
1567 2075 1860 2125 inflammatio
1888 2083 1930 2125 in
1942 2097 2051 2144 gan.

210 2157 386 2205 graenam
407 2141 557 2201 definat
574 2180 589 2194 ,
612 2157 660 2186 ut
689 2141 760 2186 cui
794 2139 893 2186 cum
923 2142 969 2185 in
995 2141 1173 2186 occulto
1192 2141 1325 2187 lateat
1342 2175 1354 2192 ,
1370 2139 1609 2188 efficaciter
1640 2142 1809 2188 mederi
1838 2143 2051 2191 difficilli-

214 2223 338 2251 mum
366 2204 427 2249 lit.
459 2204 582 2251 Absit
612 2221 760 2252 tamen
779 2205 836 2252 de
863 2206 1138 2269 gonorrhoea
1158 2205 1231 2250 vix
1258 2223 1452 2268 unquam
1471 2222 1560 2250 tam
1590 2206 1704 2251 male
1719 2208 1939 2261 ominari,
1969 2209 2049 2255 nisi

211 2269 308 2327 ¹fato
327 2269 507 2335 peffimo
526 2269 816 2315 inflammatio
834 2288 963 2316 urens
985 2304 997 2322 ‚
1019 2269 1234 2315 deleteria
1250 2303 1263 2321 ,
1282 2269 1560 2316 intenlissima
1578 2270 1626 2315 fit
1641 2288 1652 2323 3
1668 2271 1746 2315 nisi
1764 2273 1913 2319 omnia
1936 2291 2040 2320 om-

217 2335 327 2380 nino
370 2334 531 2379 auxilia
563 2334 824 2380 omittantur
843 2353 854 2386 ·‚
870 2334 979 2397 quin
1003 2334 1095 2379 imo
1124 2334 1200 2378 nisi
1223 2352 1319 2397 pars
1346 2334 1618 2380 inflammata
1643 2334 1852 2381 diuturna
1873 2338 2049 2399 equita-

218 2400 343 2445 tione
363 2431 375 2450 ,
398 2414 471 2444 aut
487 2399 687 2444 coitione
701 2399 943 2444 immodica
962 2432 974 2450 ‚
997 2397 1266 2462 compressa,
1294 2398 1475 2444 contusa
1490 2432 1502 2450 ,
1523 2399 1636 2444 male
1658 2399 1808 2445 habita
1822 2399 1972 2447 fuerit.

274 2467 291 2507 1
310 2468 342 2507 1.
374 2462 557 2508 Caeteris
578 2463 755 2525 paribus
766 2464 1004 2524 gonorrhoea
1021 2466 1153 2508 levior
1173 2465 1232 2508 est
1248 2496 1259 2514 ‚
1280 2462 1309 2506 fi
1325 2463 1450 2526 quod
1479 2478 1626 2508 tamen
1648 2481 1795 2509 rarum
1814 2466 1873 2512 est
1893 2499 1904 2517 ‚
1919 2469 2044 2528 glan-

215 2527 334 2572 dulas
357 2531 645 2589 Con'perianas
664 2529 818 2571 tantitm
852 2527 1150 2589 afficiat‚quia
1181 2525 1283 2572 cum
1319 2546 1461 2591 parvae
1495 2527 1576 2571 {int
1605 2533 1651 2573 δε
1678 2528 1767 2573 cuti
1797 2529 2043 2592 proximius

216 2589 413 2651 subjerstae
433 2623 444 2642 ‚
464 2590 570 2636 inde
593 2590 778 2636 morbus
803 2591 951 2636 minor
976 2593 1035 2637 est
1051 2626 1062 2643 ,
1084 2597 1129 2636 δε
1151 2591 1311 2655 topicis
1332 2591 1539 2638 remediis
1567 2608 1658 2636 non
1684 2593 1951 2646 inaccessum
1976 2593 2043 2641 se-

215 2655 347 2700 minis
367 2655 589 2718 purulenti
612 2654 792 2701 effluxus
811 2656 987 2720 parcior
1005 2673 1017 2708 ς
1035 2662 1079 2702 δέ
1100 2655 1312 2703 absceffus
1327 2691 1340 2708 ‚
1360 2656 1389 2701 sl
1409 2655 1527 2702 forte
1547 2656 1745 2709 accidat,
1764 2675 1918 2704 curatu
1933 2657 2043 2705 faci-

217 2720 301 2767 lior
322 2735 422 2765 cute
440 2718 592 2765 incisa.

277 2783 452 2828 Contra
472 2783 579 2829 vero
590 2786 767 2847 gravior
798 2785 856 2829 est
868 2785 1109 2845 gonorrhoea
1128 2817 1140 2835 ‚
1161 2801 1254 2847 quae
1275 2783 1424 2829 sedem
1444 2782 1578 2829 habet
1605 2787 1647 2830 in
1665 2784 1848 2848 prostatis
1868 2802 1941 2831 aut
1970 2804 2042 2832 ve-

206 2850 347 2909 sicnlis
360 2850 587 2906 fhminariis
608 2886 619 2899 ‚
640 2864 733 2891 tum
751 2848 854 2909 quia
872 2847 971 2892 cum
992 2853 1179 2908 majores
1204 2848 1284 2893 sint
1301 2881 1314 2898 ,
1341 2847 1447 2892 inde
1465 2865 1645 2908 quoque
1672 2853 1811 2907 major
1827 2851 1885 2894 est
1902 2855 1946 2894 &
1976 2851 2042 2896 la-

219 2910 301 2956 tius
321 2910 498 2957 extensa
517 2910 808 2955 inflammatio
823 2944 835 2962 ,
856 2911 1122 2972 uberiusque
1153 2911 1326 2956 seminis
1354 2911 1519 2974 putridi
1551 2910 1776 2956 estluvium
1794 2930 1805 2963 ·,
1824 2928 1915 2958 tum
1936 2915 2040 2977 quia

215 2975 247 3021 fi
263 2977 359 3021 loca
381 2973 532 3020 affecta
552 2973 789 3020 abscedant
804 3008 816 3026 ,
833 2973 1000 3019 sanatio
1020 2972 1240 3020 difficilius
1255 2981 1300 3021 &
1317 2973 1476 3020 lentius
1497 2974 1735 3020 successura
1750 2977 1821 3021 est.

279 3043 349 3086 De
366 3038 569 3103 prognosi
587 3038 865 3101 gonotrhoeae
880 3072 892 3090 ‚
915 3040 1113 3101 quaefhlis
1131 3040 1295 3085 urethrae
1315 3041 1465 3084 cellulis
1481 3038 1664 3085 inlideat
1677 3073 1689 3091 ,
1707 3042 1781 3085 vix
1796 3041 2040 3104 quidquam

214 3104 456 3152 dicendum
479 3103 674 3149 occurrit
689 3136 702 3155 ,
718 3102 819 3148 cum
836 3104 961 3163 hujus
979 3104 1180 3148 tractatio
1206 3104 1262 3150 ad
1280 3102 1521 3151 secundum
1548 3103 1767 3170 sequentis
1788 3106 1943 3170 capitis
1965 3123 2038 3164 arff

217 3168 402 3216 ticulum
421 3169 642 3234 pertineat
659 3201 673 3222 ,
692 3167 769 3215 ubi
794 3169 841 3214 de
855 3167 1233 3232 gonorrhoecificci.
1705 3236 1748 3278 X

1773 3247 1823 3294 iij

2097 541 2126 576 Ι.
2157 542 2328 596 Progne-n.

2096 591 2139 630 fis
2155 606 2298 644 gonor-

2093 645 2208 684 rhoeae
2219 647 2251 682 in
2264 654 2328 699 geq'

2093 709 2188 740 nereq

2100 1125 2155 1174 (a)
2185 1132 2335 1173 Terent?

2095 1178 2254 1230 Adelph.

2098 1232 2178 1267 Ast.
2211 1246 2244 1278 5.

2097 1286 2197 1324 Scen.
2221 1298 2264 1328 9„

2090 2491 2141 2529 11.
2161 2494 2322 2541 Progno-

2090 2543 2132 2579 sis
2149 2556 2294 2593 gonor-

2089 2594 2201 2633 1hoeae
2227 2609 2296 2647 pro

2087 2647 2228 2686 diversa
2259 2648 2321 2686 se«

2090 2699 2144 2736 de.
2262 2699 2274 2702 ”
