2477 3643
185 2630 199 2676 ς
215 2640 238 2663 a
254 2629 265 2678 1
293 2624 379 2665 Plio.

146 2679 238 2724 ibid.

402 119 465 160 'ii
780 106 887 158 DE
947 109 1895 160 MORBISVENEREIS.

405 211 501 256 quae
523 190 703 257 leprosis
722 191 1043 240 conducebant
1057 225 1070 245 ,
1100 197 1146 238 &
1165 209 1260 255 quae
1280 191 1329 236 in
1347 189 1493 236 Libris
1510 191 1798 238 Medicorum
1816 195 2073 239 Graecorum
2089 224 2102 244 ‚
2125 194 2238 238 Ara-⁴

406 258 574 304 bumve
603 256 739 303 obvia
765 274 891 304 erant
905 291 917 311 ,
948 258 1009 303 ita
1033 273 1182 304 tamen
1199 256 1511 320 ignoraverint
1529 290 1541 309 ‚
1562 272 1611 302 ut
1630 256 1708 320 ipsi
1729 256 2000 303 confitentur
2015 290 2028 308 ,
2056 273 2236 301 curato-

407 323 520 368 riam
546 321 810 369 methodum
832 356 844 375 ,
863 340 955 385 quae
988 322 1152 368 morbo
1173 322 1229 368 de
1249 338 1371 368 novo
1393 321 1621 383 ingruenti
1652 337 1928 385 competeret
1947 355 1959 373 ,
1990 337 2037 366 111
2066 322 2156 385 quo
2190 319 2234 366 se

404 402 636 434 verterent
662 387 741 433 diu
761 386 897 433 nescii
919 393 965 434 ὃ(
990 387 1202 451 ancipites
1222 404 1341 432 nova
1369 386 1531 431 auxilia
1565 401 1696 449 atque
1714 386 1951 449 pharmaca
1968 386 2234 448 investigare

406 452 626 499 neceffum
661 451 897 498 habuerint
914 485 926 504 ‚
947 452 970 496 a
1002 451 1212 499 remediis
1232 451 1362 514 leprae
1385 450 1513 514 plane
1541 450 1744 497 diversa:
1769 450 1853 513 qua
1883 450 1940 497 de
1970 469 2017 496 re
2054 450 2235 496 consule

407 517 645 581 Gasparem
668 516 895 562 Torellam
916 549 929 569 ‚
961 519 1105 562 Τναὲῗ.
1130 518 1178 562 de
1200 519 1354 562 Dolore
1385 519 1427 560 in
1445 514 1722 579 Pudendagrci
1742 553 1756 568 ,
1776 532 1893 561 anno
1921 533 2054 576 1500.
2089 520 2236 560 Wen-

407 582 612 628 deiinum
634 585 772 627 Hocx
788 581 845 628 de
866 579 1135 627 Brackenaw
1155 615 1166 633 ‚
1199 585 1328 644 Oper,
1360 581 1407 624 de
1439 578 1589 625 Morb.
1611 582 1763 626 Gallio.
1785 596 1873 644 cap.
1896 597 1925 623 1.
1947 597 2065 625 anno
2093 597 2107 622 1
2127 595 2143 643 5
2165 597 2233 636 14.

406 647 652 693 Uli-rehum
670 646 727 692 de
747 650 922 692 Hutten
935 679 947 698 ,
966 648 1112 690 Τνιῑὲῗ.
1131 646 1178 690 de
1199 650 1265 692 M
1267 644 1348 690 orb.
1373 647 1527 690 Gallie.
1549 648 1751 690 curatione
1765 660 1840 711 per
1852 646 2117 701 administrat.
2133 649 2235 706 lign-

406 716 588 759 Guaiuct'
607 750 620 764 ³
642 728 758 756 anno
782 728 797 754 1
816 728 835 773 5
853 729 867 754 1
881 729 922 768 9.
940 713 1161 763 Ioannem
1177 709 1233 755 de
1251 710 1384 772 Vigo,
1402 707 1700 761 Genuensem‚
1719 712 1896 755 Praffic.
1918 710 2115 772 Chirurg.
2136 708 2235 754 Lib.

410 795 446 840 5.
465 793 555 841 cap.
576 795 607 820 1.
635 793 751 821 anno
778 793 793 819 1
813 794 829 838 5
850 793 919 836 13.
940 775 1227 821 Laurentium
1246 774 1488 826 Phrffium,
1513 774 1663 838 Opusc.
1686 777 1733 818 de
1753 773 1910 819 Morbo
1934 776 2094 819 Gallico
2114 812 2128 826 ‚
2145 788 2236 836 cap.

411 858 446 886 1.
465 859 582 887 anno
612 858 626 884 1
645 859 663 902 5
682 862 697 901 3
714 859 752 885 2.
781 839 1056 888 Gonsalvum
1075 839 1330 886 Fernandez
1359 839 1416 884 de
1437 839 1622 885 Oviedo
1640 871 1652 889 ,
1674 838 1772 883 Lib.
1800 854 1850 881 11.
1877 838 2038 897 Histor.
2056 841 2238 883 natural.

410 906 463 952 ὠ
485 908 664 969 general.
688 909 908 951 Indiarum
930 906 1258 951 occidentalium
1279 943 1294 957 ,
1311 903 1550 968 Hispanico
1582 902 1747 966 scriptae
1768 935 1780 953 ‚
1800 917 1891 965 cap.
1909 919 1972 959 14.
1994 920 2113 948 anno
2143 920 2236 965 1535.

411 970 671 1017 Gabrielem
688 969 933 1034 Fallopium
950 1003 962 1021 ,
986 971 1175 1014 Trasfft'at.
1199 969 1247 1013 de
1263 969 1424 1014 Morbo
1441 971 1604 1014 Gallico
1623 1005 1639 1021 ,
1659 982 1748 1030 cap.
1773 984 1851 1012 205
1868 983 1985 1012 anno
2012 984 2026 1011 1
2044 975 2102 1030 56
2108 986 2151 1012 0.

476 1039 571 1083 Vi.
598 1034 711 1081 Inde
746 1035 897 1098 itaque
929 1049 1081 1098 patere
1100 1067 1114 1086 ‚
1146 1050 1223 1079 cur
1253 1031 1413 1097 leprosi
1433 1048 1557 1078 tanto
1588 1031 1731 1078 studio
1763 1031 2052 1078 abstinuerint
2079 1032 2134 1077 ab
2164 1031 2245 1076 usu

412 1117 515 1147 cum
534 1100 588 1146 iis
608 1134 620 1152 ‚
641 1099 718 1167 qui
738 1099 810 1147 lue
828 1098 1020 1147 venerea
1035 1098 1350 1145 inficiebantur
1365 1132 1377 1150 ‚
1400 1100 1504 1144 teste
1528 1097 1768 1144 Laurentio
1790 1095 1958 1142 Phrisio
1978 1130 1990 1148 ‚
2026 1094 2245 1160 locofitpro‘t

411 1169 533 1211 citato
550 1205 564 1219 ‚
581 1164 660 1211 ubi
693 1164 831 1212 refert
869 1165 1054 1229 ingruiffe
1081 1179 1163 1209 tum
1188 1167 1334 1209 miram
1354 1166 1695 1209 tumultuationem
1714 1166 1756 1207 in
1785 1160 1899 1225 plebe
1919 1200 1934 1215 ,
1968 1160 2076 1223 quod
2103 1162 2247 1224 leprosi

411 1230 599 1275 nolebant
617 1229 806 1275 habitare
826 1247 912 1276 cum
933 1230 1005 1275 hoc
1023 1227 1153 1274 morbo
1170 1232 1424 1287 (venereo)
1445 1229 1610 1286 infestis.
1638 1226 1778 1272 Unde
1798 1226 2024 1290 colligitur
2044 1223 2246 1290 leprosos

413 1313 497 1360 pro
524 1293 837 1359 persuasiffimo
859 1292 1055 1340 habuisse
1089 1310 1253 1338 novam
1272 1292 1386 1338 hanc
1417 1291 1699 1339 affectionem
1719 1291 1742 1335 a
1774 1291 1897 1353 lepra
1914 1325 1927 1343 ‚
1952 1291 2039 1353 qua
2060 1291 2137 1355 ipsi
2157 1295 2246 1350 jam

412 1359 688 1423 aegrotabant
705 1393 718 1412 ,
739 1358 928 1405 omnino
956 1358 1141 1405 differre
1160 1391 1172 1409 ‚
1191 1373 1324 1420 atque
1350 1357 1465 1404 adeo
1485 1356 1604 1421 polse
1631 1357 1674 1403 [6
1694 1391 1706 1408 ,
1726 1355 1754 1401 11
1775 1374 1875 1401 611111
1895 1356 1980 1401 illis
1999 1355 2246 1402 contuber-

413 1426 494 1471 nio
513 1440 743 1471 uterentur
759 1458 771 1476 ,
792 1442 915 1471 novo
946 1422 1109 1469 morbo
1130 1422 1440 1468 contaminari.
1471 1426 1526 1467 Et
1552 1422 1652 1467 sane
1672 1422 1777 1467 ideo
1798 1421 2083 1485 Syphiliticos
2101 1455 2113 1473 ‚
2144 1420 2246 1466 cum

412 1490 621 1538 Decretis
655 1489 838 1536 Senatus
870 1488 1111 1535 Parislensis
1149 1487 1197 1532 in
1230 1487 1329 1551 ipsis
1356 1487 1439 1533 luis
1465 1505 1664 1534 venereae
1700 1485 1957 1551 primordiis
1986 1485 2011 1530 τὶ
2045 1485 2248 1533 sanorum

413 1555 693 1602 commercio
727 1554 994 1601 arcebantur
1015 1587 1027 1606 ‚
1049 1552 1192 1599 visum
1221 1551 1309 1597 fuit
1341 1552 1397 1598 ad
1419 1551 1532 1599 aedes
1565 1570 1649 1598 aere
1675 1551 1818 1597 11111110
1850 1550 2088 1596 conductas
2122 1550 2248 1597 able-

414 1637 521 1684 gare
542 1654 553 1672 ,
584 1637 678 1666 11011
693 1620 802 1666 vero
822 1619 878 1665 ad
896 1618 1305 1683 elephantiacorum
1324 1616 1584 1663 nosocomia
1598 1651 1612 1669 ‚
1642 1616 1778 1679 vulgo
1804 1617 2071 1662 Muladeries
2087 1615 2137 1662 Θ
2170 1618 2247 1660 Le-

407 1687 604 1749 proftries
619 1724 633 1739 ‚
663 1703 757 1748 quae
773 1701 923 1730 tamen
950 1683 1085 1730 multa
1104 1684 1255 1747 praesto
1275 1682 1459 1728 aderant
1477 1716 1490 1734 ,
1523 1681 1691 1728 scilicet
1709 1699 1766 1727 ne
1798 1680 1975 1744 leprofis
2004 1679 2250 1727 infectione

416 1750 720 1812 coinquinatis
739 1749 920 1796 morbus
941 1748 1104 1794 morbo
1125 1743 1363 1795 adderetur
1379 1766 1388 1799 3
1404 1748 1490 1810 (1υᾶ
1506 1748 1563 1794 (16
1579 1765 1625 1793 re
1644 1745 1900 1811 plurainfrai
1922 1761 2012 1810 cap.
2033 1763 2086 1806 ¹3·

483 1822 522 1863 V
541 1820 557 1859 I
574 1820 607 1860 I.
641 1819 838 1861 Demum
864 1814 987 1860 nullo
1009 1813 1308 1859 fundamento
1329 1812 1539 1858 affirmari
1556 1812 1725 1877 lepram
1746 1812 1795 1856 in
1817 1811 1992 1875 Europa
2011 1810 2089 1856 sub
2109 1809 2251 1874 ipsum

412 1879 501 1926 luis
526 1897 726 1926 venereae
762 1878 1001 1943 ingreffum
1040 1879 1285 1942 derepente
1310 1876 1532 1925 evanuisse
1553 1912 1566 1930 ‚
1598 1893 1646 1923 ut
1678 1876 1785 1922 inde
1814 1876 1944 1922 liceat
1979 1875 2252 1922 concludere

415 1944 586 2008 lepram
617 1962 719 1990 cum
742 1945 813 1991 1116
844 1943 1039 1991 venerea
1075 1942 1150 1989 seu
1182 1942 1350 1988 Gallica
1388 1959 1553 1988 nomen
1586 1958 1691 1987 tunc
1714 1942 1928 2006 temporis
1949 1939 2250 1986 commutasse.

413 2009 652 2072 Siquidem
681 2009 957 2054 contrarium
984 2009 1128 2071 liquet
1148 2025 1200 2054 ex
1223 2006 1463 2054 certiffimis
1484 2007 1769 2053 Medicorum
1789 2005 2090 2052 monumentis
2115 2039 2127 2057 ‚
2156 2022 2251 2068 quae

419 2076 630 2119 testantur
665 2089 762 2120 toto
792 2072 947 2120 [361110
973 2073 1152 2119 (16611110
1178 2072 1302 2118 sexto
1321 2073 1487 2136 lepram
1506 2071 1554 2117 111
1588 2072 1765 2135 Europa
1802 2071 2086 2134 frequentem
2107 2068 2250 2117 fuiffe.

417 2142 620 2185 fatemur
653 2139 837 2202 quidem
870 2142 958 2200 jam
989 2138 1042 2183 ab
1064 2136 1160 2201 ipso
1191 2135 1343 2183 saeculo
1372 2136 1550 2184 decimo
1578 2136 1738 2199 quinto
1768 2135 1937 2200 lepram
1967 2134 2156 2181 debilius
2181 2134 2253 2180 saeu

420 2202 545 2250 viiffe
562 2237 574 2255 ,
597 2209 642 2249 δε
664 2203 866 2266 mitigata
879 2202 1034 2249 sensim
1053 2201 1223 2248 ferocia
1238 2203 1298 2247 ita
1316 2217 1598 2249 extenuatam
1615 2199 1741 2247 fuiffe
1760 2219 1838 2264 per
1858 2200 2060 2246 [3611111111
2080 2198 2253 2246 sextum

415 2267 646 2315 decimum
665 2302 678 2320 ,
703 2284 751 2313 ut
785 2268 967 2314 tandem
1005 2267 1180 2331 penitus
1204 2265 1427 2313 evanuisse
1453 2266 1658 2313 videatur
1689 2265 1822 2311 initio
1855 2265 2065 2330 praeteriti
2098 2263 2252 2310 saeculi.

420 2333 509 2379 Sed
528 2333 637 2395 quid
660 2348 751 2378 tum
772 2345 786 2378 ἲ
806 2333 858 2379 Ι(1
879 2350 1038 2397 nempe
1060 2349 1298 2378 commune
1315 2331 1471 2377 habuit
1486 2349 1588 2377 cum
1604 2331 1774 2377 morbis
1793 2331 1993 2395 plurimis
2013 2329 2060 2374 in
2079 2329 2256 2391 Europa

417 2398 565 2443 nostra
592 2397 844 2444 adventitiis
867 2431 879 2450 ,
909 2399 987 2460 qui
1015 2396 1187 2442 ibidem
1218 2395 1373 2444 sensim
1401 2396 1644 2443 hebescunt
1673 2401 1718 2443 δί
1750 2397 1963 2459 languent
1984 2427 1996 2446 ,
2023 2393 2128 2440 dum
2158 2392 2254 2439 ces-

415 2461 532 2508 sent.
564 2462 633 2510 Sic
661 2461 784 2526 *prius
819 2462 939 2526 lepra
959 2461 1144 2526 ipsamet
1182 2465 1270 2523 jam
1302 2459 1538 2508 ceffaverat
1571 2461 1619 2506 111
1655 2460 1780 2506 Italia
1817 2476 2020 2524 tempore
2050 2457 2254 2522 Pompeii

420 2528 580 2589 Magni
599 2560 613 2580 ,
638 2529 742 2574 teste
765 2526 909 2573 Plinio
929 2560 941 2578 ‚
960 2527 1121 2585 Hzstor.
1139 2528 1319 2572 natural.
1342 2526 1437 2572 Lib.
1457 2533 1524 2572 26.
1545 2541 1636 2589 cap.
1659 2542 1688 2569 1.
1707 2530 1751 2571 &
1773 2525 1957 2587 quidem
1975 2522 2101 2569 citius
2117 2556 2130 2574 ‚
2149 2522 2254 2585 quia

417 2605 527 2636 tunc
545 2592 728 2655 paucior
755 2590 899 2637 fuerat
925 2609 1134 2636 numerus
1153 2590 1438 2637 11116610111111.
1469 2591 1541 2637 Sic
1559 2594 1618 2650 (a)
1637 2590 1860 2636 restinctus
1878 2591 1936 2636 est
1954 2587 2135 2634 morbus
2152 2587 2253 2639 ille,

416 2673 558 2720 quem
577 2655 838 2702 Gemursam
858 2655 1132 2719 appellavere
1151 2654 1289 2702 Prisci
1306 2689 1317 2707 ,
1337 2656 1454 2701 inter
1474 2654 1640 2717 digitos
1665 2655 1830 2718 pedum
1851 2654 2032 2699 nascens
2047 2684 2059 2702 ‚
2082 2650 2251 2697 oblite-

423 2736 524 2767 rato
563 2721 697 2766 etiam
729 2721 926 2766 nomine.
957 2722 1027 2766 Sic
1059 2720 1174 2782 ignis
1199 2719 1275 2766 ille
1299 2719 1418 2766 sacer
1447 2718 1579 2764 sancti
1612 2719 1800 2765 Antonii
1828 2752 1843 2770 ,
1873 2718 1962 2763 five
1997 2715 2253 2762 ardentium

423 2784 610 2832 morbus
625 2819 638 2837 ,
660 2785 735 2848 qui
769 2785 879 2829 olim
910 2802 1032 2830 nono
1055 2790 1101 2830 δέ
1120 2784 1297 2832 (16611110
1326 2783 1479 2830 [361110
1503 2783 1621 2828 tanta
1638 2785 1776 2845 strage
1801 2783 1847 2828 in
1873 2781 2026 2827 Galliis
2046 2778 2261 2842 grassatus,

420 2853 514 2903 est·‚
547 2849 602 2895 fic
631 2848 856 2895 sudatoria
886 2847 1052 2900 febris,
1083 2866 1180 2910 quae
1203 2847 1412 2910 Angliam
1439 2848 1568 2893 toties
1599 2847 1781 2894 vastavit
1800 2881 1813 2899 ,
1837 2852 1921 2904 jam
1948 2844 2125 2910 pridem
2150 2862 2256 2890 eva-

425 2915 580 2960 nuere.
607 2915 675 2960 Sic
697 2913 817 2960 luem
847 2930 1087 2960 veneream
1105 2912 1244 2975 ipsam
1269 2911 1451 2959 tandem
1483 2912 1724 2975 aliquando
1755 2910 1961 2958 ceffatum
1981 2910 2045 2955 ire
2066 2907 2256 2955 confidi·-

427 2996 524 3025 mus
540 3012 552 3030 ‚
572 2995 653 3023 nec
673 2978 794 3024 inani
819 2977 971 3023 forsan
990 2978 1242 3037 conjectura
1257 3009 1269 3028 ,
1286 2992 1335 3022 ut
1353 2975 1617 3040 probabitur
1636 2976 1768 3022 infra.

489 3042 711 3088 Caeterum
764 3043 890 3088 uibus
912 3043 968 3089 de
999 3041 1129 3089 causls
1161 3040 1414 3088 111-1661101168
1447 3058 1573 3088 11ον3
1601 3059 1718 3086 1111116
1751 3042 1977 3104 irrepant,
2004 3053 2120 3082 nunc
2148 3035 2257 3081 verb

426 3107 625 3152 desinant
642 3140 655 3159 ,
675 3061 865 3153 difficilis
886 3109 945 3154 est
964 3112 1009 3153 ὃ(
1040 3106 1310 3170 perobscura
1326 3105 1501 3168 quaestio
1525 3139 1537 3157 ‚
1560 3125 1693 3169 quam
1722 3124 1802 3169 pro
1824 3102 2006 3149 modulo
2032 3100 2258 3164 explican-

421 3170 533 3230 glam
557 3170 741 3238 ,aggressi
769 3171 912 3222 sumus
928 3205 942 3227 ,
964 3172 1012 3220 in
1033 3173 1244 3220 Traiiatu
1271 3171 1440 3219 Gallice
1467 3169 1635 3236 scripto
1653 3204 1667 3224 ,
1687 3175 1757 3218 De
1780 3171 1986 3234 l’Origine
2007 3164 2073 3213 des
2093 3165 2261 3219 Mala:
