2477 3643
186 962 189 967 ,
229 913 373 964 3497·

466 160 565 222 με
822 154 1395 204 DEMoassis
1461 153 1997 205 VENssnssrss

464 267 494 288 υ
516 256 606 306 que
637 238 858 288 imbribus
884 257 1023 287 annus
1052 240 1129 287 ille
1156 237 1322 302 ubique
1355 237 1528 284 maduit
1546 271 1559 291 ‚
1588 253 1637 284 ut
1664 239 1791 286 terris
1818 239 1983 287 exinde
2011 237 2309 290 humentibtfi‘

464 333 492 351 υ
514 324 645 372 atque
670 305 968 371 stagnantibus
993 305 1135 351 minus
1161 303 1417 353 mirandum
1440 301 1490 348 fit
1515 303 1706 350 aestivum
1733 309 1881 351 a'e’rem
1907 304 1962 351 ad
1987 304 2108 352 illam
2127 306 2295 354 veniffe

464 373 826 437 „intemperiem
846 403 858 423 ‚
889 369 1078 415 calidam
1103 369 1273 416 scilicet
1300 373 1346 414 δε
1371 366 1605 414 humidam
1622 401 1635 420 ,
1659 386 1794 431 quam
1822 369 1996 417 Medici
2022 386 2154 434 atque
2184 371 2292 418 Phi-

465 464 491 482 „
513 437 690 502 losophi
705 436 907 482 omnium
933 433 1224 498 putredinum
1253 448 1443 479 matrem
1463 430 1550 479 effe
1576 433 1861 481 confitentur.
1883 461 1907 478 ι»
1940 441 1992 482 In
2010 435 2091 481 suae
2111 437 2294 500 opinio-

467 503 535 549 nis
556 500 942 549 confirmationem
961 498 1084 546 varia
1101 500 1201 546 loca
1218 498 1401 546 adducit
1421 516 1475 546 ex
1505 497 1677 545 Galeno
1696 504 1744 545 &
1762 517 1816 546 ex
1830 499 2107 566 Hippocrate
2134 505 2176 547 in
2193 501 2296 548 Lib.

468 569 792 633 Epidemiorum.
981 594 986 599 -

530 637 622 679 IV.
657 630 868 693 Denique
897 629 955 677 ad
983 628 1140 676 Morbi
1169 628 1328 675 Gallici
1353 627 1632 675 curationem
1662 645 1798 692 pauca
1822 630 2064 693 proponit,
2093 647 2176 677 nec
2208 630 2294 677 alia

467 712 620 761 praeter
649 712 771 741 venae
793 694 1031 744 sectionem
1049 729 1060 746 ,
1089 695 1401 759 purgationem
1418 727 1431 745 ‚
1454 693 1762 740 alterationem
1791 693 2033 740 humorum
2054 695 2263 744 salsorum
2277 727 2296 751 ,

466 761 642 807 diaetam
670 764 758 805 &c-
788 762 841 804 Et
860 777 916 807 ne
934 777 1075 806 unum
1094 760 1278 824 quidem
1296 758 1486 807 verbum
1503 758 1562 804 de
1584 757 1927 805 Mercurialibus
1948 759 2088 806 addit.

522 890 563 938 C
581 908 609 936 o
629 908 660 937 R
677 906 710 936 A
727 907 756 935 n
775 907 787 936 r
804 908 836 936 N
852 906 879 936 n
897 907 913 935 s
955 894 992 936 G
1010 908 1025 935 1
1045 907 1068 935 t
1087 906 1102 934 1
1121 906 1151 935 N
1167 906 1194 936 U
1215 905 1232 933 s
1255 922 1267 941 ‚
1307 888 1485 935 Artium
1508 892 1554 935 ὃς
1585 887 1822 935 Medicinae
1843 888 2055 951 Magister
2073 921 2086 941 ,
2123 887 2290 954 scripsit

464 954 522 1002 ad
553 955 885 1018 Sigismundum
905 960 1089 1002 Ducem*
1103 953 1323 1001 Estensem
1344 954 1552 1000 Herculis
1570 953 1710 999 filium
1729 987 1742 1006 ,
1763 953 1842 1016 qui
1860 970 1984 999 natus
2007 971 2124 999 anno
2155 970 2234 1016 143
2250 976 2293 1015 3.

466 1019 581 1066 obiit
609 1038 728 1066 anno
761 1038 773 1066 1
793 1039 895 1083 504.
935 1021 1184 1084 Opnsculnm
1212 1020 1260 1064 de
1282 1019 1438 1065 Morbo
1457 1021 1619 1067 Gallico
1635 1057 1650 1073 ‚
1672 1018 1796 1081 quod
1817 1018 2013 1082 Epistolae
2035 1019 2198 1065 limites
2218 1020 2295 1065 vix

464 1086 657 1133 excedit.
699 1086 889 1133 Videtur
908 1102 1052 1131 autem
1075 1081 1280 1148 scripsisse
1302 1101 1420 1129 anno
1440 1082 1630 1148 ipsomet
1663 1101 1797 1142 1497.
1826 1100 1879 1129 ex
1898 1083 2119 1149 principio
2145 1082 2297 1148 Opus·-

465 1150 580 1202 culi‚
608 1149 684 1196 ubi
707 1151 796 1196 ait:
835 1173 857 1190 κ
875 1149 992 1196 Cum
1022 1167 1138 1196 anno
1168 1147 1316 1213 elapso
1348 1157 1482 1206 1496.
1509 1147 1690 1194 morbus
1704 1147 1888 1211 quidam
1903 1147 2147 1194 saevissimus
2165 1166 2293 1194 mor-

464 1240 492 1260 η
510 1216 614 1261 tales
632 1215 982 1279 quamplurimos
1001 1214 1212 1261 invaserit
1237 1214 1327 1259 tam
1343 1214 1391 1258 in
1412 1212 1534 1259 ltalia
1550 1247 1561 1265 ‚
1577 1213 1711 1276 quam
1728 1213 1861 1260 etiam
1882 1214 1991 1258 ultra
2006 1230 2179 1259 montes
2201 1219 2289 1260 &a

523 1286 557 1326 I.
595 1281 798 1326 Testatur
820 1279 1021 1344 expressis
1053 1279 1200 1325 verbis
1235 1300 1256 1315 0
1279 1277 1489 1324 morbum
1518 1278 1635 1324 hunc
1666 1278 1783 1342 apud
1804 1278 2055 1324 Modernos
2080 1279 2293 1342 incogni-

459 1372 487 1392 υ
508 1361 602 1391 tum
632 1345 756 1391 fuisse
771 1380 783 1397 ,
809 1345 1040 1408 variasque
1059 1344 1115 1390 de
1134 1362 1188 1390 eo
1209 1342 1554 1406 disceptationes
1573 1343 1689 1389 inter
1709 1342 1911 1403 Physicos
1925 1376 1939 1395 ‚
1968 1344 2040 1390 hoc
2064 1344 2111 1399 est
2133 1346 2292 1390 Medi-

458 1435 486 1455 „
508 1428 567 1455 cos
596 1409 769 1455 habitas
796 1408 922 1456 fuiffe
943 1417 954 1467 (
974 1413 1179 1455 Ferrariae
1190 1411 1358 1467 scilicet.
1374 1413 1422 1454 V
1420 1409 1477 1455 id.
1502 1425 1583 1471 qna
1603 1409 1650 1454 de
1670 1411 1889 1453 Leoniceno
1907 1407 2020 1453 madh
2042 1408 2287 1469 diHafimt)

459 1500 485 1518 ω
509 1479 554 1520 ὃζ
583 1474 767 1526 haberi,
796 1475 992 1537 ideoque
1024 1473 1066 1519 se
1094 1472 1337 1518 decreviffe
1363 1490 1445 1536 pro
1474 1472 1644 1535 exiguis
1673 1472 1892 1534 ingenioli
1922 1471 2092 1518 viribus
2119 1472 2291 1535 aliquid

458 1564 484 1583 κ
508 1538 565 1585 de
585 1557 639 1585 eo
662 1538 851 1585 scribere
870 1539 1004 1601 quam
1032 1536 1282 1584 breviffime
1303 1571 1314 1587 ‚
1343 1555 1382 1581 eo
1395 1538 1550 1595 scilicet
1564 1538 1649 1597 fine
1674 1536 2002 1598 quemadmodum
2021 1537 2100 1600 ipsse
2122 1541 2252 1583 innuit
2273 1576 2290 1591 ,

459 1628 485 1650 ιο
509 1620 556 1648 ut
576 1604 826 1650 ostenderet
859 1606 1074 1649 Doctores
1093 1602 1333 1648 Medicinae
1354 1600 1468 1647 hanc
1489 1601 1799 1665 :egritudinem
1827 1600 2012 1646 minime
2042 1603 2291 1665 praetermi-

458 1691 486 1712 η
506 1666 596 1715 fiss'e
621 1702 633 1721 ‚
669 1686 857 1733 eamque
887 1668 941 1714 ab
975 1667 1142 1716 eisdem
1180 1667 1463 1732 capitulatam
1493 1663 1622 1713 fuisse
1652 1665 1709 1712 ad
1737 1664 1919 1712 laudem
1947 1666 2292 1730 omnipotentis

460 1733 613 1779 viDei.

524 1803 542 1844 I
560 1803 593 1843 1.
632 1797 789 1843 Morbi
809 1797 1031 1860 originem
1050 1796 1174 1861 plane
1195 1795 1420 1861 ignoravit
1436 1829 1448 1849 ,
1470 1812 1604 1859 quem
1621 1795 1725 1841 ideo
1744 1794 1912 1842 arcessit
1930 1794 2002 1842 vel
2021 1794 2045 1841 a
2070 1799 2292 1858 conjunc*

460 1861 661 1908 tionibus
683 1863 807 1915 Jovis
827 1869 870 1908 &
894 1862 1049 1908 Martis
1067 1895 1079 1914 ,
1100 1880 1193 1925 quae
1214 1879 1332 1907 anno
1359 1879 1493 1919 1494.
1516 1866 1561 1907 δέ
1583 1860 1756 1908 Saturni
1776 1879 1824 1907 ac
1843 1860 2002 1906 Martis
2016 1894 2029 1913 ‚
2055 1878 2150 1924 quae
2169 1880 2290 1909 anno

464 1935 601 1984 1496.
631 1927 888 1980 obvenere,
919 1927 990 1972 vel
1010 1926 1062 1972 ab
1082 1926 1148 1972 ira
1171 1927 1253 1974 Dei
1274 1927 1319 1971 in
1341 1926 1576 1971 hominum
1596 1925 1774 1972 scelera.
1807 1947 1829 1963 α
1852 1925 2068 1972 Videmus
2086 1959 2098 1977 ,
2127 1929 2292 1989 inquit,

459 2015 486 2035 n
508 1991 727 2037 summum
750 1994 1016 2037 Creatorem
1044 1992 1130 2036 hoc
1148 2007 1351 2054 tempore
1377 1990 1506 2036 nobis
1530 1990 1694 2035 iratum
1713 1989 1773 2036 ob
1795 1988 1987 2036 nefanda
2008 1990 2170 2036 scelera
2188 1990 2290 2036 nos-

457 2080 484 2100 υ
507 2070 574 2100 tra
594 2071 674 2101 nos
696 2073 855 2101 vexare
881 2072 979 2100 curn
1016 2055 1175 2100 morbo
1201 2054 1288 2099 hoc
1320 2053 1683 2100 truculentiflimo
1701 2086 1712 2105 ,
1741 2055 1818 2116 qui
1845 2058 1932 2114 jam
1966 2071 2058 2099 non
2089 2071 2177 2118 per*
2200 2060 2289 2101 Ita-

455 2144 483 2163 υ
508 2119 612 2165 liam
631 2153 643 2171 ,
671 2120 745 2166 sed
774 2121 908 2166 etiam
937 2137 1014 2184 per
1037 2136 1219 2165 omnem
1238 2118 1350 2183 pene
1372 2117 1667 2164 Christianam
1689 2117 1974 2180 Religionem
1997 2119 2132 2182 viget.
2168 2120 2288 2166 Ubi-

452 2210 485 2233 ω
505 2202 593 2248 que
626 2183 833 2230 tubarum
865 2184 1047 2246 clangor
1076 2182 1231 2236 sonat,
1262 2199 1489 2228 armorum
1520 2181 1685 2244 ubique
1716 2182 1919 2246 strepitus
1948 2183 2154 2244 auditur,
2187 2184 2288 2231 ubi-

459 2277 485 2298 »
540 2266 592 2295 ue
634 2248 893 2295 bombardae
926 2249 1214 2295 instrumenta
1260 2247 1481 2293 bellorum
1520 2246 1813 2294 conficiuntur
1856 2252 1903 2293 &
1943 2248 2046 2293 loco
2083 2247 2287 2296 saxorum

457 2342 484 2362 υ
507 2268 819 2377 {laneorum
857 2313 1004 2360 ferrea
1046 2327 1280 2359 remanent
1300 2345 1314 2364 ‚
1355 2317 1401 2357 δε
1432 2311 1517 2357 hoc
1555 2327 1756 2374 tempore
1796 2311 1996 2357 inaudita
2031 2311 2282 2370 fabricant5

455 2403 484 2424 ι,
508 2382 664 2425 Turcae
689 2379 738 2424 in
767 2378 936 2425 Italiam
965 2394 1199 2424 vocantur.
1234 2380 1362 2435 Quot
1386 2380 1471 2439 jam
1500 2376 1739 2428 incendia,
1762 2392 1872 2439 quot
1902 2376 2282 2441 depraedationes,

453 2468 483 2491 ω
504 2460 616 2506 quot
644 2443 904 2490 miserorum
933 2443 1187 2488 mortalium
1208 2443 1367 2506 strages
1383 2445 1471 2504 jam
1492 2441 1711 2494 vidimus,
1732 2456 1843 2504 quot
1866 2446 1911 2487 δέ
1929 2457 2112 2505 quantas
2144 2441 2283 2490 visuri

455 2534 481 2553 υ
501 2507 678 2554 sumus?
713 2509 904 2554 Utinam
922 2508 1114 2554 mentiar
1135 2514 1145 2552 l

517 2576 618 2619 111.
653 2573 791 2631 Quod
812 2572 867 2618 ad
886 2588 1085 2618 naturam
1105 2571 1254 2618 morbi
1276 2604 1287 2623 ‚
1317 2569 1461 2617 credit
1485 2568 1701 2616 Morbum
1728 2568 1946 2616 Gallicum
1969 2575 2064 2634 poni
2087 2572 2187 2635 poſj}
2203 2571 2284 2632 sith

457 2640 651 2701 Capitale
671 2642 772 2701 ignis
792 2639 966 2700 perfici,
984 2637 1110 2700 qnod
1136 2635 1326 2701 probare
1351 2650 1537 2682 conatur
1563 2652 1617 2681 ex
1647 2634 1820 2681 Galeno
1840 2652 1903 2691 14.
1932 2637 1982 2681 de
1998 2635 2188 2696 sanitatis
2213 2642 2281 2682 in-

451 2705 564 2765 genio
583 2717 705 2764 ,cap.
733 2722 774 2759 7.
805 2702 1037 2748 Avicenna
1068 2701 1163 2747 Lib.
1193 2719 1237 2759 4.
1268 2704 1370 2747 fen.
1406 2720 1444 2761 3.
1472 2715 1564 2762 cap,
1595 2700 1644 2744 de
1676 2704 1764 2763 igne
1791 2701 1971 2763 perstco,
1994 2704 2040 2744 &
2060 2701 2281 2749 Cornelio

455 2764 592 2811 Celso
614 2799 626 2817 ,
657 2780 744 2828 cap*
770 2767 816 2810 de
842 2771 929 2829 igne
945 2768 1064 2822 sacro
1081 2768 1152 2824 sen
1169 2765 1351 2827 perstem
1380 2764 1535 2808 contra
1560 2763 1670 2809 verb
1697 2761 1863 2809 refellit
1889 2780 1964 2808 eos
1988 2764 2065 2826 qui
2094 2764 2281 2811 arbitra-

455 2829 618 2877 bantur
638 2829 856 2877 Morbum
875 2829 1094 2874 Gallicum
1115 2846 1214 2874 cum
1246 2828 1368 2892 lepra
1387 2827 1588 2873 Arabum
1607 2825 1681 2873 seu
1709 2827 1992 2889 elephantiasi
2014 2830 2279 2877 convenire,

516 2899 604 2941 IV.
638 2894 763 2940 Licet
794 2894 967 2939 Gilinus
988 2893 1228 2940 crediderit
1248 2898 1384 2938 Luem
1405 2892 1619 2938 Gallicam
1640 2891 1664 2936 a
1685 2891 1817 2937 caulis
1842 2891 2162 2939 universalibus
2184 2894 2277 2940 oti-

455 2959 493 3008 ri
515 2992 528 3010 ,
571 2974 764 3005 attamen
807 2959 1099 3005 subodoratus
1141 2960 1200 3005 est
1240 2958 1507 3021 contagione
1545 2975 1599 3004 ex
1634 2955 1808 3020 impura
1846 2974 2012 3004 venere
2051 2958 2269 3004 contrahi.

453 3054 479 3072 „
502 3026 659 3068 Unum
688 3041 837 3069 tamen
858 3056 870 3076 ,
902 3028 1058 3087 inquit,
1088 3024 1206 3068 inter
1234 3038 1388 3069 caetera
1411 3022 1514 3068 dico
1534 3055 1546 3073 ‚
1577 3020 1794 3067 Morbum
1821 3021 1937 3067 hunc
1968 3022 2271 3084 contagiosum

452 3115 478 3134 υ
501 3087 586 3135 effe
606 3120 619 3139 ,
649 3088 767 3134 unde
795 3088 956 3134 iterum
978 3104 1110 3150 atque
1135 3086 1298 3133 iterum
1328 3105 1493 3133 moneo
1521 3103 1576 3132 ne
1605 3104 1706 3131 cum
1733 3086 1990 3132 mulieribus
2015 3087 2095 3130 hac
2118 3084 2270 3149 perni-

452 3180 479 3199 η
502 3152 620 3198 cios&
645 3152 906 3215 aegritudine
935 3151 1268 3203 laborantibus,
1295 3167 1369 3197 aut
1397 3168 1457 3197 eae
1485 3168 1586 3195 cum
1606 3150 1708 3195 viris
1734 3150 1815 3195 hac
1843 3149 2105 3212 :egritudine
2127 3148 2270 3194 infec-

452 3242 478 3259 η
501 3219 554 3262 tis
575 3217 618 3263 se
648 3215 951 3262 commiserint
972 3216 1118 3276 aliquo
1137 3217 1263 3275 pacto
1280 3247 1291 3266 ,
1313 3215 1417 3278 quia
1434 3214 1531 3263 vidi
1548 3215 1712 3262 multos
1738 3214 1821 3260 hac
1841 3214 1898 3260 de
1926 3211 2050 3258 causa
2075 3210 2268 3275 infestos,

449 3303 478 3335 ρ
497 3281 711 3328 cruciatus
730 3281 945 3329 maximos
962 3279 1102 3344 pallos
1120 3278 1263 3326 fuisse.
