2477 3643
168 2332 350 2369 Probatur

121 2387 219 2424 eirca
229 2385 351 2436 post:-

123 2440 198 2475 rius
214 2463 225 2480 ‚
247 2437 266 2472 ii
287 2438 354 2472 da-

125 2501 246 2525 rentur
264 2516 274 2531 ,
307 2490 353 2526 ii·-

126 2553 204 2578 cete
231 2541 355 2578 Medi-

127 2607 171 2630 co
184 2604 223 2627 ea
236 2592 354 2631 divul-

127 2656 225 2695 gare.

385 117 475 170 184
707 106 812 153 DE
879 95 1825 149 MoRssistNERms.

376 189 583 256 pellicula
602 188 763 236 alicubi
782 187 929 234 hiulca
950 201 1023 230 aut
1052 182 1218 231 disciffa
1243 181 1290 226 sit
1307 214 1319 233 ‚
1342 180 1414 227 vel
1442 181 1490 226 in
1511 199 1647 246 opere
1678 180 1858 244 usquam
1887 178 1982 227 hiet
2013 196 2087 228 aut
2111 182 2208 230 dis-‘-

378 256 581 301 cindatur
600 273 611 308 3
638 253 668 299 si
694 254 871 299 tenuior
893 249 1102 296 allabenti
1120 247 1226 293 tabo
1245 263 1441 292 venereo
1460 280 1473 298 ‚
1491 264 1581 309 quo
1603 246 1753 292 madet
1768 279 1780 298 ,
1800 245 1950 309 pervia
1967 244 2042 291 fiat
2059 281 2072 300 ‚
2091 248 2200 293 dum

377 320 616 366 fricatione
636 318 794 364 iterata
821 329 1098 366 maceratur,
1120 330 1166 357 ac
1189 327 1411 357 venenum
1442 311 1526 356 alte
1553 310 1734 357 imbibit
1763 329 1774 364 3
1801 327 1895 373 quae
1923 309 2088 373 singula
2120 313 2204 359 de·-

377 385 486 432 bent
505 383 761 447 frequenter
786 381 862 428 usu
893 378 1090 426 evenire.
1126 374 1320 421 Memini
1347 373 1465 420 haud
1486 375 1639 421 inscite
1674 375 1784 420 olim
1813 375 1947 438 quaeri
1979 375 2038 420 ab*
2066 377 2200 423 Anti-

379 467 571 513 quorum
601 447 797 511 quodam
828 462 935 490 num
965 443 1080 488 inter
1113 456 1314 485 mortuos
1342 438 1561 485 recenseri
1587 439 1832 492 deberent,
1860 440 1936 502 qui
1965 440 2055 485 alto
2087 441 2200 487 mari

383 514 593 577 navigant
610 546 622 564 ,
648 528 696 557 ut
714 511 791 574 qui
824 510 846 554 a
877 523 1022 553 morte
1049 505 1219 551 tantum
1238 504 1446 549 distarent
1473 504 1619 567 lignea
1649 503 1795 550 tabula
1821 519 2011 566 quatuor
2039 504 2206 568 digitos

378 577 466 626 lata
486 598 494 623 :
520 576 653 623 Haud
669 574 833 620 minori
852 577 947 634 jure
967 570 1100 634 quaeri
1113 569 1230 634 poffe
1244 567 1438 614 arbitror
1458 601 1470 619 ,
1497 587 1603 615 num
1619 569 1735 613 inter
1757 567 1942 614 infectos
1960 587 2205 616 connume-

387 643 476 690 rari
504 641 723 691 debeant,
744 638 1011 702 quicumque
1034 634 1088 680 ab
1108 633 1349 680 infectione
1378 633 1581 695 quotidie
1605 650 1697 677 non
1723 632 1878 678 absunt
1898 633 1975 678 nisi
1999 633 2206 698 pellicula

385 707 566 757 subtili,
591 703 743 750 bibula
763 737 775 755 ,
814 699 1071 766 permeabili
1090 732 1102 751 ,
1129 699 1391 763 plerumque
1424 697 1578 743 lacera.
1616 696 1706 742 Illis
1739 697 1837 742 sane
1872 714 1964 743 non
2000 698 2207 763 pellicula.

386 769 554 834 fragilis
569 803 581 821 ‚
604 768 677 814 sed
695 767 816 813 robur
837 764 887 812 ὠ·
908 783 950 809 aes
980 766 1131 825 trip-lex
1161 761 1244 809 effe
1267 762 1454 808 deberet
1479 766 1589 808 circa
1615 777 1776 824 penem
1792 794 1803 812 ‚
1822 762 1898 822 qui
1913 779 2084 825 partem
2106 781 2202 810 eam

386 853 476 882 tam
510 834 684 880 facilem
718 831 774 877 ad
814 828 1129 892 contagionem
1165 825 1456 891 impurissimo
1484 826 1778 872 'meretricum
1814 824 2024 872 barathro
2058 843 2207 874 amant

387 903 635 946 committere.
987 898 994 905 '

454 971 516 1008 20.
552 963 648 1007 Esto
671 975 818 1006 tamen
838 977 849 1012 3
872 960 1034 1005 Perstet
1063 972 1160 1002 toto
1187 974 1321 1021 opere
1342 953 1564 1001 folliculus
1586 960 1630 1000 ὃς
1652 954 1824 1016 integer
1854 958 1900 999 &
1935 953 2171 1019 impervius
2195 976 2206 1002 ε

385 1025 606 1074 Nondum
631 1042 781 1071 tamen
809 1023 960 1069 onmia
988 1021 1086 1068 satis
1113 1037 1220 1067 tuta.
1248 1024 1348 1068 Nec
1375 1020 1539 1085 pubem
1559 1019 1679 1065 enim
1700 1053 1712 1071 ‚
1738 1037 1817 1064 nec
1846 1020 2027 1081 inguina
2053 1020 2210 1067 obves-

386 1092 438 1137 tit
462 1091 534 1137 ille
564 1111 572 1136 :
610 1091 808 1136 Prostant
839 1105 948 1150 ergo
976 1088 1075 1133 loca
1101 1104 1152 1132 ea
1184 1086 1379 1131 obnoxia
1411 1084 1590 1130 attatstui
1613 1083 1835 1129 illabentis
1861 1084 2058 1130 humoris
2091 1085 2209 1150 sper-

387 1156 538 1203 matici
559 1189 570 1207 ,
596 1154 642 1200 in
663 1171 797 1217 quem
824 1152 1028 1199 mulieres
1050 1150 1367 1214 colliquescunt
1397 1150 1504 1195 dum
1536 1149 1691 1195 veneri
1710 1148 1839 1193 litant
1854 1182 1867 1200 ,
1888 1149 2006 1195 unde
2025 1148 2053 1194 fi
2078 1168 2210 1197 vene-

390 1239 451 1266 no
478 1220 663 1266 infechis
683 1218 731 1264 sit
751 1252 763 1270 ,
781 1217 1027 1282 periculum
1049 1215 1250 1261 futurum
1271 1217 1329 1261 est
1348 1231 1484 1279 grave
1512 1231 1568 1259 ne
1603 1220 1615 1275 (
1633 1223 1685 1274 a)
1718 1212 1921 1259 bubones
1939 1231 2211 1276 generentur

387 1302 521 1348 atque
549 1284 656 1330 inde
681 1284 772 1329 lues
804 1299 994 1329 venerea
1012 1314 1023 1334 ‚
1050 1280 1137 1326 hoc
1170 1281 1228 1326 est
1256 1297 1311 1326 ne
1340 1278 1655 1342 conduplicare
1688 1277 1864 1324 foenore
1899 1278 2076 1324 versura
2110 1295 2211 1325 tan-

390 1351 495 1396 dem
519 1349 725 1395 solvatur.
758 1346 883 1403 Quid
909 1346 1017 1391 olim
1044 1343 1213 1409 profuit
1231 1344 1395 1390 Achilli
1428 1343 1648 1405 reliquum
1678 1360 1837 1406 corpus
1870 1343 2095 1389 vulnerari
2117 1361 2211 1390 non

388 1413 507 1479 posse
530 1447 542 1466 ,
567 1413 596 1458 si
619 1413 873 1458 calcaneum
895 1410 1071 1457 vulneri
1091 1406 1258 1473 patuit,
1279 1409 1400 1455 unde
1433 1407 1626 1454 cecidit?
1663 1407 1788 1465 Quid
1817 1407 1978 1470 pariter
2007 1407 2212 1472 profutu-

389 1496 488 1526 rum
508 1480 566 1525 est
586 1476 858 1541 ganeonibus
887 1475 972 1521 illis
997 1474 1240 1521 mentulam
1266 1472 1509 1536 ingressuro
1535 1473 1745 1534 contagio
1766 1471 2030 1534 imperviam
2050 1472 2132 1518 elle
2149 1507 2160 1524 ‚
2180 1473 2211 1518 fi

392 1543 648 1606 contagium
672 1542 792 1587 idem
820 1539 995 1604 possunt
1024 1539 1260 1584 admittere
1287 1538 1425 1601 pubes
1451 1555 1499 1582 ac
1532 1536 1743 1598 inguina,
1772 1535 1893 1582 unde
1916 1536 1972 1581 ab
1999 1537 2210 1583 imbibite

391 1625 568 1655 veneno
597 1605 798 1652 bubones
819 1610 863 1650 &
884 1604 908 1649 a
928 1603 1184 1649 bubonibus
1205 1603 1295 1648 lues
1315 1601 1405 1666 ipsa
1428 1600 1614 1664 perinde
1644 1600 1951 1664 concipiantur
1972 1613 1985 1646 ἒ

453 1681 513 1735 3⁰·
550 1671 637 1717 Sed
654 1670 763 1733 quid
781 1668 915 1715 multa
937 1680 948 1714 ἒ
968 1673 1064 1731 Age
1094 1668 1229 1732 porrb
1246 1701 1256 1718 ‚
1276 1666 1403 1712 liceat
1421 1665 1736 1711 scortatoribus
1763 1664 1848 1710 illis
1869 1698 1880 1716 ‚
1903 1664 1930 1709 fi
1957 1665 2018 1710 ita
2033 1665 2181 1712 lubeat
2196 1700 2210 1719 ,

391 1738 437 1783 in
463 1735 670 1783 obscoena
692 1734 762 1779 sufi
781 1732 989 1798 spurcitie
1025 1732 1104 1778 sibi
1132 1731 1358 1796 plaudere.
1394 1730 1593 1795 Optabat
1614 1729 1722 1775 olim
1742 1729 1954 1792 Virgilius
1980 1746 2026 1774 ut
2058 1732 2212 1778 Maevii

393 1816 590 1848 amarent
619 1799 817 1846 carmina
834 1831 846 1850 ‚
866 1798 1136 1861 quicumque
1162 1796 1345 1842 Bavium
1373 1812 1465 1840 non
1494 1792 1683 1840 odissent
1718 1814 1727 1839 ι
1763 1794 1830 1840 Sic
1854 1793 1944 1856 ipse
1965 1796 2212 1858 optandum

392 1864 475 1912 esse
510 1881 617 1930 puto
636 1898 648 1916 ‚
677 1880 723 1909 ut
751 1863 836 1908 illis
868 1859 1221 1925 quibuscumque
1246 1861 1363 1905 circa
1386 1864 1507 1920 jecur
1535 1858 1783 1904 ulcerosum
1818 1858 2058 1905 malesanus
2086 1878 2212 1906 amor

391 1930 510 1976 saevit
531 1964 543 1983 ,
573 1945 784 1974 venerem
816 1945 869 1973 eo
898 1925 1068 1971 tantum
1101 1928 1227 1989 pacto
1245 1925 1437 1986 experiri
1458 1924 1587 1970 detur
1606 1957 1618 1975 ,
1654 1941 1744 1986 quo
1767 1940 1958 1969 venerea
1981 1925 2181 1982 voluptas
2199 1958 2217 1978 ,

391 2012 482 2057 quae
502 1995 549 2039 in
577 1994 740 2038 intimo
764 1993 969 2037 contactu
992 1990 1150 2036 relidet
1168 2024 1179 2042 ,
1199 1991 1259 2034 ita
1278 1989 1543 2034 obtunditur
1568 1993 1612 2033 δε
1631 1987 1865 2034 hebetatur
1887 2022 1898 2039 ,
1924 2003 1971 2032 ut
1999 1983 2215 2034 concum-

391 2059 592 2105 bentium
625 2073 780 2103 neuter
819 2055 1098 2116 hymenaeum
1139 2069 1295 2105 canat,
1321 2053 1394 2099 vel
1434 2068 1560 2098 canat
1588 2067 1775 2114 uterque
1814 2050 1908 2097 fere
1948 2051 2036 2098 sine
2070 2051 2212 2100 sensu.

392 2121 745 2169 Certe-’minoris
773 2121 938 2165 constat
977 2120 1083 2165 caste
1116 2120 1268 2164 vivere
1287 2152 1298 2170 ,
1327 2118 1398 2163 vel
1428 2115 1635 2181 permissa
1666 2134 1713 2161 ac
1746 2115 1896 2161 secura
1925 2133 2089 2163 venere
2115 2134 2214 2164 tan-

396 2191 488 2233 tum
515 2188 580 2233 uti
600 2220 612 2238 ,
631 2186 765 2250 quam
790 2184 850 2229 ita
871 2184 986 2248 turpi
1005 2184 1249 2246 putidoque
1267 2183 1453 2228 invento
1470 2216 1482 2235 ‚
1501 2199 1582 2228 nec
1600 2196 1746 2226 tamen
1766 2180 1855 2227 fine
1881 2181 2079 2244 periculo
2094 2217 2104 2235 ,
2124 2199 2215 2228 tam

398 2251 538 2303 cassim
558 2253 647 2297 levi
673 2256 717 2297 δε
745 2248 933 2295 evanidi
961 2248 1187 2312 voluptate
1207 2247 1357 2311 potiri.

472 2317 681 2372 posteriori
716 2313 941 2377 quaestioni
969 2313 1058 2358 haec
1091 2313 1248 2359 eadem
1278 2309 1578 2362 satisfaciunt,
1613 2327 1706 2373 quae
1742 2308 1799 2355 de
1825 2309 1974 2374 priore
2005 2310 2213 2356 diximus.

399 2386 563 2445 Neque
590 2381 710 2426 enim
741 2396 848 2443 opus
879 2379 937 2424 est
970 2378 1026 2424 de
1051 2381 1146 2436 jure
1177 2376 1305 2422 anxie
1333 2376 1608 2438 multumque
1629 2375 1822 2438 quz'erere
1841 2408 1852 2426 >
1884 2374 2048 2420 scilicet
2073 2394 2128 2420 an
2160 2375 2217 2420 li-

401 2463 496 2493 ceat
524 2444 749 2492 alexiteria
771 2442 967 2489 remedia
987 2442 1192 2488 adversus
1212 2439 1465 2486 affectiones
1495 2457 1707 2485 venereas
1740 2438 1939 2485 indicare
1957 2473 1969 2490 ,
1991 2457 2217 2503 propone-

401 2530 478 2564 re,
510 2510 722 2557 exhibere
742 2542 753 2560 ‚
778 2509 806 2553 sl
846 2507 977 2553 semel
1015 2507 1071 2552 de
1099 2505 1216 2552 facto
1243 2506 1448 2568 negative
1479 2504 1720 2550 constiterit
1739 2536 1751 2554 ‚
1787 2520 1946 2567 nempe
1977 2504 2093 2549 nulla
2121 2504 2218 2549 dari

402 2575 600 2624 remedia
632 2572 901 2623 istiusmodi,
922 2588 1015 2634 quae
1046 2588 1146 2615 cum
1174 2571 1480 2616 emolumento
1510 2584 1629 2613 certa
1650 2574 1694 2613 &
1714 2565 1907 2614 efficacia
1937 2567 2020 2614 else
2042 2567 2217 2630 pollina

466 2649 527 2684 10.
567 2642 778 2683 Attamen
798 2636 828 2680 fi
847 2654 933 2698 qua
960 2635 1078 2680 forte
1102 2635 1311 2680 darentur
1328 2667 1340 2686 ‚
1358 2634 1496 2679 libere
1517 2632 1662 2677 dicam
1687 2638 1732 2678 &
1750 2633 1942 2693 ingenue
1964 2631 2103 2677 videri
2123 2649 2217 2677 non

400 2704 540 2752 modb
566 2703 699 2748 licere
725 2700 917 2746 Medicis
937 2733 948 2751 ,
981 2717 1174 2762 quorum
1194 2701 1252 2745 est
1279 2697 1475 2761 opiferos
1501 2694 1585 2742 effe
1603 2730 1614 2746 ‚
1634 2714 1682 2742 ea
1704 2696 1916 2742 exhibere
1936 2701 1978 2740 δέ
2003 2696 2185 2759 vulgare
2202 2730 2216 2748 ‚

400 2769 474 2816 sed
501 2768 598 2813 illos
628 2767 760 2812 etiam
793 2781 848 2810 ne
879 2782 930 2810 ea
955 2764 1178 2815 celerent,
1209 2762 1428 2825 religione
1458 2760 1548 2823 ipsa
1571 2760 1781 2822 obstringi
1800 2794 1812 2811 ‚
1839 2759 1937 2804 cum
1965 2777 2015 2805 ea
2041 2762 2216 2807 ratione-

401 2832 609 2879 adversus
643 2828 922 2891 contagionis
951 2828 1146 2891 pericula
1178 2826 1432 2891 praemuniri
1464 2824 1635 2889 pollent
1655 2859 1667 2876 ‚
1701 2824 1823 2887 quod
1850 2825 1897 2868 in
1928 2824 2042 2869 votis
2070 2825 2216 2870 bono-

403 2916 501 2944 rum
528 2896 728 2942 omnium
758 2891 840 2940 effe
866 2891 1001 2938 debet
1019 2926 1031 2944 ,
1060 2908 1127 2937 tot
1156 2892 1348 2937 nutrices
1374 2891 1570 2954 impuros
1599 2886 1873 2953 suspetstosve
1903 2887 2093 2935 infantes
2126 2891 2216 2934 lac-

402 2979 553 3007 tatura:
574 2994 585 3011 ,
610 2975 675 3004 tot
701 2957 864 3004 alumni
892 2957 946 3002 ab
965 2956 1152 3003 *infectis
1182 2955 1440 3020 suspectisve
1478 2953 1721 2999 nutricibus
1756 2953 1944 2998 laetandi
1964 2986 1976 3004 ,
2008 2969 2074 2999 tot
2100 2971 2212 2998 uxo-

404 3044 472 3072 res
492 3060 504 3078 ,
525 3042 617 3088 quae
649 3042 701 3070 ex
737 3022 1013 3068 matrimonii
1037 3022 1193 3068 debito
1221 3039 1321 3070 cum
1343 3020 1510 3068 maritis
1530 3018 1689 3066 morbo
1723 3017 2034 3070 contaminatis
2060 3033 2214 3066 tenen-

460 3165 472 3208 (
490 3167 538 3214 a)
573 3162 653 3202 Vid‘
670 3160 762 3217 iufra
782 3169 854 3212 cap.
874 3176 906 3209 5-
924 3161 1030 3210 hujus
1048 3161 1165 3200 Libri..

2145 3222 2216 3255 tUs
