2477 3643
154 230 191 263 6.
206 222 343 262 Fistuiae
392 257 401 265 ,

117 276 292 327 multipli-

117 340 187 366 ces,

119 552 213 598 Quae
227 561 347 602 partes

119 603 251 658 possint
276 603 346 640 ab-

119 657 261 696 scedere
288 657 324 693 in

119 720 266 760 gonor-

121 760 230 798 xhoezi
260 759 295 796 iu

121 811 280 852 foeminis
297 819 308 850 ?

149 1237 350 1287 Diaguosis

121 1289 308 1327 abscessfis

118 1354 155 1379 in
182 1354 344 1393 periiiaeO.

153 2209 351 2261 Prognofis

124 2263 307 2300 abscessus

124 2327 160 2352 in
188 2317 353 2368 periuaeO.

395 112 483 169 198
769 109 882 154 DE
954 104 1939 155 MORssistNEREis.

454 199 521 238 6⁰.
549 188 671 237 Hinc
689 204 799 252 ergo
816 185 1082 251 multiplices
1101 188 1279 254 perinaei
1296 187 1468 242 fistulae3
1487 190 1609 237 varie
1631 208 1732 237 cum
1753 189 1932 238 uretlirz‘i
1949 222 1962 244 ,
1985 204 2087 237 eum
2105 199 2226 248 ano}

390 273 508 304 inter
533 255 576 303 se
601 253 1013 306 communicantes3
1043 271 1137 316 qua:
1165 253 1303 299 modo
1328 265 1518 317 paucum
1543 289 1556 308 ,
1578 255 1717 302 modb
1747 255 1936 303 multum
1953 288 1966 307 ,
1992 256 2130 303 modo
2160 257 2226 304 se·-

394 322 545 369 rosum
576 326 621 367 δεῖ
643 336 802 372 tenue,
823 317 961 364 modo
980 318 1197 364 viscidum
1213 351 1225 370 ,
1247 318 1386 364 modo
1406 317 1792 383 sanguinolentum
1815 338 1894 386 pus
1914 319 2220 384 profundunt3

393 386 726 434 inflammantur
747 383 884 430 modo
902 417 914 435 ‚
936 383 1075 428 modo
1089 383 1456 429 inflammationis
1478 402 1680 450 expertes
1699 385 1797 433 sunt
1815 420 1828 440 ,
1850 403 1932 451 pro
1954 384 2135 433 diversis
2153 404 2226 434 ei:-

395 452 499 499 ratis
521 452 567 497 in
585 452 703 498 victu
730 449 861 494 autin
878 447 954 493 usu
976 465 1123 493 rerum
1139 465 1230 493 non
1246 448 1526 494 naturalium.

455 520 757 577 Quaecumque
778 513 834 558 de
864 512 968 559 viris
991 511 1198 558 haeftenus
1218 513 1334 559 dista
1355 513 1451 559 sunt
1468 547 1482 567 ‚
1502 512 1669 561 debent
1700 514 1789 560 haec
1809 513 1966 562 eadem
1984 514 2041 562 cle
2060 516 2224 564 mulie<-

394 581 515 628 ribus
534 580 752 642 intelligi,
785 575 862 623 sed
889 577 1066 623 mutatis
1097 578 1336 624 mutandis·
1361 579 1490 637 Fiunt
1515 580 1564 625 in
1598 580 1684 625 illis
1705 597 1759 625 ex
1786 578 2019 644 suppurata
2050 598 2225 644 gonor-

394 645 517 692 rhoea
536 643 744 691 abscessiis
762 642 808 687 in
830 642 1030 706 prostatis
1048 676 1060 694 ‚
1091 660 1284 705 quorum
1310 661 1388 708 pus
1418 643 1498 689 nisi
1519 662 1594 709 per
1618 645 1793 690 lacunas
1811 661 2050 691 evacuetur
2069 680 2082 699 ,
2101 650 2223 693 viam

394 710 475 757 sibi
502 709 653 757 sensim
683 707 806 753 cudit
834 707 905 753 vel
937 707 983 751 in
1010 708 1237 753 urethram
1254 709 1325 755 vel
1343 709 1387 753 in
1410 709 1633 771 vaginam.
1670 709 1797 755 Idem
1821 709 1983 754 accidit
2015 710 2063 755 iii
2081 711 2225 758 inter-

395 776 610 822 foemineo
628 808 639 826 ,
670 773 699 817 si
725 771 940 835 glandulae
970 773 1283 836 Cowperianae
1309 808 1322 826 ,
1348 791 1441 836 quae
1459 773 1631 820 ibidem
1656 774 1701 818 in
1732 771 1926 820 foeminis
1954 773 2092 821 latent
2121 809 2136 829 ,
2169 794 2226 823 ex

396 837 667 903 gonorrhoea
685 836 904 882 virulenta
923 836 1256 894 inflammentur
1282 844 1326 884 &-
1348 837 1669 902 supputentur,
1699 843 1746 884 &
1773 853 1879 885 tunc
1910 837 2122 886 abscessus
2149 841 2224 888 vel

395 906 440 951 in
463 905 667 967 vaginam
684 936 697 954 ‚
715 902 785 948 vel
817 902 864 946 in
884 901 1090 965 podicem
1108 903 1207 954 ‚vel
1225 903 1272 948 in
1288 918 1521 965 utramque
1553 920 1721 967 partem
1755 902 1916 967 aperiri
1936 902 2059 949 solet.
2086 906 2228 963 Quod

397 969 453 1014 ad
485 967 786 1029 botryformes
817 966 985 1028 vaginae
1014 966 1239 1029 glandulas
1265 1001 1278 1019 ,
1312 985 1405 1030 qua:
1433 968 1480 1012 in
1510 967 1707 1014 foeminis
1739 968 1916 1014 tertiam
1949 970 2232 1030 gonorrhoeae

394 1033 545 1080 sedem
567 1032 762 1097 praebent
779 1065 789 1083 ,
807 1031 880 1078 vix
903 1032 1121 1095 permittit
1145 1031 1516 1079 conformationis
1541 1051 1589 1078 ac
1623 1032 1721 1078 situs
1743 1032 1855 1077 ratio
1876 1065 1887 1083 ,
1909 1048 1957 1077 ut
1987 1032 2035 1078 in
2057 1033 2228 1080 absces-

394 1098 489 1144 sum
518 1097 642 1144 abite
662 1096 818 1161 poffint
832 1130 843 1147 ‚
864 1095 941 1142 sed
960 1115 1153 1143 venerea
1176 1097 1347 1159 vaginae
1376 1096 1597 1145 ulcuscula
1627 1098 1847 1144 inducunt
1863 1130 1876 1148 ‚
1893 1095 1923 1140 si
1943 1097 2228 1150 inflammata:

395 1162 713 1227 supputentur,
728 1178 775 1207 ut
803 1159 918 1205 infra
938 1160 1015 1206 suo
1042 1162 1144 1207 loco
1163 1161 1465 1225 probabimus.

459 1224 691 1291 Diagnofis.
725 1223 951 1271 Abscessus
971 1227 1077 1286 fiens
1101 1226 1375 1289 dignoscitur
1406 1226 1749 1273 exacerbatione
1767 1224 2108 1290 symptomatum
2131 1245 2230 1275 om·-

393 1292 517 1337 nium
536 1325 548 1344 ‚
567 1310 659 1355 quae
677 1291 1022 1337 inflammationi
1040 1292 1216 1355 propria
1240 1291 1336 1337 sunt
1353 1310 1364 1341 ·,
1392 1295 1542 1337 Fabius
1561 1293 1671 1337 vero
1686 1291 2027 1355 symptomatum
2049 1310 2231 1338 eorum-

393 1357 497 1402 dem
528 1357 812 1420 mitigatione
827 1388 841 1408 ,
865 1356 1002 1420 partis
1024 1356 1306 1402 inflammatae
1332 1356 1519 1402 mollitie
1534 1390 1546 1409 ,
1563 1355 1750 1403 obscura
1779 1355 1899 1419 puris
1926 1355 2101 1402 latentis
2117 1356 2228 1402 fluc-

396 1437 610 1467 tuatione.

458 1487 663 1532 Exterior
689 1491 735 1532 &
758 1483 876 1548 quasi
911 1483 1178 1530 subcutanea
1202 1485 1320 1547 puris
1349 1484 1577 1530 fluctuatio
1607 1485 1661 1531 ad
1689 1485 1761 1531 ani
1801 1484 1992 1531 confinia
2023 1486 2229 1548 Cowpe-

389 1551 532 1597 rianas
557 1551 810 1614 glandulas3
827 1550 1020 1595 Interior
1042 1556 1086 1596 δέ
1109 1548 1377 1614 profundior
1393 1548 1598 1595 vesiculas
1621 1550 1872 1596 seminarias
1888 1584 1901 1601 ,
1920 1565 1993 1594 aut
2016 1551 2227 1611 prostatas

390 1613 505 1662 affici
529 1616 801 1661 demonstrat
831 1632 843 1666 3
873 1618 964 1659 Has
1000 1615 1184 1677 quidem
1203 1648 1214 1665 ‚
1237 1614 1266 1659 si
1293 1632 1377 1660 ano
1399 1634 1411 1667 ·,
1430 1613 1524 1659 illas
1549 1616 1659 1660 vero
1680 1649 1691 1667 ‚
1711 1614 1741 1659 si
1765 1613 1886 1678 penis
1913 1613 2050 1659 radici
2070 1614 2228 1677 proxi-

389 1681 507 1726 mior
535 1680 584 1726 sit
604 1699 614 1732 ·,
634 1681 810 1727 dextras
840 1678 1110 1732 finisti-aste,
1138 1695 1270 1743 prout
1289 1679 1335 1727 in
1357 1678 1519 1726 dextro
1546 1680 1617 1726 vel
1648 1681 1696 1726 in
1726 1678 2051 1725 finistrolatere
2075 1678 2226 1742 perci-

390 1747 522 1810 pitur.

451 1808 651 1856 Fistulosa
674 1808 852 1872 perinaei
880 1809 1031 1856 ulcera
1063 1824 1245 1855 externa
1272 1807 1414 1854 oculis
1449 1823 1601 1872 patent
1636 1826 1647 1861 3
1682 1808 1809 1861 ficus,
1831 1826 2040 1856 numerus
2060 1841 2072 1859 ,
2100 1819 2229 1854 com-0·

390 1876 557 1920 mercia
582 1873 846 1920 eorumdem
870 1875 940 1920 vel
970 1892 1023 1920 ex
1053 1873 1357 1919 accidentibus
1388 1871 1615 1919 manifesta
1644 1872 1743 1918 sunt
1766 1907 1777 1925 ‚
1807 1874 1878 1920 vel
1906 1872 2098 1919 immiffo
2133 1873 2230 1937 spe-

394 1940 498 1984 cillo
526 1938 826 2003 explorantur.
861 1943 1042 1984 Interna
1061 1938 1172 1983 vero
1192 1954 1244 1982 ex
1275 1937 1502 2000 frequenti
1530 1938 1649 2002 puris
1674 1937 1836 1984 effluxu
1858 1956 1934 2001 per
1958 1937 2186 1984 urethram
2214 1970 2233 1989 9

395 2021 449 2051 ex
475 2003 668 2049 obscuro
688 2002 856 2048 doloris
880 2001 1003 2048 sensu
1021 2003 1065 2047 in
1087 2003 1303 2067 petinam,
1327 2020 1381 2048 ex
1410 2002 1633 2065 frequenti
1653 2002 1839 2048 urethrae
1867 2000 2226 2048 inflammatione

395 2086 496 2115 cum
517 2067 785 2131 stranguria,
806 2085 900 2130 qua:
920 2067 1035 2131 puris
1061 2067 1365 2114 exundatione
1395 2066 1582 2118 celsant,
1605 2065 1786 2113 demum
1807 2084 1862 2112 ex
1889 2066 2123 2131 praegreffis
2150 2083 2229 2131 goa-

396 2132 616 2180 norrhoeis
633 2167 644 2184 ,
671 2138 715 2178 <Sc
744 2132 960 2178 methodo
982 2131 1068 2195 quai
1090 2148 1247 2177 curatae
1275 2130 1457 2178 fuerunt
1480 2131 1661 2176 abunde
1681 2131 1993 2192 conjiciuntur.

459 2199 679 2260 Prognofi’s.
708 2196 932 2242 Abscessus
959 2197 1103 2260 quivis
1132 2197 1179 2240 iii
1207 2197 1398 2261 perinaeo
1417 2194 1686 2260 periculosus
1705 2230 1717 2248 ,
1739 2196 1842 2259 quia
1872 2212 2016 2260 partes
2034 2194 2227 2258 glandu-

397 2261 507 2309 losas
527 2261 659 2307 afficit
674 2296 685 2313 ,
708 2279 812 2324 quas
831 2262 886 2307 ad
913 2262 1164 2307 cicatricem
1182 2261 1422 2325 perducere
1442 2260 1575 2306 facile
1597 2278 1687 2307 non
1708 2263 1780 2307 est.

458 2327 521 2372 Et>
540 2325 821 2391 periculosior
840 2366 852 2380 ‚
874 2326 962 2388 quo
990 2330 1129 2385 major
1158 2331 1203 2372 δέ
1222 2325 1489 2390 profundior
1505 2344 1517 2378 ·,
1535 2326 1639 2370 hinc
1661 2325 1992 2389 periculosiores
2012 2322 2227 2369 abscessus

400 2391 687 2438 vesicularum
709 2391 1042 2438 seminar-iarum
1071 2396 1116 2437 δέ
1133 2392 1423 2455 prostatarum
1438 2425 1451 2443 ‚
1471 2390 1604 2454 quam
1623 2391 1935 2454 glandularum
1950 2389 2223 2453 Cowperia-

401 2475 570 2503 narum.

465 2519 844 2567 Pei·iculofissimus
860 2554 871 2572 ,
892 2520 921 2565 si
950 2538 1026 2584 pus
1050 2520 1304 2567 conclusum
1326 2519 1490 2566 diutius
1515 2519 1648 2565 lateat
1664 2553 1676 2572 ,
1692 2519 1794 2582 quia
1814 2519 1918 2564 hinc
1933 2515 2163 2581 multiplex
2181 2522 2228 2563 δεῖ

402 2584 588 2632 callosus
613 2586 725 2630 sinus
753 2586 1060 2649 progerminat
1078 2619 1089 2637 ,
1110 2603 1200 2648 quo
1220 2585 1408 2632 urethrae
1429 2584 1697 2649 principium
1716 2617 1732 2637 ,
1752 2584 1899 2649 podex
1919 2589 1965 2630 ἃ
1984 2584 2226 2647 perinaeuui

402 2649 691 2695 multifariam
712 2665 1071 2713 corrumpuntur.

467 2714 605 2760 Ulcus
624 2729 858 2760 externum
880 2721 923 2760 ὃ(
944 2712 1184 2760 fistulosum
1215 2713 1394 2778 perinaei
1419 2711 1538 2759 haud
1569 2711 1993 2764 fracilefinternum,
2023 2711 2148 2774 quod
2179 2711 2230 2756 in

401 2779 628 2825 urethram
647 2795 848 2842 apertum
866 2780 925 2824 est
942 2812 954 2830 2
977 2777 1240 2824 difficillime
1259 2795 1435 2824 curatur
1453 2797 1464 2832 3
1486 2783 1531 2823 δε
1551 2792 1759 2824 neutrum
1789 2775 1884 2823 fere
1913 2793 2131 2838 unquam,
2149 2775 2234 2821 nil}⁴

403 2843 543 2888 inciso
570 2844 761 2907 perinaeo
783 2848 827 2888 &
855 2843 1027 2889 detecta
1044 2843 1191 2888 morbi
1212 2842 1329 2888 sede.

468 2908 736 2972 Multi-plicia
758 2913 802 2954 δε
821 2907 1006 2954 fistulosa
1028 2908 1204 2972 perinaei
1224 2907 1372 2953 ulcera
1386 2940 1398 2959 ,
1415 2923 1509 2970 quae
1524 2923 1624 2951 cum
1644 2904 1824 2951 urethrd
1854 2910 1901 2951 &
1919 2922 2005 2951 ano
2024 2920 2230 2951 commu-

404 2972 556 3018 nicant
575 3006 588 3024 ‚
609 2973 682 3017 vix
711 2972 880 3018 debent
910 2972 1105 3019 curanda
1130 2971 1314 3036 suscipi,
1339 2971 1439 3018 cum
1471 2990 1564 3018 non
1591 2971 1722 3018 liceat
1751 2971 1933 3016 intimos
1973 2969 2123 3015 morbi
2156 2984 2229 3015 re-

405 3038 541 3082 ceffus
562 3035 852 3100 perscrutari,
875 3037 963 3083 fine
983 3056 1074 3100 quo
1095 3053 1243 3084 tamen
1271 3036 1439 3082 luditur
1470 3053 1605 3100 opera
1624 3069 1640 3088 ,
1660 3035 1731 3082 vel
1763 3034 1917 3081 saltem
1946 3051 2037 3082 non
2069 3033 2230 3083 liceat,

406 3101 482 3144 nisi
518 3119 619 3146 cum
650 3101 839 3145 maxima
868 3103 1057 3164 partium
1087 3101 1400 3165 deperditione
1429 3135 1441 3153 ‚
1470 3107 1514 3147 &-
1545 3099 1757 3146 incisione
1793 3098 2026 3162 multiplici
2060 3130 2072 3149 ‚
2105 3095 2229 3158 quod

410 3162 577 3227 semper
596 3163 891 3230 periculosum
911 3168 984 3213 est.
1016 3167 1212 3215 Proinde
1246 3164 1535 3229 utplurimum
1555 3164 1685 3212 satius
1717 3165 1776 3213 est
1798 3166 2070 3227 palliativam
2105 3176 2231 3207 cura-
