2477 3643
150 285 218 318 ‘teae
235 285 381 317 accom-

147 332 339 369 modatum

141 396 184 421 ex
197 383 377 437 analogia.

148 1836 380 1890 Hydrargy-

149 1901 231 1926 rum
257 1903 380 1940 prim1s

148 1940 217 1978 luis
234 1954 345 1979 vene-

149 2004 217 2030 Iex
232 2006 378 2046 tesslpo·

143 2045 247 2081 sibus
264 2047 295 2082 in
315 2058 378 2082 un-

148 2109 282 2147 guenta
310 2098 379 2136 ad—

148 2146 304 2203 ini-[sum.

163 3249 234 3292 Sed
250 3248 391 3304 pateis-

419 203 515 245 ·120
802 200 910 246 DE
971 192 1343 248 Mo'Rssts
1413 201 1949 248 VENERssis.

420 289 511 337 get.
543 273 663 321 Cum
689 274 854 322 scirent
873 277 995 324 enim
1017 276 1218 330 Medici,
1242 275 1321 339 qui
1342 276 1494 340 primis
1512 275 1595 323 luis
1615 293 1814 324 venereae
1831 275 2108 341 temporibus
2125 277 2253 327 vixeae‘

421 354 526 384 runt
546 374 558 392 ‚
580 356 809 404 unguenta
836 341 1113 389 mercurialis.
1141 341 1196 387 ad
1216 342 1530 405 impetiginem
1548 377 1560 394 ,
1580 342 1812 406 herpetem
1827 375 1840 395 ‚
1862 341 2054 388 scabiem
2068 375 2081 394 ,
2096 343 2258 408 phleg-

419 422 492 450 ma
518 401 677 450 salsum
691 439 705 459 ,
725 406 891 452 malum
910 423 1137 453 mortuum
1153 440 1166 458 ‚
1186 404 1450 469 caeterasque
1470 407 1581 452 cutis
1601 406 1919 453 defaedationes
1939 440 1951 458 ‚
1985 422 2080 453 tum
2099 407 2155 453 ab
2177 426 2257 455 an·-

420 469 486 533 tiq
517 468 688 516 ioribus
713 471 905 517 Medicis
950 475 1037 531 jam
1071 471 1247 534 pridem
1290 488 1392 517 cum
1433 471 1623 518 succeffu
1657 470 1857 518 adhibita
1900 470 2060 523 fuiffe,
2095 487 2189 518 tum
2227 471 2254 517 εὶ

419 532 511 598 seip
528 549 563 581 is
591 534 797 597 quotidie
826 535 1015 582 feliciter
1049 534 1285 587 adhiberi,
1323 535 1431 582 inde
1472 554 1664 600 pronum
1701 535 1798 599 ipfis
1839 534 1925 581 fuit
1964 535 2053 580 haec
2099 537 2257 583 eadem

424 599 767 646 accommodare
796 600 852 646 ad
881 600 1158 646 curationem
1188 599 1337 645 morbi
1363 599 1473 647 novi
1499 633 1512 652 ,
1547 605 1665 662 cujus
1689 600 1821 646 initio
1856 600 2073 664 praecipua
2112 600 2275 665 sympae

432 678 602 710 tomata
639 670 683 710 &
706 665 896 711 maxime
923 665 1057 710 obvia
1080 664 1252 730 pustulae
1280 681 1407 711 erant
1424 699 1436 716 ‚
1462 683 1510 710 ac
1545 663 1788 711 cacoethea
1816 664 2036 710 ulcuscula
2054 697 2067 716 ‚
2090 664 2254 728 quibus

425 728 535 774 cutis
564 728 881 792 deturpabatur
899 762 913 783 ‚
944 745 1075 792 atque
1096 729 1209 775 adeo
1233 729 1312 793 qui
1338 730 1361 775 a
1381 729 1527 777 scabie
1546 764 1559 782 ,
1578 729 1762 795 herpete
1781 762 1797 781 ,
1816 729 1931 775 malo
1956 745 2137 776 mortuo
2163 734 2252 776 &c.

426 792 579 858 parum
608 791 792 840 differre
824 793 1106 840 credebatur.

484 856 660 904 Poffent
686 858 732 903 in
759 859 1057 905 testimonium
1084 858 1248 904 adduci
1270 857 1446 904 Medici
1475 857 1606 904 multi
1637 862 1682 903 &
1707 856 1903 904 celebres
1925 891 1936 909 ,
1965 857 2126 920 quibus
2154 856 2253 922 ple-

423 920 568 984 risque
600 923 682 968 luis
712 940 913 971 venerea:
951 924 1134 971 exordia
1168 923 1322 970 videre
1362 923 1552 986 contigit
1572 957 1583 975 ‚
1624 938 1672 967 ut
1709 921 1874 986 Gaspar
1896 923 2109 975 Torella,
2135 940 2252 968 anno

428 1003 563 1047 ¹500·
602 991 645 1032 in
683 990 860 1050 Dialogo
894 989 942 1034 de
967 991 1124 1034 Dolore
1161 992 1201 1034 in
1241 988 1554 1052 pudendagrah
1597 985 1884 1033 Wendelinus
1918 984 2057 1031 Hock
2083 1020 2096 1038 ,
2136 1003 2252 1032 anno

428 1067 565 1112 ¹5¹4·
604 1055 674 1095 De
703 1052 863 1098 Morbo
896 1056 1058 1099 Gallico
1081 1092 1094 1106 ,
1123 1068 1213 1117 cop.
1249 1070 1299 1115 15-
1327 1053 1517 1104 Iacobus
1550 1054 1775 1098 cataneus
1794 1051 1851 1097 de
1879 1056 1998 1097 Lacu
2011 1051 2219 1096 Marcino
2238 1084 2254 1103 ‚

423 1132 542 1160 anno
567 1132 580 1159 1
600 1123 702 1177 516.
732 1118 957 1162 Τναὲῗαιιῖς
985 1119 1033 1162 de
1054 1119 1212 1164 Morbo
1233 1119 1395 1164 Gallico
1429 1132 1520 1180 cap.
1539 1136 1580 1175 7.
1615 1119 1808 1169 Ioannes
1832 1115 2074 1161 Manardus
2091 1149 2104 1168 ,
2134 1115 2253 1162 circa

424 1196 591 1225 annum
629 1197 643 1223 1
661 1199 676 1242 ς
692 1198 713 1226 2
728 1198 745 1244 5
760 1214 769 1224 .
799 1184 840 1226 in
867 1181 1050 1246 Epistola?
1073 1183 1132 1226 ad
1157 1183 1416 1228 Michaelem
1447 1188 1480 1227 S
1487 1197 1707 1226 antemnam
1727 1219 1742 1234 ,
1764 1187 1800 1227 C
1804 1181 2037 1244 hirurgum;
2061 1183 2255 1233 Ioannes

421 1243 684 1290 Benedictus
703 1278 716 1297 ,
748 1245 865 1291 circa
885 1264 1051 1292 annum
1077 1264 1091 1290 1
1110 1266 1123 1307 5
1142 1264 1208 1307 50.
1228 1251 1300 1292 De
1323 1244 1481 1293 Morbo
1504 1248 1666 1291 Gallico
1683 1284 1699 1299 ‚
1729 1261 1822 1309 cap.
1842 1265 1885 1304 4.
1914 1244 2097 1291 Gabriel
2116 1245 2256 1291 Fano-

421 1308 519 1372 pius
537 1341 550 1361 ,
572 1326 689 1354 anno
716 1318 839 1370 1560.
874 1316 946 1357 De
977 1310 1137 1357 Morbo
1159 1313 1350 1363 Gallico,
1381 1324 1472 1373 cap.
1503 1317 1573 1367 76.
1600 1310 1688 1356 Sed
1713 1327 1849 1356 unum
1882 1309 2013 1355 instar
2049 1309 2255 1356 omnium

423 1371 509 1418 effe
529 1373 687 1419 censeo
712 1377 932 1426 Ioannem
959 1375 1016 1421 de
1038 1376 1155 1437 Vigo
1175 1408 1186 1426 ‚
1217 1375 1295 1437 qui
1325 1373 1611 1437 Chirurgiam
1642 1391 1740 1420 cum
1767 1373 1896 1420 laude
1925 1375 2124 1420 exercuit
2142 1407 2155 1427 ,
2176 1374 2255 1438 qui

421 1435 501 1500 ipfi
536 1437 687 1483 morbi
722 1441 906 1487 venerei
935 1438 1145 1503 ingressui
1171 1455 1414 1485 coaetaneus
1440 1438 1553 1484 vixit
1571 1473 1583 1491 ,
1603 1439 1681 1502 qui
1707 1440 1966 1485 Tradhamm
2001 1438 2058 1485 de
2089 1439 2253 1485 eodem

420 1500 584 1548 affectu
605 1504 721 1549 circa
737 1520 903 1550 annum
929 1522 944 1549 1
963 1523 1069 1568 503.
1091 1503 1345 1568 conscripsit
1364 1537 1376 1555 ‚
1397 1502 1474 1549 ubi
1493 1503 1548 1548 sic
1569 1503 1773 1567 expressis
1795 1503 1996 1549 terminis
2016 1503 2218 1566 loquitur
2239 1537 2252 1556 ,

421 1568 617 1612 Prab'licae
640 1568 737 1614 Lib.
759 1586 791 1629 5.
825 1571 873 1614 de
889 1569 1049 1616 Morbo
1072 1571 1234 1614 Gallico
1256 1607 1269 1621 ‚
1296 1583 1386 1632 cap.
1409 1590 1439 1627 3.
1470 1571 1682 1631 Qicqm'd
1705 1569 1795 1612 boni
1823 1572 2032 1613 inventum
2054 1569 2139 1627 fm't
2167 1566 2253 1614 taim

424 1630 474 1676 de
495 1631 688 1677 localibus
704 1671 719 1685 ,
738 1631 858 1695 qm‘zm
878 1632 1174 1692 univerfizlibus
1192 1635 1357 1678 auxiliis
1374 1647 1450 1696 pro
1478 1636 1683 1677 curatione
1717 1633 1943 1690 hujusmodi
1959 1632 2112 1678 Morbi
2139 1634 2252 1677 Gal-

423 1696 496 1740 lici
514 1732 528 1746 ,,
562 1699 577 1749 (
607 1697 658 1741 &⁴
687 1697 801 1742 crede
819 1698 920 1749 mihi
951 1712 1142 1759 tanquam
1176 1711 1339 1759 experto
1370 1701 1412 1742 in
1441 1699 1518 1742 tali
1540 1702 1617 1753 re)
1650 1695 1941 1741 &Theodorias
1960 1695 2173 1760 Capitulo
2191 1696 2252 1742 de

423 1758 542 1804 malo
562 1776 742 1806 mortuo
760 1795 773 1813 ‚
792 1760 842 1807 <⁷9²⁹
865 1763 1062 1808 Arnaldo
1090 1761 1138 1805 de
1157 1766 1204 1805 V
1203 1764 1385 1806 illanova
1411 1760 1623 1824 Capitulo
1638 1761 1694 1806 de
1714 1760 1816 1805 cura
1834 1758 1998 1806 scabiei
2016 1766 2255 1825 accepimus·

488 1824 659 1871 Debuit
697 1824 800 1871 sane
824 1827 1074 1872 Mercurius
1104 1825 1150 1869 in
1184 1841 1411 1887 unguenta
1441 1825 1496 1871 ad
1528 1825 1647 1874 luem
1682 1842 1919 1871 veneream
1942 1824 2141 1871 citiffime
2164 1826 2247 1871 ad-

425 1888 544 1934 mitti
564 1922 576 1940 ,
597 1895 642 1936 &
661 1889 715 1935 ab
737 1889 833 1954 ipso
853 1891 1002 1936 morbi
1020 1888 1215 1953 ingressu
1233 1923 1245 1940 ,
1269 1889 1370 1934 cum
1391 1889 1563 1935 Gilinus
1586 1895 1627 1935 in
1657 1892 1864 1953 Opnsculo
1899 1890 1946 1934 de
1966 1890 2128 1936 Morbo
2144 1893 2252 1936 Gal-

426 1955 503 1999 lico
524 1992 538 2007 ‚
558 1971 674 1999 anno
701 1973 834 2012 1497.
871 1956 1055 2001 Torella
1085 1960 1126 2000 in
1156 1957 1360 1999 Traaam
1381 1955 1429 1998 a'e
1450 1952 1755 2018 Pudendagrd,
1780 1971 1897 1999 anno
1937 1959 2072 2011 1498.
2109 1954 2254 2018 Aqui-

426 2017 550 2063 lanus
585 2024 627 2063 in
643 2022 846 2064 Traffatu
869 2020 917 2065 de
943 2019 1102 2067 Adorbo
1126 2020 1287 2064 Gallico
1306 2056 1320 2072 ,
1352 2035 1468 2065 anno
1488 2018 1651 2065 eodem
1683 2018 1948 2064 Benivenius
1976 2024 2019 2063 in
2040 2018 2170 2064 Libro
2200 2019 2251 2064 de

425 2082 573 2128 abditis
602 2082 821 2128 morborum
842 2085 967 2143 causis
986 2123 1000 2138 ,
1021 2100 1139 2129 anno
1166 2100 1179 2126 1
1197 2101 1299 2145 507.
1325 2082 1612 2128 Wendelinus
1632 2080 1772 2128 Hock
1806 2086 1847 2127 in
1870 2082 1997 2127 Libro
2025 2083 2072 2126 de
2090 2082 2253 2128 Morbo

424 2150 587 2193 Gallico
608 2185 623 2201 ,
649 2162 740 2210 cap.
770 2164 823 2210 ¹5·
868 2165 985 2194 anno
1021 2165 1160 2212 1514.
1209 2163 1434 2210 unguenta
1478 2147 1599 2193 varia
1636 2146 1919 2194 mercurialia
1968 2145 2149 2193 laudent
2180 2147 2254 2195 vel

421 2228 689 2279 proponant.
2074 2273 2079 2276 Π

482 2277 659 2322 Idcirco
691 2275 764 2321 vix
791 2275 838 2321 in
865 2293 963 2323 eam
996 2276 1258 2340 opinionem
1296 2275 1459 2322 adduci
1494 2275 1666 2340 possum
1696 2308 1708 2327 ‚
1754 2290 1803 2321 ut
1841 2291 1994 2339 putem
2030 2277 2255 2328 Ioannem

423 2343 651 2405 Carpum,
680 2339 751 2388 seu
783 2356 831 2386 ut
863 2359 970 2387 vero
1004 2341 1188 2387 nomine
1222 2340 1440 2406 appellem
1464 2374 1476 2392 ,
1508 2344 1729 2394 Joannem
1762 2340 2077 2402 Berengarium
2097 2373 2110 2392 ,
2143 2343 2255 2387 Car-

422 2406 606 2470 pensem
627 2440 638 2458 ‚
668 2406 901 2452 Medicum
935 2411 980 2451 &
1012 2405 1305 2452 Professor-em
1335 2404 1586 2468 Chirurgiae
1618 2403 1934 2456 Ticinensem,
1965 2405 2182 2450 Mercurii
2206 2406 2254 2452 in

427 2470 625 2518 curanda
647 2471 717 2516 lue
745 2469 934 2516 venerea
954 2470 1199 2516 adhibendi
1219 2470 1411 2534 primum
1432 2471 1719 2517 inventorem
1738 2468 1865 2515 fuiffe
1883 2503 1894 2521 ‚
1918 2486 1991 2514 aut
2009 2485 2057 2513 ut
2085 2470 2143 2514 ait
2160 2470 2255 2516 Fal-

427 2534 577 2599 lopius
593 2569 604 2588 ,
630 2540 701 2580 De
725 2535 885 2581 Morbo
905 2537 1066 2580 Gallico
1086 2574 1099 2588 ‚
1130 2549 1221 2598 cap.
1239 2543 1308 2593 76.
1327 2535 1454 2594 solum
1476 2537 1628 2595 colmſj}
1645 2535 1839 2594 secretam
1873 2534 1979 2580 hanc
1997 2534 2254 2580 medicinam.

426 2599 519 2646 Sed
555 2599 686 2646 facile
726 2598 997 2645 crediderim
1034 2604 1078 2644 &
1110 2598 1230 2644 hunc
1270 2605 1315 2645 &
1345 2601 1567 2652 Ioannem
1608 2599 1664 2644 de
1698 2599 1815 2661 Vigo
1846 2597 1949 2642 huic
1985 2613 2254 2644 coaetaneum

429 2665 634 2727 egregios
657 2662 784 2709 fuisse
810 2663 1080 2709 mercurialis
1106 2663 1339 2726 therapeiae
1367 2679 1650 2726 promotores
1668 2696 1679 2714 ‚
1698 2665 1775 2725 qui
1794 2662 1844 2709 ea
1871 2662 2090 2707 methodo
2110 2680 2254 2725 aegro-

428 2743 573 2774 rantes
598 2727 950 2791 quamplurimos
986 2728 1203 2773 curandos
1232 2727 1501 2791 susceperint
1519 2761 1530 2778 ‚
1553 2733 1597 2773 &
1619 2727 1812 2791 perfecte
1834 2726 2084 2771 sanaverint
2100 2760 2112 2779 ‚
2134 2728 2255 2775 unde

431 2791 513 2838 fibi
542 2791 856 2856 comparavere
880 2797 925 2837 ὅ(
943 2791 1106 2837 famam
1137 2798 1181 2837 &
1209 2791 1388 2837 divitias
1408 2792 1589 2855 opimas.
1621 2796 1786 2838 Narrat
1810 2791 1929 2836 enim
1956 2790 2169 2855 fallopius
2195 2793 2254 2839 de

430 2857 607 2911 Iacobo
626 2855 836 2919 Carpenfi
866 2859 948 2902 loco
964 2858 1131 2902 laudato
1151 2895 1164 2909 ,
1185 2861 1243 2902 ita
1261 2859 1484 2921 opulentum
1507 2857 1708 2902 redditum
1735 2857 1852 2916 fmffi’
1870 2857 1954 2914 solo
1987 2857 2056 2900 illo
2080 2856 2221 2918 questu·
2236 2895 2253 2911 ‚

431 2937 477 2968 m
495 2926 659 2968 moriens
677 2922 831 2978 testatus
850 2922 979 2980 fite-rit
1007 2936 1258 2966 numeratam
1282 2925 1494 2984 pecuniam
1521 2938 1692 2975 40000.
1717 2923 1964 2981 shutatornm
1983 2959 2000 2973 ‚
2025 2934 2168 2984 proter
2183 2938 2252 2965 ar-

429 3001 610 3048 genteam
636 2990 843 3031 materiam
863 3024 877 3039 ,
908 3004 989 3048 qnae
1019 2990 1150 3031 omnia
1171 2990 1287 3031 Duci
1304 2989 1506 3031 ferrariae
1540 2988 1730 3047 reliquit3
1763 2988 1884 3032 omnis
1916 2988 2018 3030 enim
2052 3003 2161 3046 aqna
2192 2986 2254 3032 ad

431 3067 543 3096 mare
575 3055 717 3096 currit.
747 3053 940 3102 Ioannes
972 3049 1080 3095 vero
1111 3050 1166 3096 de
1197 3050 1314 3114 Vigo
1345 3050 1481 3097 refert
1504 3049 1595 3114 ipse
1615 3084 1627 3101 ‚
1658 3053 1849 3096 Prafficae
1875 3047 1947 3093 lib.
1970 3067 2001 3110 5.
2037 3063 2127 3112 cap.
2151 3067 2185 3094 2.
2204 3052 2259 3108 se„

434 3129 611 3160 ceratum
642 3114 903 3161 mercuriale
917 3113 997 3174 sm?
1025 3116 1278 3178 descriptione
1308 3117 1534 3161 ordinatum
1554 3118 1695 3160 millies
1714 3130 1920 3179 expertum
1929 3112 2049 3172 fniffi’
2069 3131 2156 3159 cum
2174 3114 2248 3160 ho·-

433 3195 525 3223 mre
543 3179 594 3225 (ῥ’
615 3181 788 3224 utilitate
803 3198 879 3223 non
892 3180 1051 3243 parvi.

493 3242 627 3291 Initio
653 3242 838 3308 quidem
865 3244 1036 3292 Medici
1062 3243 1341 3293 Mercurium
1369 3243 1418 3292 in
1436 3243 1674 3308 unguentis
1700 3239 1937 3289 cautiflime
1967 3242 2213 3290 adhibuere
2232 3276 2247 3296 ‚

1239 3336 1242 3339 ,
2152 3310 2250 3372 post
