2477 3643
633 131 887 179 Lrnt-:R
950 130 1329 179 l'aeCAvur
1400 137 1601 182 VI‘II.
1975 144 2040 208 ἧς

215 210 466 260 Ξηῑιηεῑῄῑιιῃ
485 226 625 275 genus
645 211 691 258 in
713 229 926 258 venerem
955 229 1147 275 pronum
1165 214 1225 259 est
1244 246 1257 266 ,
1292 215 1482 279 contigit
1500 217 1665 282 pluries
1683 219 1804 267 viros
1824 240 1923 270 cum
1945 241 2044 273 mu·-

217 276 427 329 lietibus‚
456 293 641 339 quarum
670 291 845 322 uterum
867 277 983 322 ulcus
1005 275 1349 341 depascebatur,
1380 298 1471 327 rem
1497 282 1694 332 habuisse
1728 284 1817 332 fine
1846 289 1937 334 ullo
1960 291 2043 338 luis

217 358 417 388 venereae
448 340 762 388 contrahendae
795 341 995 405 periculo
1014 375 1026 393 ‚
1063 341 1201 388 modo
1238 343 1338 408 ipsa:
1370 345 1507 393 effent
1540 348 1638 394 talis
1661 347 1774 395 labis
1807 351 1934 416 plane
1963 373 2044 402 ex-

215 422 375 470 pertes.

277 470 363 516 Sed
394 469 554 516 incidit
584 468 629 516 in
665 468 862 515 animum
884 469 1073 534 suspicio
1087 504 1100 524 ,
1122 488 1203 519 nec
1219 490 1334 519 vana
1351 472 1503 521 forsan
1517 508 1530 528 ‚
1547 475 1915 542 Elephantiacum
1939 484 2044 529 Ma·-

216 535 345 580 nardi
364 569 375 586 ‚
396 533 588 598 leprosas
608 533 811 580 foeminas
833 535 1064 580 Matthioli
1082 569 1096 588 ,
1129 538 1413 585 meretricem
1434 540 1583 588 ulcere
1614 543 1730 589 uteri
1759 544 2041 593 laborantem

213 600 455 645 Brass‘avoli
472 633 485 651 ,
521 600 638 645 luem
660 616 898 646 veneream
911 633 923 651 ,
950 617 1085 662 quam
1099 628 1114 640 ·
1120 604 1208 661 jam
1226 620 1542 650 contraxerant
1558 639 1571 658 ‚
1603 608 1775 671 pudore
1793 642 1804 661 ‚
1839 610 2007 656 malitia
2026 643 2040 664 ‚

215 679 288 708 aut
309 664 561 727 ignorantia
580 662 691 709 falso
711 664 894 710 nomine
914 663 1115 710 celaviffe
1130 699 1142 717 ‚
1158 682 1204 711 ut
1222 684 1298 730 per
1318 669 1467 714 morbi
1486 670 1614 716 initia
1632 671 1895 719 facillimum
1915 692 2038 727 erat3

209 744 306 791 quae
326 727 354 772 fi
372 729 434 774 ita
452 727 533 773 sint
551 768 566 784 ,
585 728 705 773 haud
726 728 827 774 sane
849 728 1011 774 mirum
1033 729 1120 775 erit
1137 732 1439 778 contaminata
1457 746 1623 782 venere
1643 737 1853 783 morbum
1881 757 2040 804 propa-

211 809 368 855 gatum
388 792 514 839 fuiss'e
535 826 547 845 ,
571 791 647 839 sed
666 793 829 838 mirum
848 793 933 839 erit
955 795 1269 842 tantummodo
1288 798 1496 852 Medicos
1523 799 1587 846 sui
1617 802 1697 848 aevi
1718 801 2042 850 celeberrimos

217 856 268 902 id
296 875 577 921 nequaquam
599 856 890 904 subolfecisse„

272 925 327 984 3⁹.
362 927 420 968 At
437 922 590 968 {altem
613 922 767 968 mirari
789 921 888 968 satis
908 939 1000 968 non
1021 922 1241 988 possumus
1262 941 1336 971 aut
1353 926 1598 992 Pallopium
1612 964 1624 982 ‚
1643 931 1720 993 qui
1743 931 1855 994 aquil
1875 948 2042 996 puteo-

214 1004 312 1032 rum
335 986 388 1032 ab
409 986 621 1051 Hispanis
642 987 859 1033 venenata
876 1021 889 1039 ,
910 988 978 1034 vel
999 987 1135 1052 gypso
1156 990 1179 1034 εὶ
1200 989 1433 1053 pistoribus
1455 995 1572 1040 Italis
1597 996 1701 1060 pani
1734 996 1889 1057 addito
1915 1016 1926 1050 3
1962 1013 2040 1044 aut

208 1049 505 1115 Caesalpinum
522 1085 534 1104 ,
553 1051 631 1115 qui
652 1051 758 1097 vino
778 1084 789 1103 ,
827 1052 899 1097 cui
923 1052 1095 1115 sanguis
1121 1054 1145 1098 a
1165 1053 1343 1118 leprosis
1378 1056 1559 1105 edudtus
1579 1060 1740 1106 mixtus
1773 1060 1880 1106 effet
1897 1094 1910 1114 ‚
1944 1080 2040 1109 cre-

210 1115 422 1162 diderunt
454 1117 573 1162 luem
605 1132 845 1162 veneream
882 1116 931 1161 in
966 1118 1201 1163 Gallorum
1233 1120 1431 1166 exercitu
1469 1125 1653 1169 excitari
1684 1125 1885 1188 potuisse.
1926 1127 2039 1174 Inde

207 1179 311 1226 sane
335 1185 381 1226 &
398 1198 553 1243 graves
574 1179 819 1226 &lethales
841 1180 1018 1227 affe-stus
1048 1182 1203 1227 induci
1231 1198 1355 1229 certo
1388 1186 1548 1232 certius
1575 1189 1634 1234 est
1656 1208 1665 1232 :
1686 1189 1757 1235 Sic
1786 1191 1843 1234 C.
1869 1193 2039 1236 Procu-

208 1243 317 1290 leius
337 1245 517 1307 Augusti
539 1244 720 1289 Caesaris
756 1245 985 1290 familiaris
1012 1245 1149 1309 gypso
1187 1263 1294 1310 poto
1324 1248 1373 1293 in
1406 1252 1600 1297 maximo
1629 1253 1842 1298 stomachi
1878 1253 2041 1303 dolore

203 1308 495 1369 mortemjlibi
516 1308 626 1354 olim
645 1307 863 1354 conscivit
880 1342 892 1361 ‚
913 1311 1017 1356 teste
1037 1310 1180 1356 Plinio
1199 1344 1211 1363 ‚
1235 1311 1395 1369 Htstor.
1415 1318 1624 1362 Natural.
1645 1317 1743 1365 Lib.
1766 1325 1826 1379 36.
1847 1333 1939 1382 cap.
1964 1337 2040 1378 24.

180 1373 280 1419 usic
307 1374 534 1436 quondam
558 1372 716 1419 misere
750 1373 882 1438 periit
913 1374 1007 1420 fere
1042 1390 1158 1420 totus
1178 1379 1506 1423 Germanorum
1541 1382 1757 1427 exercitus
1775 1414 1789 1434 ,
1825 1386 1902 1444 qui
1926 1384 2042 1431 duce

202 1438 426 1484 Conrado
466 1443 566 1484 111.
614 1442 891 1502 Imperatore
931 1440 1199 1486 Germanico
1221 1473 1233 1492 ‚
1253 1443 1457 1488 Iconium
1488 1443 1717 1491 obfide-bat
1739 1463 1857 1492 anno
1901 1465 1917 1492 1
1934 1455 2039 1506 148,

203 1502 307 1549 cum
335 1502 520 1568 perfidia
547 1502 846 1549 Emmanuelis
879 1505 1165 1569 Imperatoris
1194 1507 1682 1573 Constantinopolitani
1715 1510 1868 1556 fariuae
1901 1512 2042 1578 gypso

204 1568 460 1614 adulteratae
479 1566 924 1614 subministrarentur.
959 1569 1063 1615 Vid.
1080 1570 1319 1616 Funccium
1349 1576 1391 1617 in
1409 1574 1651 1639 Chronolog.
1685 1575 1755 1621 Sic
1775 1593 1894 1621 anno
1922 1594 1935 1621 1
1952 1595 2040 1638 321.

208 1649 426 1695 regnante
442 1633 488 1678 in
506 1632 648 1678 Gallia
662 1632 867 1696 Philippo
885 1639 939 1680 V.
954 1634 1030 1696 qui
1048 1639 1223 1698 Longus
1239 1637 1644 1698 cognominabatur
1662 1673 1674 1691 ‚
1691 1639 1848 1704 leprofi
1866 1641 2041 1693 Judaeo-

199 1714 306 1743 rum
327 1696 451 1743 suasu
469 1703 514 1743 ὃς
533 1696 958 1743 Mahumetanotum
973 1731 985 1750 ,
1006 1715 1054 1744 ut
1073 1699 1189 1744 fama
1210 1699 1383 1746 ferebat
1400 1735 1413 1753 ‚
1435 1704 1715 1750 Granatenfis
1737 1710 1783 1749 δε
1814 1708 2040 1754 Tunetani

210 1767 389 1825 Regum
407 1762 689 1825 instigatione
721 1778 878 1826 puteos
897 1780 1073 1809 veneno
1097 1763 1294 1810 infecere
1316 1799 1327 1816 ,
1348 1766 1468 1813 unde
1486 1768 1668 1831 plurimi
1684 1769 1924 1828 Christiani
1950 1772 2041 1817 mi·-

204 1826 302 1872 sere
329 1827 551 1873 interiere.
587 1826 691 1874 Vid.
733 1827 934 1872 Mezerai
967 1827 1106 1874 Abbr.
1137 1829 1379 1893 Chronolog.
1412 1831 1468 1876 ad
1501 1849 1602 1877 ann.
1647 1851 1662 1877 1
1679 1855 1695 1894 3
1711 1852 1731 1878 2
1746 1851 1759 1878 1
1773 1867 1783 1877 .
1832 1834 1919 1880 Sed
1948 1835 2040 1882 haec

200 1892 409 1956 :exemplu
426 1891 611 1955 ipsamet
631 1925 644 1943 ,
675 1907 916 1954 utcumque
951 1892 1062 1937 ratio
1095 1892 1441 1947 conticesceret,
1464 1895 1640 1943 abunde
1672 1898 1866 1962 probant
1885 1899 2037 1947 talium

205 1972 485 2002 venenorum
505 1956 655 2001 haustu
676 1955 886 2001 morbum
908 1973 1148 2019 numquam
1169 1957 1327 2003 invehi
1346 1959 1465 2022 poffe
1490 1960 1773 2025 sporadicum
1787 1997 1799 2014 ,
1820 1981 1946 2009 novae
1963 1966 2038 2010 in·-

203 2020 319 2067 dolis
339 2026 382 2066 ὃε
407 2037 569 2066 mturae
588 2054 599 2072 ‚
620 2020 785 2067 caeteris
805 2021 974 2066 morbis
993 2022 1109 2067 notis
1132 2021 1382 2069 diffimilem
1402 2057 1413 2075 ‚
1440 2026 1518 2087 qui
1541 2026 1713 2090 impura
1732 2032 1777 2072 &
1796 2028 2036 2093 vulgivagfi.

200 2103 369 2132 venere
391 2101 659 2150 propagetur
676 2119 688 2137 ‚
711 2085 894 2131 demum
911 2085 989 2149 qui
1008 2104 1084 2133 eos
1103 2104 1345 2150 numquam
1374 2089 1561 2153 attingat
1580 2125 1594 2143 ,
1630 2091 1707 2155 qui
1726 2092 1847 2140 nulla
1867 2094 1939 2140 vel
1956 2095 2037 2158 qui

199 2150 312 2215 puta
328 2150 498 2197 tantum
518 2167 683 2197 venere
702 2165 904 2195 utuntur.

274 2221 293 2261 Ι
312 2221 363 2261 V.
403 2219 588 2261 Novam
617 2214 674 2261 cle
707 2214 835 2276 hujus
863 2213 1011 2260 morbi
1034 2213 1210 2276 origine
1230 2215 1459 2262 historiam
1477 2250 1489 2269 ,
1511 2223 1559 2264 δε
1591 2218 1648 2265 ad
1668 2219 1740 2266 sua
1759 2218 1896 2284 usque
1916 2237 2034 2272 tem-

196 2297 308 2343 pora
324 2280 452 2343 plane
471 2279 716 2324 inauditam
735 2279 992 2324 Leonardus
1011 2279 1263 2325 Fioravanti
1282 2315 1294 2332 ‚
1314 2279 1506 2327 famosus
1525 2281 1604 2329 suo
1625 2299 1826 2348 tempore
1842 2285 1890 2331 in
1909 2288 2032 2334 Italia

201 2344 447 2408 Empiricus
467 2344 618 2389 retulit
647 2343 695 2388 in
715 2346 924 2388 TraCtatu
945 2343 1096 2388 Italic&
1122 2341 1284 2408 scripto
1307 2351 1351 2390 ὃς
1373 2363 1491 2392 anno
1518 2356 1652 2409 1564.
1684 2349 1808 2395 edito
1826 2383 1839 2402 ,
1868 2352 1940 2400 cui
1974 2353 2030 2399 ti-

202 2410 316 2454 tulus
338 2409 424 2460 est‚
453 2411 649 2472 Capricci
674 2408 938 2454 Medicinali
964 2407 1013 2452 de
1039 2413 1119 2453 M.
1143 2410 1359 2454 Leonardo
1393 2415 1661 2459 Pioravami.
1691 2417 1821 2460 Hanc
1854 2431 1902 2460 ut
1929 2435 2030 2464 om-

198 2491 306 2519 nem
324 2472 547 2519 mendacii
565 2470 860 2535 suspicionem
879 2471 1138 2518 amoliretur
1155 2506 1167 2524 ‚
1196 2472 1238 2519 se
1257 2475 1467 2537 accepiffe
1497 2476 1557 2521 ait
1573 2476 1598 2522 a
1617 2478 1814 2540 quodam
1835 2479 2031 2529 paschali

199 2536 453 2589 Gibilotm,
476 2536 577 2582 sene
595 2536 896 2599 Neapolitano
914 2570 926 2588 ,
954 2541 1000 2581 δε
1027 2553 1164 2582 annos
1195 2541 1283 2599 jam
1314 2554 1419 2584 nato
1441 2545 1516 2597 98.
1547 2545 1667 2602 cujus
1692 2559 1816 2606 pater
1835 2578 1848 2597 ‚
1884 2545 1908 2589 a
1938 2565 2031 2610 quo

201 2601 316 2648 filius
336 2620 430 2648 rem
450 2600 627 2647 tenebat
646 2634 658 2652 ,
679 2602 949 2647 annonarius
970 2600 1178 2665 praebitor
1193 2635 1206 2653 ‚
1242 2605 1257 2661 (
1286 2603 1421 2666 vulgo
1436 2606 1682 2652 Vivamdier
1702 2614 1715 2663 )
1754 2608 1864 2654 olim
1882 2608 2029 2657 fuerat

201 2667 318 2713 circa
343 2683 507 2712 annum
543 2672 676 2727 1456.
706 2665 751 2709 in
776 2665 975 2712 exercitu
1007 2664 1179 2711 Alfonfi
1200 2672 1255 2713 V.
1282 2669 1419 2730 Regis
1440 2670 1698 2732 Arragoniae
1716 2705 1730 2723 ,
1761 2674 1839 2735 qui
1867 2673 1924 2720 de
1942 2680 2030 2722 Re·-

200 2748 291 2793 gno
322 2730 631 2796 Neapolitano
659 2747 760 2776 cum
794 2733 970 2783 Ioanne
1001 2731 1165 2777 Renati
1187 2732 1326 2777 Ducis
1347 2734 1546 2779 Andium
1567 2734 1660 2781 filio
1692 2734 1815 2783 bello
1839 2755 2029 2787 conten-

195 2795 348 2841 debat.

264 2863 429 2907 Narrat
457 2875 567 2922 ergo
585 2891 597 2911 ‚
621 2858 721 2904 cum
748 2858 963 2908 diuturno
984 2857 1064 2903 illo
1091 2857 1214 2904 bello
1244 2859 1433 2906 obsonia
1461 2876 1555 2906 tum
1574 2862 1667 2908 His
1691 2864 1784 2909 anis
1804 2879 1899 2910 tum
1920 2866 2030 2912 Gal-

196 2923 249 2969 lis
266 2920 525 2970 defecissent
543 2956 555 2974 ,
583 2922 810 2985 utriusque
840 2922 1055 2968 exercitus
1081 2922 1340 2985 praebitores
1367 2925 1480 2970 lucri
1500 2925 1627 2971 causa
1647 2883 1723 2973 ἑά
1747 2927 1909 2975 scelere
1928 2930 2028 2994 pes-

196 2987 306 3034 simo
326 2988 632 3036 humanorum,
651 2986 919 3032 cadaverum
936 3003 1088 3032 carnes
1106 2987 1219 3031 clam
1238 2986 1420 3034 succisas
1438 2990 1483 3033 in
1505 2990 1625 3035 varia
1640 2990 1843 3037 escarum
1862 3011 2026 3056 genera

198 3052 434 3117 apparasse,
448 3068 543 3114 quae
564 3050 777 3096 militibus
793 3050 1087 3096 esurientibus
1104 3051 1203 3096 care
1221 3050 1584 3099 divendebantur
1601 3073 1609 3098 z
1626 3056 1735 3102 Inde
1752 3056 1880 3103 brevi
1896 3074 2027 3121 quot-

199 3134 390 3179 cumque
423 3132 512 3161 tam
531 3115 744 3162 feralibus
770 3113 876 3160 escis
900 3116 1015 3162 vesci
1036 3114 1224 3178 contigit
1238 3149 1252 3168 ‚
1273 3117 1447 3180 pustulis
1464 3151 1477 3169 ,
1510 3117 1741 3166 doloribus
1759 3155 1772 3172 ,
1796 3122 1993 3186 alopecia
2008 3157 2025 3176 ‚

196 3199 289 3231 uuo
320 3180 464 3229 verbo
489 3182 562 3229 lue
580 3179 769 3229 venerea
789 3179 845 3227 ad
865 3197 1002 3228 unum
1027 3179 1122 3229 fere
1142 3197 1297 3231 omnes
1322 3197 1551 3248 correptos
1570 3182 1696 3232 fuiffe
1721 3205 1731 3231 :
1752 3185 1903 3235 Gallos
1921 3188 2023 3253 qui-¹

1698 3254 1726 3297 F
1754 3254 1804 3314 uj

2080 2241 2146 2281 IV.
2167 2243 2222 2281 Ab
2240 2241 2313 2281 hu«

2079 2296 2180 2333 1nan3
2207 2307 2315 2333 carne

2078 2346 2111 2382 in
2140 2347 2259 2384 escam

2077 2400 2269 2450 apparata.

2140 2459 2261 2501 15642
