2477 3643
549 132 1315 182 L1amv.szcunnm
1369 133 1542 179 XVI.
1875 151 1971 201 439

138 217 310 269 fllinire
347 214 463 264 infra
488 214 652 281 scripto
680 213 915 262 linimento
932 247 944 267 ,
975 229 1049 261 aut
1076 213 1180 262 loco
1211 212 1434 262 linimenti
1457 227 1657 260 ceratum
1685 212 1920 280 imponere
1943 239 1968 258 e·

144 285 193 332 in
222 281 415 330 brachiis
442 285 486 327 δε
517 278 637 326 tibiis
664 279 796 326 semel
825 296 898 326 aut
924 279 989 326 bis
1015 279 1061 326 in
1089 279 1163 328 die
1182 312 1194 332 ,
1225 278 1369 326 donec
1393 277 1547 325 dentes
1572 277 1724 326 dolere
1745 280 1921 344 incepe-
1941 293 1986 320 ³·x
2004 317 2030 320 --

146 349 238 396 rint
261 380 274 405 ‚
306 352 351 394 ὅ(
381 343 482 392 curn
510 344 663 392 dentes
695 343 851 391 dolere
881 344 1160 408 inceperint,
1191 359 1296 390 tunc
1329 342 1515 390 cessatur
1546 341 1601 389 ab
1631 342 1919 397 inumstione,
1943 366 1967 382 cc

143 417 193 461 δέ
214 410 255 459 se
272 410 464 458 calidum
483 425 632 457 teneat
653 409 798 455 donec
823 409 961 455 fluxus
982 409 1246 473 phlegmatis
1267 409 1397 456 cess'et
1416 426 1491 473 per
1510 407 1728 472 gingivas.
1749 429 1773 448 e«

208 485 275 523 60.
309 479 566 539 Utrumque
601 479 646 520 δε
677 474 962 521 linimentum
995 479 1048 520 &·
1071 490 1267 521 ceratum
1299 474 1473 538 argenti
1501 473 1595 520 vivi
1625 471 1760 520 saliva
1788 472 1972 519 extinffi

148 558 317 607 partem
343 541 565 588 decimam
594 538 757 586 sextam
785 539 960 586 circiter
986 539 1203 586 continet.
1241 539 1545 586 Linimentum
1570 538 1755 603 quidem
1776 542 1860 599 jam
1881 538 1976 602 priu

143 606 256 654 -dem
282 604 533 657 obsolevit,
560 605 763 668 quamvis
791 606 953 669 prostet
977 622 1030 650 ex
1058 620 1182 668 parte
1208 604 1252 649 in
1278 603 1544 667 quibusdam
1575 602 1866 668 Dispensatiis
1893 601 1973 648 sub

149 671 336 717 nomine
360 674 566 732 Unguenti
599 673 887 733 Neapolitani.
914 671 1130 715 Ceratum
1152 670 1261 716 vero
1291 671 1536 716 etiamnum
1553 669 1600 715 in
1619 668 1696 715 usu
1716 671 1775 716 est
1791 668 1975 714 nomine

149 734 375 799 Emplastri
392 736 438 780 de
457 738 568 780 ram&
584 739 764 798 Vigonis.
786 736 859 779 Ait
880 751 1026 780 autem
1048 734 1164 797 Vigo
1186 735 1469 781 linimentum
1487 735 1672 798 quidem
1695 757 1713 773 ι·
1736 733 1821 781 esse
1854 751 1931 779 no-
1951 751 1978 771 κ

153 800 368 846 biliffimae
389 799 662 864 operationis
679 833 690 851 ,
712 805 757 845 δέ
780 800 925 845 valere
944 799 991 845 in
1012 817 1296 862 quocumque
1317 816 1518 864 tempore
1540 797 1793 861 hujusmodi
1812 816 1932 844 mor·
1954 815 1982 836 u

150 863 226 918 bi3
252 864 326 912 sed
347 865 493 910 asserit
517 862 558 910 se
586 879 783 910 ceratum
808 864 967 909 millies
995 880 1226 927 expertum
1249 864 1334 910 effe
1355 882 1457 910 cum
1479 865 1652 911 honore
1674 870 1720 911 δέ
1743 864 1932 910 utilitate
1955 886 1980 905 υ»

157 947 251 977 non
277 930 425 995 parva.
449 955 470 971 u
508 928 646 974 Unde
669 929 808 992 liquet
834 931 924 993 post
945 928 1163 982 Iacobum
1182 930 1498 992 Berengarium
1518 931 1715 994 Carpum
1731 963 1742 981 ‚
1761 932 1983 981 Ioannem

155 995 214 1042 de
236 998 351 1059 Vigo
373 1000 417 1040 ὰ
438 994 782 1056 antiquiffimum
803 999 845 1039 &
871 995 1100 1057 egregium
1123 994 1494 1056 hydrargyroseos
1514 1011 1823 1059 promotorem
1841 993 1983 1039 fuisse.

215 1064 410 1114 'joannes
438 1059 495 1106 de
525 1059 642 1122 Vigo
672 1058 837 1122 primus
867 1060 1072 1104 omnium
1104 1059 1284 1105 externe
1314 1059 1518 1105 adhibuit
1551 1061 1604 1105 ad
1638 1061 1768 1123 virgae
1800 1059 1986 1118 pustulas

159 1126 442 1172 Mercurium
471 1125 790 1188 praecipitatum
819 1124 1000 1168 rubrum
1024 1157 1036 1175 ‚
1066 1141 1196 1187 quem
1227 1139 1360 1168 vocat
1396 1131 1486 1182 (a)
1519 1127 1730 1187 pulverem
1750 1125 1866 1183 fitum
1890 1141 1987 1170 car-

155 1195 216 1236 m's
234 1190 443 1254 superfluae
473 1194 712 1234 remotivum
731 1227 745 1240 ‚
766 1192 886 1249 cujus
907 1188 1270 1252 praeparationem
1292 1187 1381 1251 ipse
1403 1188 1591 1253 explicat
1606 1192 1866 1235 Antidotarii
1889 1187 1985 1234 Lib.

160 1263 226 1313 70.
268 1261 317 1300 ln
349 1253 461 1302 vivis
493 1268 585 1299 erat
617 1253 861 1298 etiamnum
893 1271 1011 1298 anno
1054 1271 1188 1316 1517.
1217 1269 1264 1298 ut
1295 1253 1434 1316 liquet
1467 1271 1520 1300 ex
1554 1253 1741 1317 Epistola
1772 1252 1898 1318 ipsius
1930 1252 1987 1298 ad

155 1322 378 1373 Ioannem
404 1317 696 1363 Antracinum
719 1321 994 1364 Maceratam
1018 1352 1029 1370 ,
1059 1324 1103 1365 &
1129 1318 1316 1382 Epistola
1336 1317 1534 1379 ejusdem
1557 1318 1793 1364 Antracini
1813 1317 1990 1383 respone

158 1383 276 1431 soria
296 1384 350 1430 ad
371 1386 590 1437 Ioannem
611 1382 666 1429 de
689 1387 805 1446 Vigo
824 1417 836 1436 ‚
856 1400 949 1447 quae
970 1383 1505 1449 Compendiosaepraefixae
1527 1382 1639 1429 sunt.

227 1517 265 1559 A
287 1530 316 1559 N
335 1531 361 1558 τ
381 1529 410 1557 0
429 1529 489 1557 Nl
515 1529 577 1559 υς
646 1518 676 1559 Β
693 1532 712 1560 Ε
733 1529 762 1558 N
781 1528 796 1556 1
816 1528 847 1558 v
869 1528 890 1557 E
911 1529 940 1557 N
959 1530 972 1557 1
991 1529 1019 1559 u
1037 1528 1054 1557 s
1080 1546 1092 1565 ,
1134 1511 1415 1561 florentinus
1445 1546 1456 1566 ‚
1499 1513 1652 1560 claruit
1695 1529 1813 1558 anno
1858 1529 1990 1574 1495.

160 1577 282 1625 obiit
302 1594 447 1624 autem
470 1595 587 1625 anno
613 1596 625 1622 1
645 1599 658 1641 5
676 1597 695 1624 2
710 1598 746 1641 5.
776 1577 950 1639 Scripsit
967 1581 1092 1642 Opus
1108 1582 1178 1624 De
1197 1578 1346 1625 abditis
1370 1580 1571 1624 nonnullis
1593 1597 1642 1624 ac
1664 1577 1864 1623 mira-adis
1884 1595 1993 1622 mor-

162 1644 301 1689 borum
323 1642 640 1702 &fimationum
662 1643 787 1702 causis
814 1659 891 1706 per
913 1644 1074 1706 Capita
1097 1660 1197 1688 110.
1225 1643 1393 1689 editum
1415 1644 1644 1689 Florentiae
1660 1675 1672 1693 ‚
1711 1660 1828 1688 anno
1860 1659 1994 1703 1507.

164 1708 212 1754 in
241 1728 284 1765 4.
316 1707 363 1753 in
386 1725 477 1770 quo
501 1711 607 1768 Cap.
629 1725 662 1753 t.
692 1725 827 1771 pauca
848 1706 1019 1771 profert
1045 1711 1109 1753 De
1127 1707 1258 1753 morbo
1275 1747 1289 1762 ,
1310 1727 1422 1772 quem
1441 1708 1563 1772 vulgo
1582 1709 1789 1754 Gallicum
1807 1721 1958 1753 vocam
1976 1744 1993 1761 ,

171 1772 249 1820 sed
277 1790 360 1837 pro
386 1772 503 1818 illius
525 1773 738 1842 temporis
764 1772 936 1818 ratione
958 1772 1151 1836 egregia.

251 1839 324 1882 1⁰.
352 1840 541 1884 Novum
564 1837 649 1883 esse
670 1837 822 1883 morbi
845 1854 982 1899 genus
1012 1871 1024 1890 ,
1062 1837 1186 1900 quod
1215 1855 1331 1885 anno
1359 1844 1493 1895 1496.
1523 1835 1578 1882 ab
1599 1836 1808 1900 Hispanis
1835 1834 1947 1880 inci-
1970 1853 1999 1874 e·

170 1901 294 1968 piens
324 1920 401 1966 per
422 1903 594 1948 Italiam
616 1901 807 1967 primum
828 1936 840 1955 ,
876 1901 969 1947 tum
993 1902 1182 1948 Galliam
1200 1936 1214 1955 ,
1255 1902 1517 1965 caeterasque
1548 1905 1732 1967 Europae
1764 1900 2001 1948 provin-«-

171 1969 259 2019 cias
278 1967 364 2013 late
385 1966 597 2012 diffusum
616 1967 824 2013 mortales
855 1967 1207 2031 quamplurimos
1227 1967 1526 2032 occupaverit.
1547 1987 1571 2003 κ

239 2040 302 2079 20.
323 2031 540 2077 Morbum
564 2031 765 2077 accurate
790 2030 1004 2078 describit
1028 2048 1073 2077 ut
1097 2034 1137 2078 se
1160 2032 1333 2079 ferebat
1350 2031 1510 2079 eadem
1537 2045 1678 2076 aetate.

241 2106 303 2158 30.
331 2097 629 2143 Curationem
651 2096 955 2144 methodicam
985 2097 1132 2161 paucis
1152 2099 1392 2162 proponit3
1425 2103 1470 2144 &
1507 2112 1784 2159 unguentum
1805 2112 2002 2159 quocum

176 2162 428 2209 Mercurius
449 2161 654 2208 admistus
671 2161 721 2207 fit
741 2195 753 2214 ,
772 2161 942 2207 indicat
960 2162 1143 2224 quidem
1164 2196 1176 2214 ,
1197 2162 1270 2208 sed
1291 2178 1500 2224 tanquam
1520 2161 1767 2207 remedium
1794 2160 1920 2224 quod
1948 2159 2003 2205 ab

174 2227 273 2274 aliis
293 2227 548 2274 adhibitum
571 2227 749 2275 noverit
768 2260 780 2280 ,
802 2231 846 2272 δε
867 2245 941 2289 quo
962 2229 1136 2272 immores
1154 2244 1268 2291 aegros
1279 2227 1432 2286 sudare
1458 2240 1612 2291 cogant.

246 2362 676 2402 WENDELINUS
714 2359 898 2400 HocK
934 2371 1005 2399 DE
1043 2358 1444 2400 BRAexi-:NAW
1469 2387 1482 2406 ‚
1521 2353 1700 2399 Artium
1730 2357 1775 2398 &
1808 2351 2007 2399 Medici-

185 2438 250 2467 nae
270 2423 440 2466 Dostor
458 2422 503 2466 in
521 2418 757 2480 Gymnasio
778 2418 1041 2465 Bononiensi
1058 2453 1069 2470 ‚
1085 2418 1249 2483 scripslt
1268 2437 1385 2464 anno
1412 2436 1514 2480 1514.
1533 2434 1580 2464 ut
1596 2417 1686 2483 ipse
1706 2419 1881 2463 testatur
1898 2424 2006 2480 Cap.

189 2502 220 2530 1.
242 2484 427 2530 Librum
453 2488 520 2529 De
543 2484 702 2530 Morbo
724 2486 885 2530 Gallico
915 2484 984 2529 cui
1005 2483 1180 2529 titulum
1200 2483 1308 2530 fecit
1331 2490 1606 2547 Mentagram
1627 2522 1640 2537 ,
1660 2484 1753 2542 five
1764 2485 2009 2527 Traffatum

193 2550 242 2596 de
267 2551 392 2611 causis
413 2588 425 2603 ,
455 2551 759 2613 praefi’rvativis
776 2587 791 2601 ,
819 2553 1005 2611 regimine
1021 2547 1073 2594 Θ
1096 2548 1196 2595 cura}
1215 2549 1367 2596 Morbi
1383 2551 1568 2601 Gallici,
1588 2547 1713 2611 vulgo
1735 2547 1857 2592 Mala
1875 2551 2009 2592 Fran-

189 2613 289 2677 gosa
307 2648 318 2666 ‚
339 2618 461 2671 cujus
485 2613 581 2659 sunt
602 2614 761 2677 Capita
780 2612 1018 2659 sexdecim.
1047 2616 1206 2660 Errant
1230 2613 1419 2677 proinde
1451 2612 1537 2670 (b)
1572 2610 1874 2676 Bibliographi
1895 2644 1907 2662 ‚
1932 2610 2010 2673 qui

189 2679 375 2726 Librum
402 2679 518 2725 hunc
540 2679 740 2725 Venetiis
764 2678 933 2724 editum
957 2678 1112 2724 dicunt
1135 2679 1250 2743 apud
1272 2677 1569 2725 O&avianu1n
1586 2710 1599 2730 ,
1622 2695 1740 2723 anno
1779 2694 1912 2740 1502.
1929 2674 2008 2722 nisi

189 2743 238 2790 id
262 2744 318 2790 de
341 2744 490 2807 priore
507 2743 697 2806 quadam
724 2743 925 2789 editione
946 2742 1107 2790 debeat
1135 2743 1340 2806 intelligi.

251 2813 302 2854 In
327 2808 412 2854 hoe
436 2807 571 2854 Libro
593 2808 787 2872 reperire
810 2809 867 2853 est
889 2808 1045 2854 eadem
1066 2842 1078 2860 ‚
1094 2826 1189 2871 quae
1213 2809 1258 2853 in
1280 2806 1444 2855 eaereris
1470 2810 1550 2859 iam
1573 2806 1822 2852 notavimus
1838 2838 1850 2856 ,
1873 2807 2005 2849 Mor-

191 2872 299 2919 bum
321 2873 512 2937 primum
530 2871 770 2937 apparuiffe
798 2890 914 2917 anno
941 2891 1074 2929 1494.
1110 2877 1295 2920 Novum
1328 2872 1412 2918 effe
1439 2890 1455 2923 ·,
1473 2870 1829 2918 Praecedentibus
1851 2869 2012 2915 saeculis

197 2938 506 3000 incognitum3
530 2937 599 2982 Ab
630 2936 952 2999 antiquioribus
975 2937 1142 2983 morbis
1161 2938 1287 3002 plane
1309 2936 1560 2985 diversum3
1581 2936 1703 2999 quod
1738 2935 1885 2981 multis
1904 2952 2012 2999 pto-

194 3003 268 3048 bat
290 3004 345 3048 de
365 3001 655 3064 Elephantiasi
677 3006 720 3045 δε
741 3000 908 3046 Asafati
928 3019 939 3053 3
960 3004 1070 3046 Non
1098 3008 1110 3061 (
1128 3009 1176 3062 c)
1199 3007 1494 3064 provenientem
1504 3003 1631 3060 solum
1651 3000 1677 3047 Στ
1707 3004 1884 3064 contagio
1904 3039 1916 3054 ,
1934 2999 2013 3060 fid

193 3085 339 3115 verum
358 3069 517 3127 causum
537 3071 616 3122 ejus
637 3066 687 3113 ὧ
705 3069 830 3128 magis
851 3070 1159 3130 appropriatam
1178 3069 1297 3130 fmffl
1322 3070 1504 3131 ubiquam
1531 3067 1782 3130 influentiam
1799 3066 2009 3127 stellarum

199 3148 483 3182 erraticarum.

250 3197 388 3258 Quod
415 3195 470 3243 ad
491 3195 768 3246 curationem
787 3194 947 3242 multus
966 3196 1043 3243 est.

2073 1157 2152 1206 (a)
2182 1156 2261 1196 Lib.

2036 1225 2074 1259 5.
2092 1215 2167 1258 cap.
2190 1216 2232 1257 ²·ss

2090 1517 2227 1575 1ςογῖ

2097 2368 2239 2421 1514.

2083 2608 2134 2657 (b)
2160 2613 2283 2653 Men-fi

2053 2663 2167 2699 klinus
2198 2662 2244 2702 ό·

2054 2720 2262 2763 Μαηέείηΐι

2061 3005 2108 3054 (ε)
2139 3005 2229 3052 cap.
2251 3013 2285 3042 2.
