2477 3643
421 160 519 198 2262
754 145 862 196 DE
927 142 1944 207 MORBISVENEREIS«

436 233 597 284 eadem
614 231 702 297 qua
725 233 989 300 praeputium
1008 229 1151 296 ipsum
1167 229 1330 278 eodem
1356 245 1559 295 tempore
1577 265 1590 286 ‚
1607 230 1682 279 sed
1708 246 1834 277 motu
1858 229 2083 278 contrario
2101 241 2283 280 terror*-

434 300 533 347 sum
551 298 793 346 reducitur.
829 301 1022 346 Detectae
1043 295 1094 342 ea
1112 296 1287 342 ratione
1306 311 1400 341 tum
1420 295 1568 342 balani
1589 331 1601 349 ,
1624 313 1721 343 tum
1742 295 1944 361 pra‘putii
1962 295 2100 343 facies
2116 299 2281 345 einen--¹

433 365 499 412 dae
514 398 526 418 ,
545 363 830 427 detergendas
846 398 858 417 ,
878 360 1135 410 everrendae
1165 359 1264 406 sunt
1290 359 1483 407 decostis
1518 362 1855 409 emollientibus
1868 395 1881 414 ‚
1913 361 2238 409 resolventibus
2256 396 2276 417 ,

432 429 772 494 detergentibus
785 462 796 480 ‚
815 445 908 491 quae
928 425 1048 473 varie
1068 425 1241 473 variare
1263 440 1443 489 oportet
1460 444 1542 490 pro
1566 425 1741 473 diversa
1760 427 1963 474 ulcerum
1991 426 2275 475 conditione.

436 495 574 553 Quod
599 494 627 539 si
655 494 818 539 alicubi
835 490 1094 556 praeputium
1114 490 1266 553 glandi
1284 490 1433 536 forsan
1458 492 1675 538 coaluerit
1690 525 1703 545 ,
1721 492 1811 539 levi
1828 508 1962 538 manu
1986 491 2184 539 invicem
2198 492 2273 548 di-¹

435 559 645 608 vellenda
670 558 766 603 sunt
782 591 795 610 ,
814 557 885 603 vel
915 555 1167 602 diffecanda
1186 555 1359 602 summo
1380 548 1601 620 scalpello.

499 628 594 686 13⁰.
623 625 721 669 Pari
751 621 934 667 consilio
966 619 1015 666 in
1048 620 1341 684 paraphimosi
1367 637 1655 684 corrugatum
1675 621 1932 687 praeputium
1958 621 2275 688 explicandum

441 694 489 736 &
505 689 561 735 ad
580 687 803 733 anteriora
822 685 1138 733 deducendum
1159 687 1217 731 est
1232 720 1243 738 ‚
1264 685 1388 731 slmul
1408 704 1455 732 ac
1473 685 1744 732 resolutione
1763 685 2043 734 relaxabitur.
2060 688 2111 734 Id
2127 684 2277 734 autern

421 770 716 817 nequaquam
758 752 1023 798 tentandum
1053 752 1138 802 est,
1160 767 1206 796 ut
1236 750 1259 796 ὰ
1290 750 1526 815 Chirurgis
1548 751 1650 797 artis
1669 750 1812 796 minus
1836 752 1981 815 gnaris
2015 770 2106 798 non
2140 751 2277 800 semel

440 832 658 865 tentatum
685 817 895 863 novimus
925 851 940 870 ,
969 814 1187 861 summum
1218 815 1391 878 glandis
1422 817 1593 881 apicem
1626 815 1833 880 imposito
1863 816 2007 879 digito
2033 817 2277 864 retrorsum

435 882 647 947 pellendo
664 916 676 934 ,
699 880 799 927 cum
820 880 870 928 ea
900 881 1072 927 ratione
1097 881 1222 943 glans
1249 880 1387 944 magis
1420 881 1695 946 expandatur
1713 914 1725 932 ‚
1756 880 1960 944 adeoque
1989 880 2124 927 latior
2153 882 2281 946 supra

433 947 695 994 annularem
729 946 928 1011 praeputii
958 945 1178 991 ambitum
1214 946 1352 1009 magis
1379 946 1614 994 extuberet
1638 979 1650 998 ‚
1672 944 1748 991 sed
1778 947 1933 993 contra
1957 945 2105 992 balani
2135 946 2281 994 latera

435 1012 616 1058 summis
645 1012 798 1075 digitis
820 1011 1016 1058 molliter
1048 1011 1108 1055 ita
1149 1012 1517 1074 comprimenda,
1546 1029 1594 1057 ut
1623 1011 1745 1074 glans
1772 1012 1951 1074 longior
1988 1011 2094 1057 inde
2120 1010 2198 1057 fiat
2231 1016 2279 1058 δε

432 1079 619 1131 exilior,
640 1076 763 1123 timul
800 1077 908 1123 vero
937 1075 1199 1140 praeputium
1231 1076 1384 1139 digitis
1416 1076 1574 1123 iisdem
1595 1077 1651 1122 ad
1680 1077 1906 1122 anteriora
1926 1075 2090 1123 blande
2121 1076 2271 1123 dedu-

435 1142 642 1188 cendum.
671 1145 777 1200 Quo
809 1141 944 1188 semel
971 1138 1176 1186 conse-Oto
1203 1158 1380 1205 oportet
1402 1142 1641 1206 explicatas
1668 1141 1864 1206 praeputii
1889 1158 2020 1205 rugas
2037 1158 2272 1204 rugarum-

435 1225 524 1271 que
541 1206 683 1253 sulcos
706 1208 788 1253 rite
815 1206 974 1254 fovere
994 1239 1007 1258 ,
1032 1205 1182 1252 eluere
1197 1240 1211 1259 ‚
1233 1207 1471 1271 detergere
1489 1212 1534 1253 &
1555 1208 1752 1255 relaxare
1774 1207 1971 1253 demitis
1998 1206 2129 1254 variis
2148 1206 2281 1272 supra

435 1271 685 1342 propositis.

503 1343 594 1395 14⁰.
621 1341 751 1383 Tunc
773 1335 1031 1384 remittente
1056 1333 1411 1381 inflammatione
1427 1368 1441 1388 ,
1464 1334 1696 1399 therapeia
1707 1335 1884 1398 qualem
1906 1335 1960 1381 ad
1985 1353 2180 1383 venerea
2205 1336 2277 1382 ul-

441 1419 545 1449 cera
568 1401 879 1467 proposuimus
902 1400 1145 1464 praecedente
1175 1404 1351 1464 Capite,
1383 1399 1453 1446 vel
1490 1400 1838 1462 redintegranda
1870 1402 1927 1446 est
1948 1433 1960 1452 ,
1996 1400 2025 1445 fi
2055 1404 2143 1462 jam
2174 1401 2284 1447 ante*

442 1467 650 1513 adhibita
668 1466 803 1513 fuerit
819 1501 830 1519 ,
850 1466 920 1513 vel
942 1469 1030 1527 jam
1062 1464 1118 1510 de
1152 1482 1273 1510 novo
1307 1463 1564 1511 adhibenda
1579 1498 1593 1516 ,
1624 1481 1671 1511 ut
1692 1463 1744 1511 ea
1763 1463 1982 1511 methodo
2014 1465 2162 1512 ulcera
2184 1482 2287 1528 quae·

441 1531 642 1578 latebant
661 1565 673 1584 ,
695 1531 926 1596 suppurata
945 1564 958 1583 ,
981 1528 1156 1576 detersa
1171 1563 1183 1582 ,
1203 1529 1416 1575 mundata
1447 1529 1653 1575 cicatrice
1682 1529 1861 1575 tandem
1889 1530 2149 1576 coalescant.
2185 1536 2282 1577 Ve-

441 1596 542 1644 rum
578 1596 802 1659 seligenda
834 1594 1119 1660 suppurantia
1153 1627 1165 1646 ,
1199 1593 1480 1656 detergentia
1504 1628 1516 1645 ,
1553 1592 1890 1640 mundificantia
1916 1594 2156 1647 leniflima3
2188 1595 2292 1640 ime»

442 1662 579 1708 etiam
604 1661 820 1722 anodynis
839 1666 885 1706 &
904 1658 1174 1724 paregoricis
1192 1658 1456 1723 plerumque
1475 1660 1600 1705 caute
1615 1659 1905 1723 temperanda
1922 1693 1936 1713 ‚
1955 1677 2012 1706 ne
2028 1659 2282 1709 inflamma-

444 1727 616 1772 tionem
639 1743 858 1772 renovare
879 1725 973 1770 ullo
991 1723 1131 1770 modo
1151 1723 1322 1787 poss'int.

508 1808 522 1839 1
540 1792 598 1853 5⁹.
629 1797 680 1837 In
699 1790 787 1836 fine
802 1789 953 1836 morbi
970 1789 1092 1835 alvus
1117 1787 1284 1834 blando
1303 1786 1549 1834 cath-artico
1574 1787 1826 1834 identidem
1845 1786 2136 1834 subducenda
2151 1822 2163 1841 ‚
2182 1803 2279 1836 tum

443 1872 492 1903 ut
515 1856 771 1902 eliminetur
800 1853 1057 1914 cacochylia
1078 1886 1092 1905 ‚
1109 1870 1202 1916 quae
1230 1854 1278 1899 in
1304 1853 1458 1917 primis
1489 1853 1572 1899 viis
1594 1855 1799 1916 congesta
1815 1855 1873 1899 est
1892 1871 1944 1899 ex
1961 1871 2115 1900 errore
2140 1853 2284 1899 diaetae:

443 1921 519 1968 vel
540 1920 754 1966 coctionis
771 1954 783 1972 ‚
801 1935 896 1965 tum
915 1919 1025 1964 verb
1054 1934 1100 1962 ut
1131 1916 1413 1963 subtrahatur
1432 1917 1596 1964 veneni
1623 1937 1721 1982 pars
1745 1919 1869 1981 quod
1888 1917 2092 1963 morbum
2114 1919 2276 1963 etiam-

443 2002 552 2031 num
586 1984 728 2031 fovet.
756 1987 1011 2046 Utrumque
1042 1981 1224 2046 scopum
1261 1981 1452 2029 feliciter
1483 1983 1639 2046 implet
1664 1983 1859 2028 medulla
1890 1981 2019 2027 caffiae
2047 1983 2100 2028 ab
2120 1981 2192 2047 ᾗ).
2221 1981 2284 2030 ad

443 2051 502 2096 ad
525 2048 556 2115 ξ
577 2053 604 2110 j.
627 2049 672 2095 ss.
697 2066 797 2094 cum
821 2047 1041 2094 Mercurii
1060 2047 1201 2092 dulcis
1219 2046 1367 2109 granis
1388 2064 1458 2092 xx.
1484 2047 1666 2092 alternis
1684 2046 1840 2092 diebus
1863 2046 2080 2092 iteranda.

512 2123 606 2159 160.
634 2113 856 2160 Caeterum
878 2112 978 2158 cum
995 2111 1179 2158 evidens
1201 2111 1251 2157 sit
1274 2129 1486 2158 venereas
1506 2111 1880 2158 inflammationes
1895 2112 2094 2175 praeputii
2129 2116 2174 2157 &
2204 2110 2286 2157 ba-

443 2178 536 2226 lani
563 2179 634 2226 vel
657 2180 680 2224 a
699 2178 910 2240 contagio
940 2176 1109 2222 dudum
1130 2176 1296 2222 latente
1324 2176 1543 2240 produci,
1564 2176 1686 2239 quod
1705 2175 1962 2238 sanguinem
1984 2180 2069 2236 jam
2099 2176 2282 2240 pridem÷

445 2243 655 2291 infecerit
672 2277 684 2297 ,
708 2244 780 2290 vel
808 2241 837 2288 si
856 2243 879 2287 a
899 2243 1050 2289 recens
1083 2238 1267 2287 admisso
1292 2240 1442 2286 forsan
1474 2241 1601 2287 illatae
1629 2240 1709 2286 sint
1725 2274 1736 2292 ‚
1758 2241 1908 2286 locum
1930 2240 2081 2287 saltem
2109 2240 2283 2288 dediffe·

445 2324 495 2354 ut
519 2308 637 2354 haud
655 2326 789 2373 pauca
809 2307 1015 2370 concepti
1042 2306 1238 2368 contagii
1258 2323 1353 2370 pars
1379 2306 1426 2351 in
1446 2305 1706 2369 sanguinem
1725 2304 2047 2358 deduceretur,
2077 2305 2284 2368 quandii'i«

444 2373 810 2419 inflammationis
829 2370 1114 2419 vehementia
1132 2370 1292 2417 debitat
1313 2370 1481 2416 obstitit
1505 2370 1623 2435 puris
1640 2369 1877 2417 deret-sioni
1892 2404 1904 2421 ,
1923 2387 2065 2434 operae
2082 2371 2282 2435 pretium

446 2440 505 2485 est
521 2439 567 2483 in
585 2455 780 2501 utroque
806 2436 904 2482 casu
920 2470 936 2489 ,
951 2453 1000 2482 ut
1020 2436 1191 2482 curatio
1210 2435 1381 2482 felicius
1403 2435 1609 2482 succedat
1629 2440 1674 2480 ὃ(
1702 2433 1895 2499 perfed‘ta
1916 2434 1965 2480 sit
1981 2469 1993 2487 ,
2009 2433 2171 2481 morbo
2188 2438 2282 2496 jam«

446 2504 705 2550 remittente
723 2501 1007 2549 mercuriales
1031 2500 1311 2546 inuii&i0nes
1332 2499 1544 2546 adhibere
1560 2534 1574 2552 ,
1592 2500 1810 2562 legitimas
1828 2500 2013 2563 quidem
2033 2505 2078 2545 ὃς
2096 2518 2149 2546 ex
2169 2499 2283 2545 artis

445 2569 672 2632 praeceptis
691 2601 703 2619 ‚
722 2566 870 2631 quales
901 2565 1020 2612 infra
1057 2582 1359 2628 proponemus
1383 2565 1476 2611 Lib.
1500 2585 1541 2623 4.
1563 2579 1654 2629 cap.
1675 2584 1717 2622 7.
1743 2564 1774 2609 fi·
1799 2581 1919 2611 certa
1948 2564 2030 2610 fint
2059 2565 2140 2609 luis
2158 2563 2284 2608 indi-

447 2634 515 2679 cia
534 2653 544 2679 ς
565 2633 759 2679 leviores
781 2632 917 2685 vero,
936 2630 1092 2695 quales.
1103 2636 1192 2691 Jam
1210 2628 1315 2694 saepe
1331 2628 1640 2694 proposuimus
1658 2662 1672 2682 ‚
1699 2628 1729 2674 si
1754 2629 1875 2675 haud·
1897 2629 1961 2675 ita
1988 2628 2118 2674 firma
2139 2626 2287 2675 fuerit,

446 2697 530 2743 luis
554 2696 758 2761 suspicio.

516 2769 604 2819 170.
639 2758 862 2807 Universa
888 2776 982 2822 quae
1013 2757 1069 2804 de
1109 2756 1215 2804 viris
1243 2756 1454 2803 hatstenus
1476 2755 1707 2802 attulimus.
1738 2790 1751 2809 ,
1790 2757 1978 2822 perinde
2014 2756 2276 2805 conducunt

445 2825 545 2872 fere
569 2824 736 2890 singula
755 2823 1016 2871 mulieribus
1031 2856 1043 2874 ,
1060 2821 1148 2868 five
1177 2839 1468 2868 mammarum
1486 2821 1664 2886 papillas
1679 2855 1691 2873 ,
1711 2820 1797 2868 slve
1818 2821 2054 2868 muliebria
2079 2839 2285 2870 venereo·

447 2891 659 2953 contagio
686 2888 904 2936 tumentia
918 2922 934 2942 ‚
951 2887 1224 2933 inflammata
1239 2920 1252 2939 ,
1276 2888 1578 2932 contaminata
1596 2884 1802 2932 habeant.
1830 2892 1936 2932 Haec
1956 2886 2110 2933 eadem
2128 2888 2286 2951 paucis·

446 2957 626 3001 mutatis
654 2957 715 3002 de
744 2953 960 3001 catamitis
990 2969 1094 3000 vera
1126 2951 1427 3015 sunt‚quibus
1446 2969 1552 2998 anus
1575 2967 1751 2998 tumore
1780 2951 2129 2998 inflammatorio
2160 2934 2283 2996 obs?-

447 3021 580 3067 detur
600 3038 652 3064 ex
680 3019 911 3065 ulcusculis
929 3018 1146 3066 venereis.
1174 3022 1224 3062 In
1242 3016 1309 3062 his
1328 3017 1449 3062 enim
1467 3016 1522 3063 ad
1544 3015 1761 3062 summum
1778 3016 1868 3063 duo
1886 3014 1985 3062 sunt
2004 3049 2016 3068 ‚
2032 3032 2127 3079 quae
2142 3014 2281 3078 paulo»

446 3083 732 3148 scrupulosius
756 3083 1028 3130 attendenda
1048 3083 1309 3133 videantur3
1333 3082 1451 3144 prius
1476 3081 1661 3144 quidem
1676 3114 1690 3134 ,
1708 3097 1757 3127 ut
1781 3080 2029 3128 tenuissima
2057 3080 2184 3125 diaeta
2217 3094 2277 3125 ex:

446 3149 550 3194 solis
574 3147 747 3210 jusculis
768 3149 911 3194 statim
935 3148 1172 3210 imperetur
1190 3180 1204 3199 ‚
1225 3163 1280 3191 ne
1300 3144 1425 3191 faeces
1442 3179 1454 3196 ‚
1477 3146 1505 3191 si
1524 3146 1670 3190 nimiae
1689 3162 1761 3191 aut
1780 3146 1987 3192 duriores
2011 3141 2147 3190 essen-t
2164 3176 2179 3195 ,
2197 3141 2271 3188 in·-

447 3211 803 3266 flammationem
819 3227 1033 3278 augerent
1049 3212 1154 3258 dum
1174 3225 1462 3274 egererentur
1480 3229 1495 3266 3
1512 3211 1700 3260 alterum
1714 3211 1838 3279 ‚verb
1854 3243 1868 3263 ,
1889 3225 1938 3256 ut
1954 3208 2072 3257 alvus
2091 3224 2275 3256 enema·-
