2477 3643
173 269 366 307 tantluem

175 331 367 360 veneream

173 372 328 430 produci
363 371 383 429 a

169 427 308 482 pullitie
326 436 406 484 atn-

174 479 382 518 malculotu

173 528 372 570 minutissi-

173 596 321 623 morum
347 587 379 619 δι

173 637 379 677 moi-dacin.

174 842 231 891 (a)
257 843 402 895 Philipp.

179 909 217 932 2.

175 1813 277 1854 Data
296 1824 408 1850 occa-

177 1868 273 1905 fione
288 1878 410 1903 natta-

174 1931 237 1955 tut
258 1919 378 1955 histo-

179 1972 234 2007 ria
259 1970 301 2008 de
323 1970 404 2006 Cit-

176 2024 343 2060 culatote

177 2074 301 2127 quodi
315 2101 325 2117 ‚
346 2073 410 2125 qui

177 2127 295 2164 aiebat
313 2139 411 2162 mor-

180 2180 245 2215 bos
287 2191 411 2215 omnes

176 2232 223 2268 ab
252 2230 409 2267 animal-

177 2286 281 2328 culis,
296 2284 411 2334 fingu-

177 2337 234 2373 los
254 2337 272 2373 a
292 2335 409 2386 fingu-

178 2388 219 2426 lis
245 2390 408 2442 produci.

452 171 520 236 ’92
821 168 1944 215 DEMORBISVENEREIS.

450 248 556 315 plici
585 248 712 315 prole
732 246 1061 294 foetificantium
1078 279 1090 298 ,
1118 261 1211 309 quae
1232 242 1365 289 semel
1384 242 1566 288 admissa
1583 241 1720 288 multa
1739 245 1954 307 progenie
1975 242 2278 301 sobolescant;

451 332 546 379 qua:
575 315 632 361 ad
662 314 784 361 varia
820 312 1019 376 corporis
1054 311 1153 356 loca
1179 308 1434 371 frequentes
1468 307 1664 354 colonias
1695 307 1948 362 deducant3
1980 328 2074 374 quae
2100 313 2278 376 partes,

451 398 559 444 quas
586 379 790 425 incolunt
821 375 1075 424 vellicando
1092 409 1105 428 ,
1132 372 1379 420 fodicando
1399 406 1410 423 ,
1439 372 1692 418 mordendo
1722 373 2001 420 inflamment
2019 408 2031 426 ,
2057 376 2246 422 erodant
2263 409 2279 429 ,

453 445 713 493 exulcerent
732 462 743 496 ·‚
763 443 809 488 in
831 441 998 500 summa
1017 473 1030 492 ‚
1048 457 1142 504 quae
1167 437 1331 484 seclusa
1358 437 1558 482 humoris
1584 437 1914 501 qualiscumque
1934 440 2116 503 energia
2134 474 2147 492 ‚
2177 441 2281 486 uni-

456 509 578 557 versa
609 509 805 555 inferant
832 504 1126 569 symptomata
1143 538 1156 556 ,
1190 520 1284 566 quae
1304 503 1348 547 in
1368 500 1626 566 syphiliticis
1652 501 1890 566 conspicua
1918 502 2044 556 sunt3
2066 502 2166 550 cum
2187 505 2280 551 haec

454 576 573 621 enim
610 590 739 619 merce
763 570 920 617 fabulae
951 569 1033 615 sint
1052 603 1064 621 ,
1089 568 1406 614 somniantium
1431 566 1525 612 visis
1554 566 1780 611 simillima:
1802 601 1813 619 ‚
1845 573 1891 613 &
1926 587 1981 615 ne
2016 570 2282 627 conjecturis

452 639 637 703 quidem
657 638 853 682 nitantur
875 634 973 681 ullis
995 669 1005 686 ‚
1038 633 1158 678 nulla
1183 649 1363 697 quoque
1384 633 1771 695 argumentatione
1791 650 1900 696 opus
1921 635 1979 678 est
1998 650 2045 678 ut
2074 634 2282 695 rejician-

454 720 539 750 tur.
572 706 735 766 Neque
756 701 876 747 enim
897 717 974 763 par
994 698 1078 745 effe
1104 697 1283 744 videtur
1298 731 1310 748 ,
1341 712 1390 741 ut
1409 696 1432 741 ’,ὶ
1454 712 1644 759 negante
1677 701 1841 759 magno
1875 697 2106 745 molimine
2135 698 2282 746 everti

453 769 648 816 debeant
667 801 679 820 ,
708 784 804 830 quae
825 764 879 810 ab
899 761 1146 810 affirmante
1169 761 1294 807 nullo
1321 761 1599 807 stabiliuntur
1617 759 1910 807 fundamento
1930 782 1939 807 :
1959 764 2068 809 Satis
2096 762 2180 810 effe
2201 763 2282 810 de-

452 833 530 880 bet
551 867 564 885 ,
592 832 620 877 fi
650 831 704 877 ad
742 831 830 877 hoc
867 844 1179 892 argumentum
1207 824 1546 878 transferamus,
1580 843 1674 889 quae
1704 825 1750 870 in
1778 843 1825 871 re
1856 825 1975 872 haud
2000 827 2192 874 diffimili
2214 829 2236 873 a
2256 830 2282 855 *²

453 898 607 946 Tullio
628 896 742 942 dieta
772 894 976 942 novimus
995 927 1008 945 ‚
1036 897 1215 956 Nempe
1244 893 1349 937 nihil
1376 894 1445 951 effe
1468 896 1595 936 minus
1613 929 1626 943 ,
1654 908 1731 934 mm
1756 890 1844 936 dico
1872 890 2041 937 Medici
2058 893 2135 951 fid
2154 894 2282 939 homi.

449 967 513 1010 nis
532 1001 547 1018 ,
575 960 696 1025 qm‘zm
716 962 761 1006 id
779 960 945 1015 objicere
973 958 1212 1018 adverfhrio
1228 995 1242 1010 ,
1263 956 1370 1020 qnod
1387 958 1455 1002 ille
1478 957 1523 1016 st
1546 955 1668 1001 verbo
1689 958 1878 1019 negarit,
1908 958 2060 1020 longiits
2092 959 2283 1022 progredi

450 1045 528 1075 non
553 1042 614 1091 po]
637 1041 664 1070 tt
683 1064 696 1079 ,
723 1030 789 1088 qni
819 1024 1018 1082 objecerit.
1702 1037 1706 1041 ·
2252 1072 2254 1074 v

509 1091 651 1137 Porro
677 1106 826 1135 autem
854 1088 884 1134 fi
901 1106 982 1153 pro
1008 1104 1117 1133 vero
1138 1085 1271 1133 semel
1293 1084 1604 1131 admitteretur
1625 1083 1745 1129 luem
1763 1101 2004 1131 veneream
2022 1083 2077 1130 ab
2098 1085 2282 1132 animal-

449 1156 559 1203 culis
586 1155 786 1218 sanguini
809 1152 1116 1200 innatantibus
1142 1151 1363 1216 produci,
1389 1150 1511 1195 >idem
1537 1166 1718 1210 quoque
1740 1149 1834 1211 pari
1868 1153 1963 1211 jure
1999 1149 2281 1197 sentiendum·

448 1220 556 1269 esset
574 1255 586 1273 ‚
613 1239 705 1265 non
738 1219 875 1264 modo
910 1218 967 1264 de
988 1218 1102 1282 peste
1121 1250 1134 1269 ,
1157 1233 1203 1262 ut
1233 1217 1343 1262 olim
1366 1213 1599 1260 Athanasio
1622 1212 1842 1259 Kirchero
1867 1215 1890 1259 ὲ
1924 1214 2144 1261 Societate
2176 1214 2281 1267 Jesu

449 1304 498 1332 ac
524 1285 778 1350 nuperrime
798 1283 962 1336 Ioanni
985 1287 1178 1344 Saguens
1200 1299 1252 1326 ex
1270 1279 1446 1327 Ordine
1469 1278 1766 1324 Minimorum
1785 1277 1924 1324 visum
1944 1282 2002 1325 est
2018 1314 2028 1330 ‚
2048 1279 2123 1325 sed
2145 1280 2280 1327 etiam

448 1351 507 1397 de
528 1350 709 1397 variolis
728 1383 739 1401 ‚
763 1347 1079 1412 hydrophobia
1098 1380 1110 1397 ‚
1130 1346 1275 1391 scabie
1298 1380 1309 1398 ,
1335 1343 1587 1390 lichenibus
1603 1376 1615 1394 ‚
1637 1342 1890 1406 caeterisque
1913 1342 2141 1390 affectibus
2171 1363 2281 1392 cona

449 1415 623 1478 tagiosis
641 1450 654 1468 ,
682 1414 774 1459 imo
797 1413 902 1459 vero
935 1412 991 1458 de
1021 1411 1189 1457 morbis
1222 1410 1461 1462 omnibus3
1489 1424 1622 1470 atque
1649 1406 1762 1453 adeo
1795 1408 2002 1453 universa
2038 1409 2280 1457 Medicinae

451 1481 653 1529 Theoria
672 1477 837 1543 peffum
860 1478 976 1522 itura
1000 1474 1119 1522 foret
1138 1494 1149 1529 3
1182 1474 1281 1521 cum
1304 1475 1416 1520 nihil
1435 1472 1681 1536 quidquam
1701 1472 1792 1518 dici
1826 1472 1952 1536 poffit
1967 1506 1980 1525 ,
2005 1489 2054 1518 ut
2084 1474 2281 1537 probent

448 1545 572 1592 luem
594 1560 827 1591 veneream
857 1542 911 1588 ab
933 1540 1205 1587 animalculis
1224 1539 1478 1604 dependere
1500 1571 1511 1589 ,
1541 1535 1665 1600 quod
1690 1537 1876 1600 perinde
1902 1554 1993 1583 non
2017 1554 2184 1602 pugnet
2202 1558 2279 1588 va-

451 1611 630 1674 leatque
660 1609 714 1655 ad
731 1607 1013 1673 probandum
1032 1605 1087 1651 ab
1114 1605 1386 1650 animalculis
1407 1601 1617 1648 similibus
1635 1635 1647 1653 ‚
1676 1601 1752 1647 sed
1772 1601 1932 1647 diversi
1960 1590 2134 1664 geneiis
2152 1636 2164 1656 ,
2195 1620 2281 1648 ca*-

452 1691 570 1721 teros
604 1691 782 1737 quoque
808 1671 991 1717 morbos
1027 1670 1316 1717 deducendos
1339 1667 1423 1716 effe
1442 1701 1454 1719 ‚
1473 1684 1564 1730 quo
1592 1682 1741 1712 tamen
1767 1665 1879 1712 nihil
1906 1666 2136 1714 absurdius
2164 1665 2281 1715 affir-

452 1740 567 1786 mari
586 1738 704 1804 posse
731 1737 1017 1785 crediderim.

519 1804 713 1851 Memini
746 1803 930 1868 quidem
964 1817 1082 1846 anno
1119 1815 1254 1857 1727.
1281 1797 1356 1843 has
1384 1796 1561 1843 easdem
1583 1795 1770 1860 ineptias
1794 1795 1817 1840 a
1843 1795 2129 1843 Circulatore
2162 1814 2278 1859 quo-

453 1868 557 1915 dam
573 1903 585 1922 ,
609 1869 680 1915 cui
707 1885 874 1914 nomen
893 1881 989 1912 erat
1011 1866 1120 1913 Boile
1136 1902 1150 1917 ,
1175 1864 1355 1910 Lutetiae
1379 1861 1657 1907 confidenter
1677 1859 1917 1925 propositas
1936 1860 2063 1907 fuiss'e
2081 1895 2092 1913 ‚
2114 1860 2163 1907 eti
2178 1862 2281 1925 qui-

455 1933 558 1980 dem
587 1933 736 1980 astutia
752 1967 763 1984 ,
794 1932 817 1977 a
843 1931 930 1997 qua
947 1929 1026 1976 fibi
1052 1946 1211 1975 cavere
1232 1928 1378 1992 primo
1399 1927 1522 1972 aditu
1552 1924 1684 1972 facile
1710 1943 1803 1971 non
1823 1925 1928 1972 esset
1946 1960 1958 1978 ,
1988 1925 2064 1972 sed
2095 1944 2150 1972 eo
2178 1941 2281 1972 tan-

456 1999 559 2044 dem
586 1995 777 2044 succelsu
798 2030 810 2050 ,
829 1997 907 2059 qui
933 1995 1094 2042 debeat
1113 1992 1317 2057 exemplo
1338 1992 1577 2049 deterrere.
1607 1990 1742 2036 Haud
1771 1991 1904 2053 longa
1924 1990 2072 2036 futura
2103 1992 2161 2036 est
2180 2008 2280 2037 nar-

450 2064 570 2110 ·tatio
591 2097 602 2116 ‚
623 2081 706 2109 nec
725 2061 779 2107 ab
800 2061 996 2106 instituto
1019 2058 1160 2105 aliena
1176 2092 1188 2110 ‚
1209 2063 1254 2104 δέ
1270 2074 1363 2120 quae
1381 2055 1553 2101 idcirco
1572 2053 1903 2101 excusationem
1922 2054 2173 2100 faciliorem
2193 2055 2277 2100 im-

456 2144 631 2192 petrare
657 2127 796 2192 poffit.
833 2124 1059 2172 Afferebat
1079 2122 1157 2170 Ille
1182 2122 1364 2168 morbos
1384 2138 1539 2167 omnes
1564 2119 1618 2166 ab
1640 2119 1912 2165 animalculis
1930 2153 1941 2171 ‚
1963 2137 2056 2182 quae
2076 2119 2280 2182 sanguini

456 2193 662 2239 morbose
687 2189 874 2237 inessent
890 2224 902 2242 ,
929 2187 1146 2254 produci,
1168 2186 1365 2233 diversos
1386 2186 1408 2230 a
1427 2183 1607 2231 diversis
1630 2203 1638 2229 :
1669 2183 1955 2230 Animalculis
1981 2184 2068 2229 illis
2098 2184 2278 2247 pestife-

457 2258 515 2303 ris
533 2257 739 2304 animalia
756 2256 838 2301 alia
859 2255 1001 2300 hostes
1025 2249 1110 2299 esse
1138 2251 1343 2316 capitales
1357 2283 1368 2301 ‚
1388 2249 1553 2313 singula
1573 2247 1747 2310 singulis
1767 2288 1779 2303 ,
1810 2248 1969 2311 quibus
1997 2249 2278 2311 exagitaren-

456 2338 528 2368 tur
567 2328 612 2368 &
649 2321 934 2371 delerentur,
967 2334 1014 2364 ut
1042 2318 1216 2382 lepores
1246 2316 1270 2361 a
1299 2314 1513 2362 venaticis
1551 2312 1732 2359 canibus
1751 2346 1763 2365 ,
1801 2329 1873 2358 aut
1909 2313 1963 2358 ab
1990 2313 2279 2378 accipitribus

456 2386 670 2433 columbae
692 2406 702 2432 z
726 2390 779 2433 Se
798 2384 939 2449 probe
963 2381 1083 2431 nosse
1107 2381 1376 2445 singulorum
1399 2377 1765 2424 animalculorum
1785 2377 2090 2442 pestiferorum
2111 2395 2279 2440 genera

454 2470 537 2517 pro
565 2452 713 2498 morbi
741 2448 1037 2512 cujuscunque
1061 2446 1216 2493 natura
1236 2479 1249 2498 ,
1283 2443 1405 2492 noffe
1434 2460 1616 2508 quoque
1642 2442 1914 2505 singulorum
1936 2442 2078 2488 hostes
2112 2444 2278 2490 acerri-

455 2535 552 2562 mos
571 2550 582 2569 ‚
615 2516 690 2579 qui
718 2513 1031 2578 aegrotantibus
1050 2510 1262 2577 opitulari
1287 2509 1459 2574 poffent
1474 2543 1487 2561 ,
1510 2513 1554 2554 &
1577 2507 1818 2554 medicinas
1837 2506 2021 2570 singulas
2039 2541 2050 2559 ,
2071 2525 2165 2570 quae
2186 2508 2279 2554 ani-

456 2581 651 2626 malculis
669 2580 751 2626 illis
773 2578 1011 2626 auxiliariis
1029 2576 1256 2623 foetiffimae
1275 2574 1411 2620 essent
1432 2593 1441 2619 :
1464 2576 1619 2618 Artem
1640 2571 1830 2635 proinde
1848 2571 1891 2617 se
1911 2571 2068 2618 callere
2093 2572 2276 2618 morbos

454 2645 758 2708 quoscumque
785 2644 996 2690 radicitus
1019 2640 1206 2688 curandi
1230 2638 1448 2686 methodo
1481 2635 1687 2683 tutiffima
1707 2670 1719 2689 ,
1754 2635 2002 2683 breviflima
2022 2669 2035 2688 ,
2065 2634 2277 2682 efficacis-

456 2709 573 2754 sima.

512 2776 578 2818 Ut
616 2787 760 2817 autern
789 2772 914 2818 di&is
945 2771 1080 2817 fidem
1108 2768 1274 2815 faceret
1299 2800 1311 2818 ‚
1344 2767 1493 2830 praesto
1524 2780 1618 2812 erat
1653 2762 1996 2827 microscopium
2032 2766 2152 2823 cujus
2187 2781 2275 2828 ope

453 2837 724 2901 gloriabatur
751 2835 868 2900 poffe
888 2851 1174 2899 quaecumque
1190 2832 1360 2877 diceret
1377 2830 1516 2876 oculis
1538 2828 1635 2894 ipsis
1664 2827 1973 2892 repraesentari.
2001 2831 2102 2872 Hoc
2123 2844 2273 2874 autem

454 2901 801 2966 microscopium
832 2901 952 2947 mole
972 2899 1071 2945 stitis
1107 2914 1316 2960 magnum
1338 2928 1350 2947 ,
1370 2912 1461 2940 non
1493 2912 1547 2941 ex
1583 2894 1716 2939 unico
1751 2892 1858 2938 tubo
1894 2892 2014 2937 recto
2034 2925 2046 2943 ,
2074 2907 2119 2937 ut
2145 2910 2270 2937 com-

454 2967 600 3012 munis
629 2965 716 3012 fert
734 2965 830 3011 usus
846 2999 858 3016 ,
879 2964 952 3011 sed
973 2983 1025 3012 ex
1044 2963 1241 3027 quinque
1263 2959 1379 3006 tubis
1400 2957 1622 3006 constabat
1638 2992 1650 3011 ‚
1674 2958 1752 3021 qui
1774 2957 1829 3002 ad
1849 2957 1975 3002 datos
2008 2955 2186 3018 angulos
2208 2957 2273 3002 al-

457 3031 592 3077 ternis
609 3030 784 3076 flexuris
802 3029 984 3092 oblique
1007 3025 1418 3074 committebantur.
1449 3025 1519 3071 Sic
1542 3024 1660 3070 enim
1688 3021 1833 3069 aiebat
1853 3020 2126 3081 objectorum
2158 3020 2272 3067 ima-

456 3095 606 3158 ginem
627 3095 764 3157 magis
785 3095 933 3157 augeri
953 3112 1044 3138 non
1063 3092 1153 3138 sola
1180 3090 1408 3137 radiorum
1435 3087 1700 3135 refracstione
1726 3105 1802 3151 per
1838 3086 1953 3131 vitra
1984 3083 2270 3146 interposita,

455 3175 503 3204 'ut
521 3161 567 3205 in
585 3157 842 3221 vulgaribus
857 3157 1187 3221 microscopiis,
1222 3154 1295 3201 sed
1316 3153 1438 3199 simul
1460 3153 1594 3199 etiam
1624 3151 1887 3198 eorumdem
1918 3147 2161 3194 reflexione
2197 3148 2270 3193 su·-

456 3239 534 3288 pta
559 3223 731 3288 specula
746 3255 761 3281 ‚
789 3238 883 3286 quae
907 3222 964 3270 ad
983 3222 1164 3285 angulos
1184 3218 1378 3283 singulos
1404 3217 1578 3266 interne
1599 3215 1790 3281 apposita
1821 3214 2008 3261 laterent
2034 3229 2048 3266 3
2078 3213 2175 3276 pari
2199 3212 2270 3266 νίς
