2477 3643
627 132 1584 182 113.2R1v.·cA1=v1·1V.
1931 138 2026 200 ,ηε

180 210 313 282 'qu'od
333 215 510 262 maculae
538 214 738 262 venerea:
770 216 972 277 adjunssa
989 216 1173 280 quidem
1192 214 1385 262 habeant
1412 215 1495 262 alia
1514 216 1808 280 symptomata
1834 217 1915 264 luis
1942 237 2020 266 ve-

189 299 331 329 nereae
354 314 366 332 ,
389 279 458 326 sed
481 280 600 327 nulla
620 280 841 333 scorbuti3
862 283 1038 327 maculae
1057 281 1166 328 vero
1181 280 1438 326 scorbuticae
1457 297 1699 345 numquam
1714 281 1987 329 efflorescant
2002 316 2016 335 ‚

191 345 269 392 nisi
290 345 407 409 prii‘is
424 345 616 408 gingivis
632 346 893 391 exulceratis
922 352 965 392 δέ
988 347 1033 391 in
1049 345 1211 408 fungos
1228 345 1602 392 succrescentibus
1619 379 1632 398 ,
1651 344 1858 410 tibiisque
1873 347 2017 393 livore

192 409 545 473 nigrescentibus
558 444 570 461 ,
585 426 680 474 quae
699 410 930 456 certiffima
948 411 1046 457 sunt
1064 410 1260 456 scorbuti
1280 410 1530 456 confirmati
1551 411 1732 457 indicia.

250 481 267 521 1
287 479 318 519 1.
358 474 609 520 Tubercula
627 474 735 521 vero
756 480 802 520 δε
822 476 996 538 pustulae
1019 493 1115 539 quse
1139 475 1163 520 ὲ
1186 492 1349 522 venere
1381 475 1520 528 fiunt,
1542 474 1865 539 dignoscuntur
1896 474 2020 521 facili

193 539 327 604 opera
349 539 372 584 a
395 539 508 585 varis
528 538 599 585 seu
620 539 786 585 iontliis
813 541 943 587 faciei
962 573 976 593 ,
1004 540 1127 603 quod
1147 557 1240 585 non
1264 539 1426 586 faciem
1447 540 1585 586 solam
1612 558 1660 587 ut
1681 540 1775 586 vari
1797 574 1809 591 ‚
1831 539 1904 586 sed
1937 558 2020 586 cae-

192 620 306 650 teras
326 604 523 668 corporis
553 620 697 667 partes
717 621 936 669 occupent
954 639 966 657 ‚
988 610 1032 650 &
1066 605 1113 650 in
1143 606 1314 668 apicem
1331 606 1616 669 purulentum
1645 623 1737 652 non
1760 605 1920 651 abeant
1940 639 1953 657 ,
1974 620 2023 650 ut

192 668 311 715 varis
336 669 566 732 proprium
588 671 645 715 est
660 703 670 721 ,
691 670 765 716 sed
786 670 902 715 durae
920 703 932 722 ,
951 669 1116 715 callosae
1137 703 1149 721 ,
1167 669 1284 715 sicca:
1299 705 1311 722 ,
1332 670 1536 726 crustosa‘,
1548 671 1641 716 sint.
1671 674 1708 715 A
1731 671 1898 716 caeteris
1913 670 2022 716 vero

195 734 305 779 cutis
343 733 461 780 vitiis
490 734 664 779 abunde
691 733 904 780 differunt
929 752 1118 780 numero
1142 768 1154 785 ,
1193 733 1297 780 sede
1334 735 1382 780 in
1413 735 1556 799 pilosis
1581 735 1778 801 partibus
1804 768 1815 786 ,
1849 734 1989 798 figura
2006 763 2019 786 ,

195 798 308 844 callo
325 832 337 849 ,
360 799 512 844 colore
529 833 541 850 ,
568 799 691 845 nodo
722 798 933 845 tuberoso
960 817 1051 862 quo
1083 798 1312 845 tubercula
1335 801 1587 846 renituntur
1606 834 1620 853 ,
1647 799 1815 845 fossulis
1841 799 1888 847 in
1915 817 2023 864 quas

192 862 365 929 pustula³
392 880 660 909 excavantur
676 899 687 915 ,
711 862 953 909 inefficacia
984 864 1286 909 remediorum
1307 880 1402 926 quse
1425 865 1626 910 adhibita
1644 864 1740 910 sunt
1771 870 1858 910 &c.

257 933 355 973 111.
388 928 578 974 Demsim
605 929 817 991 rhagades
852 945 1060 973 manuum
1082 962 1093 979 ,
1122 928 1368 973 defluvium
1386 931 1648 992 capillorum
1669 963 1680 981 ,
1702 930 1916 992 unguium
1953 927 2021 973 vi·-

194 993 281 1044 tia,
305 992 494 1045 scabies,
515 993 661 1040 lichen
683 1027 693 1044 ,
719 993 872 1054 herpes
890 1027 900 1044 ,
924 994 1142 1056 impetigo
1171 998 1257 1038 &c-
1284 993 1383 1038 satis
1413 992 1629 1058 superque
1647 995 1819 1058 liquent
1846 1011 1898 1040 ex
1921 992 2022 1040 des-

197 1058 419 1120 criptione
441 1057 566 1122 supra
618 1057 803 1121 roposita
822 1092 833 1109 ,
856 1064 964 1120 Cap.
988 1076 1018 1101 i.
1041 1063 1160 1104 artic,
1183 1076 1221 1102 2.

255 1126 491 1185 Septimum.
512 1126 555 1167 U
603 1141 676 1168 era
693 1123 962 1168 tonsillarum
981 1156 992 1173 ,
1012 1121 1207 1167 faucium
1220 1157 1231 1174 ,
1249 1122 1494 1169 columellae
1510 1157 1520 1175 ,
1540 1122 1672 1187 palati
1690 1157 1702 1175 ,
1721 1122 2024 1186 gingivarum,

195 1205 295 1232 cuni
318 1187 469 1232 ollium
491 1187 729 1233 adsitorum
753 1187 869 1232 carie
889 1204 900 1239 ·,
922 1188 1070 1233 ulcera
1088 1186 1240 1232 similia
1266 1188 1545 1234 internarum
1565 1189 1738 1234 narium
1758 1222 1770 1241 ,
1791 1206 1890 1234 cum
1906 1188 2025 1234 cai-ie

198 1257 243 1297 δέ
265 1251 469 1315 prolapsu
498 1252 652 1297 offium
682 1251 794 1304 nasi3
814 1252 1056 1297 sarcomata
1084 1286 1095 1304 ,
1117 1251 1270 1316 polypi
1292 1253 1337 1298 in
1365 1253 1542 1298 naribus
1560 1287 1573 1305 ,
1601 1259 1687 1300 &c.
1721 1253 1869 1317 qualia
1898 1252 2024 1317 supra

200 1315 420 1379 descripta
442 1315 539 1361 sunt
557 1350 569 1368 ,
597 1322 703 1380 Cap.
727 1334 754 1361 i.
781 1321 899 1362 artic.
922 1338 950 1377 3.

198 1396 202 1397 ⁷
253 1385 357 1426 Haec
378 1382 531 1426 omnia
548 1381 595 1425 in
622 1381 694 1426 lue
724 1381 915 1428 venerea
932 1381 1179 1427 inveterata
1201 1381 1305 1447 scope
1342 1381 1661 1434 observantur,
1680 1380 1724 1427 in
1749 1396 1926 1427 recente
1955 1397 2026 1425 ra-

197 1443 357 1491 rissime
374 1479 385 1496 ,
412 1445 442 1490 fi
462 1463 670 1509 unquam.
708 1447 890 1509 Singula
923 1445 1204 1510 suppeditant
1223 1448 1343 1510 signa
1366 1447 1556 1492 totidem
1578 1447 1789 1511 primaria
1805 1481 1818 1498 ‚
1834 1446 1864 1490 fi
1881 1445 2026 1491 sarco-

197 1526 316 1556 mata
348 1516 394 1555 δε
418 1512 605 1576 polypos
642 1512 816 1557 narium
840 1511 1032 1576 excipias
1060 1545 1072 1564 ‚
1101 1512 1179 1574 qui
1212 1512 1310 1557 sunt
1348 1512 1518 1557 ordinis
1555 1511 1727 1557 tantum
1761 1510 2026 1557 secundarii.

199 1574 368 1623 Verum
402 1593 530 1622 cauto
560 1594 670 1641 opus
698 1578 757 1622 est
784 1594 841 1623 ne
871 1594 1062 1622 venerea
1091 1578 1240 1623 ulcera
1277 1576 1521 1622 istiusmodi
1559 1575 1894 1622 confundantur
1928 1594 2029 1621 cuin

197 1640 424 1687 ulceribus
449 1640 705 1687 scorbuticis
738 1659 786 1686 os
821 1640 1127 1687 infestantibus
1153 1675 1165 1693 ‚
1198 1640 1400 1687 affinibus
1426 1642 1609 1704 quidem
1640 1640 1742 1687 sede
1776 1674 1788 1692 ‚
1822 1640 2031 1692 feritate,

202 1705 442 1751 curationis
459 1704 718 1752 difficultate
736 1740 749 1758 ,
769 1705 842 1752 sed
860 1723 953 1768 quae
970 1722 1121 1752 tamen
1141 1702 1350 1752 differant
1370 1707 1518 1751 multis
1538 1705 1810 1751 nominibus.

262 1778 322 1814 10.
350 1769 487 1828 Quod
514 1772 662 1816 ulcera
694 1787 885 1817 venerea
911 1769 1103 1834 primum
1135 1771 1327 1816 tonsillas
1354 1804 1367 1822 ,
1399 1770 1547 1816 fauces
1565 1804 1577 1823 ,
1609 1770 1864 1816 columellas
1883 1803 1896 1822 ,
1925 1769 2033 1817 inde

200 1835 404 1899 gingivas
423 1869 434 1886 ,
455 1834 529 1881 sed
549 1835 713 1880 tardius
733 1835 958 1897 rariusque
980 1854 991 1888 ·‚
1015 1836 1171 1881 contra
1193 1836 1301 1894 vei-5⁸)
1319 1834 1570 1881 scorbutica
1589 1834 1782 1894 primum
1801 1835 2004 1898 gingivas
2019 1868 2032 1888 ,

198 1901 304 1947 inde
322 1900 429 1945 vero
446 1899 620 1951 fauces,
642 1900 848 1952 tonsillas,
868 1900 1151 1946 columellam
1168 1899 1375 1950 afficiant,
1393 1899 1468 1946 sed
1491 1899 1698 1946 rarissime
1716 1905 1761 1945 δέ
1782 1900 2033 1945 tardiflime.

270 1974 334 2010 20.
367 1964 504 2023 Quod
538 1964 684 2011 ulcera
708 1982 900 2012 venerea
927 1982 1053 2011 nares
1080 1965 1186 2030 soepe
1203 1999 1215 2018 ,
1238 1964 1488 2012 scorbutica
1510 1965 1617 2011 verb
1643 1982 1770 2012 nares
1790 1981 2035 2028 numquam

204 2047 439 2094 occupent.

268 2103 334 2158 30.
351 2095 490 2153 Quod
512 2112 704 2142 venerea
718 2095 765 2140 in
785 2094 951 2141 ambitu
974 2099 1017 2141 &
1032 2094 1120 2140 bafi
1141 2094 1300 2142 callosa
1314 2093 1394 2140 sint
1415 2113 1426 2148 3
1443 2095 1625 2141 minime
1643 2095 1748 2142 verb
1768 2092 2032 2140 scorbutica.

267 2169 335 2218 40.
365 2161 503 2219 Quod
524 2177 712 2207 venerea
741 2160 1074 2223 circumscripta
1100 2165 1146 2206 &
1167 2161 1428 2224 plerumque
1451 2160 1681 2206 circularia
1700 2160 1832 2206 certis
1859 2157 2034 2204 tantuin

201 2226 311 2274 locis
331 2226 546 2272 inlideant
567 2244 578 2278 3
599 2225 753 2271 contra
774 2226 882 2271 vero
912 2224 1162 2270 scorbutica
1190 2221 1407 2288 serpentia
1436 2229 1480 2269 &
1509 2224 1767 2287 irregularia
1791 2222 1919 2270 latius
1951 2240 2033 2270 ex-

204 2291 426 2357 plicentur
444 2325 455 2342 ,
475 2297 520 2337 δέ
541 2306 680 2336 totam
699 2291 789 2335 oris
810 2289 1044 2336 cavitatem
1065 2308 1154 2335 non
1177 2292 1274 2334 raro
1294 2289 1405 2335 male
1424 2286 1632 2335 afficiant.

269 2358 327 2417 5⁰.
357 2356 495 2413 Qubd
525 2372 715 2401 venerea
740 2354 942 2400 erosione
973 2370 1269 2407 excaventur,
1302 2353 1551 2400 scorbutica
1583 2353 1692 2400 vero
1717 2351 1765 2398 in
1792 2351 1956 2416 fungos
1985 2356 2033 2399 δε

203 2419 411 2482 fungosas
436 2417 769 2483 hypersarcoses
796 2418 1065 2464 excrescant.
2003 2453 2007 2456 .

258 2493 324 2529 60.
356 2484 492 2541 Quod
533 2500 721 2529 venerea
758 2483 805 2527 in
839 2482 1009 2529 ambitu
1047 2481 1179 2528 rubra
1204 2515 1217 2534 ,
1250 2482 1298 2527 in
1325 2481 1471 2529 fundo
1504 2500 1557 2529 ex
1583 2480 1685 2527 albo
1717 2480 1894 2528 cinerea
1918 2480 2031 2533 sint3

210 2549 463 2597 scorbutica
484 2548 590 2594 vero
615 2563 709 2592 tota
729 2547 895 2593 liveant
918 2547 1147 2610 perpetuo.

273 2623 340 2672 70.
375 2612 511 2669 Quod
534 2629 726 2658 venerea
746 2612 946 2674 subjectis
966 2611 1124 2658 ossibus
1145 2610 1307 2658 cariem
1326 2611 1518 2658 celerem
1534 2610 1729 2658 inferant
1750 2628 1761 2663 3
1780 2609 2032 2656 scorbutica

207 2696 452 2743 numquam
474 2677 544 2723 vel
574 2677 688 2722 raro.

271 2749 335 2788 80.
368 2741 563 2788 Demi‘im
595 2740 716 2804 quod
738 2740 886 2787 ulcera
903 2758 1093 2788 venerea
1113 2739 1314 2801 adjuncta
1334 2740 1526 2787 habeant
1552 2740 1673 2803 figna
1700 2738 1783 2785 luis
1800 2756 2031 2792 venereae3

211 2807 461 2853 scorbutica
481 2807 588 2853 vero
610 2805 805 2852 scorbuti
824 2805 942 2869 signa
961 2824 1056 2869 quae
1076 2806 1217 2851 aliena
1239 2804 1351 2851 sunt.

272 2874 496 2918 Offimum.
528 2873 722 2917 Dolores
746 2872 926 2917 venerei
961 2870 1252 2920 rheumatici‚
1279 2868 1498 2923 arthritici
1522 2901 1534 2920 ‚
1566 2866 2032 2913 rheumatico-arthri-

209 2936 286 2982 tici
305 2970 315 2987 ,
337 2934 592 2985 ischiadici,
610 2935 836 2997 osteocopi
857 2940 943 2979 &c.
967 2933 1093 2997 supra
1123 2933 1365 2996 propositi,
1394 2940 1503 2996 Cap.
1525 2950 1555 2976 1.
1579 2935 1749 2977 articulo
1766 2953 1810 2989 4.
1830 2930 1860 2975 fi
1889 2948 2032 2979 reme-

207 3001 292 3048 diis
314 2999 478 3046 diutius
501 2998 688 3044 resistant
706 3031 717 3048 ,
738 3003 781 3042 δε
805 3000 938 3042 noCtu
955 2998 1164 3043 atrociter
1184 2996 1506 3058 ingravescant.

267 3064 380 3110 Elici
398 3062 571 3127 poffunt
590 3081 642 3108 ex
661 3061 883 3126 prioribus
910 3061 1120 3108 dolorum
1148 3061 1385 3123 generibus
1406 3059 1573 3106 indicia
1596 3059 1766 3106 tantum
1784 3059 1869 3106 luis
1893 3077 2034 3108 vene-

209 3146 296 3176 rea:
330 3127 403 3176 seu
428 3128 547 3193 signa
578 3125 776 3176 secundae
806 3143 919 3173 notae
955 3146 965 3174 :
1000 3131 1062 3174 Ex
1090 3125 1324 3174 doloribus
1357 3126 1466 3175 verb
1498 3126 1742 3190 osteocopis
1779 3125 1899 3188 figna
1928 3126 2034 3173 vere

202 3210 421 3244 ‹um-voca.
1729 3219 1732 3221 ‡

1681 3250 1822 3315 Ssiij

2064 468 2115 505 II.
2143 471 2315 517 Tubenp

2063 521 2142 556 cula
2157 527 2191 559 &
2213 517 2294 572 put}

2064 573 2161 612 tulae.

2068 939 2143 976 III.
2183 939 2298 978 Rham

2066 992 2176 1044 gades
2211 1003 2299 1027 ma-

2066 1057 2174 1081 nuum
2192 1070 2205 1087 ‚
2230 1042 2297 1078 de-

2065 1096 2221 1135 fluvium
2237 1106 2299 1130 ca-

2068 1149 2242 1200 pillotum
2257 1173 2272 1190 ,

2066 1214 2157 1239 vitia
2187 1210 2264 1237 un-

2068 1254 2210 1307 guium.

2085 1324 2288 1372 Septimum.

2069 1375 2204 1414 Ulcera
2221 1373 2306 1409 ἴω·

2070 1429 2165 1465 cium
2182 1453 2192 1469 ,
2208 1422 2317 1483 palas

2071 1481 2121 1523 ti,
2140 1479 2308 1531 gingiva·-

2074 1545 2172 1572 tum.

2101 2869 2298 2906 offavuma

2078 2920 2237 2962 Dolores
2250 2929 2310 2964 vt-

2078 2976 2187 3020 nerei,
