2477 3643
727 139 1545 189 annnIV.CAvu·r
1606 144 1664 188 X.
1934 164 2020 210 391

190 235 246 268 ca
265 249 279 273 ,
306 233 405 284 quae·
421 215 680 283 sanguinem
704 235 895 267 atterant
914 255 926 274 ‚
947 227 991 270 δε
1011 222 1303 271 excedentem
1322 222 1543 286 sauguinis
1563 223 1752 271 muriam
1769 224 1928 276 diurefi
1949 231 2021 278 vel

192 284 269 332 dia
301 282 445 331 horesi
465 282 704 330 excludant
721 318 733 336 ‚
756 301 803 331 ut
826 285 1008 334 decocta
1025 293 1069 334 &
1090 287 1278 335 bocheta
1298 306 1350 335 ex
1369 287 1501 352 lignis
1521 321 1534 340 ‚
1554 288 1796 336 corticibus
1813 324 1826 342 ‚
1856 294 2019 341 radici„

192 347 254 396 bu
275 366 363 413 que
382 347 630 395 sudorificis
649 382 661 401 ‚
690 365 737 394 ut
759 368 811 397 ex
837 352 961 413 ligno
983 353 1180 400 Guaiaco
1201 359 1247 400 &
1268 351 1456 400 sassafras
1477 371 1489 408 ·,
1515 354 1682 400 cortice
1704 355 1886 402 Guaiaci
1906 376 1917 410 ς
1947 378 2018 406 ra-

190 413 366 460 dicibus
384 412 540 460 Chinae
559 446 572 466 ‚
594 411 893 479 salsae-pa1·illae
915 423 1001 463 &c.
1032 435 1223 483 quorum
1247 419 1336 465 duo
1364 419 1435 466 vel
1462 435 1549 464 tres
1578 417 1748 465 hau-stus
1769 418 2018 469 absorben-

191 493 264 525 tur
293 480 340 524 in
366 478 443 526 die
477 496 556 543 per
589 477 894 527 hebdomadas
932 483 1053 529 duas.
1086 491 1148 529 20.
1193 483 1367 537 Juscula
1394 501 1448 530 ex
1482 483 1646 548 viperis
1686 483 1758 533 vel
1788 485 2021 542 colubris,

187 561 284 609 quae
307 562 385 609 per
406 543 501 590 dies
529 561 598 602 ¹4·
626 543 699 590 vel
728 564 804 592 20.
833 563 1093 611 repetuntur
1123 566 1222 594 cum
1244 548 1400 595 debito
1418 549 1651 612 regimine.

259 610 321 669 3⁰.
352 607 488 666 Quod
509 608 539 653 si
559 626 609 655 ea
630 607 856 674 sanguinis
876 612 985 658 vitia
1003 647 1015 665 ‚
1036 614 1279 660 acrimonia
1307 631 1467 678 nempe
1503 629 1634 678 atque
1671 613 1895 662 visciclitas
1927 614 2014 661 unzi

186 688 460 719 concurrant
481 707 493 726 ‚
521 688 626 719 tunc
654 675 874 723 necessum
900 678 957 722 est
977 678 1199 742 proposita
1218 697 1398 743 quoque
1420 680 1617 727 remedia
1649 680 1921 742 conjundtim
1941 679 2013 728 vel

187 737 443 785 alternatim
473 738 692 785 exhiberi.
728 744 981 796 Conjunflim
1009 743 1222 806 quidem,
1242 762 1287 789 ut
1311 744 1338 788 sl
1368 744 1432 790 lac
1452 744 1641 791 decoClw
1678 743 1918 792 sudorifico
1948 745 2014 792 al-

187 816 357 850 teretur
374 837 387 856 ,
414 819 488 849 aut
505 803 536 848 si
556 804 677 850 horis
704 803 907 852 serotinis
932 805 1144 867 jusculum
1170 826 1223 854 ex
1253 809 1403 872 vipera
1422 843 1435 861 ‚
1457 809 1684 856 matutinis
1715 809 1780 856 lac
1815 811 2014 875 praebea-

186 882 259 914 tur
279 887 289 913 t
310 871 562 915 Alternatim
583 869 691 916 veri)
712 903 724 921 ‚
744 886 790 915 ut
811 869 839 915 fi
860 870 1093 918 sudorifica
1114 874 1297 920 decocta
1318 875 1387 920 vel
1408 875 1609 939 viperina
1628 873 1793 937 juscula
1813 876 1911 923 laeti
1927 874 2015 939 jus·-

185 931 384 997 culisque
419 934 800 1005 temperantibu53
820 936 886 982 lac
908 938 1023 983 vero
1049 937 1304 1002 jusculaque
1334 940 1628 1004 temperantia
1652 940 1847 988 decoffls
1877 941 2013 988 sudo-

187 997 322 1045 tificis
337 1033 350 1051 ,
377 997 644 1063 jusculisque
670 1000 882 1064 viperinis
900 1019 979 1066 per
997 1003 1115 1050 vices
1134 1003 1387 1050 succedant.

250 1073 318 1122 4⁰.
346 1068 466 1110 Dum
487 1063 577 1110 haec
596 1065 715 1110 intro
734 1065 1005 1113 adhibentur
1022 1101 1034 1120 ,
1058 1084 1105 1114 ut
1131 1069 1427 1115 emendentur
1460 1069 1569 1116 vitia
1599 1068 1821 1132 sanguinis
1841 1104 1854 1123 ‚
1887 1069 2017 1118 extus

189 1125 362 1174 faciunt
396 1128 452 1174 ad
488 1128 756 1176 firmandum
789 1132 978 1195 partium
1018 1133 1271 1179 dolentium
1303 1150 1459 1181 tonum
1498 1137 1554 1180 1⁰.
1590 1135 1857 1183 Fricationes
1893 1135 2016 1182 siccae·

187 1210 292 1239 cum
318 1211 467 1258 panno
497 1193 627 1241 laneo
656 1195 862 1242 molliore
889 1197 945 1242 ad
963 1198 1078 1244 cutis
1095 1198 1339 1245 ruborem:
1363 1205 1428 1245 2⁰.
1455 1200 1737 1246 InunCtiones
1762 1199 2017 1265 multigenae

188 1275 293 1304 cum
314 1257 504 1321 axungia
528 1259 612 1305 ursi
631 1294 639 1310 ,
668 1260 757 1305 taxi
777 1294 790 1313 ‚
811 1261 1066 1326 viperarum
1083 1297 1096 1316 ,
1118 1262 1373 1328 serpentum
1392 1298 1408 1315 „
1430 1263 1734 1310 humanam.
1770 1283 1871 1312 cum
1908 1266 2017 1312 oleo:

188 1321 527 1369 chamaemelino
542 1357 554 1376 ,
571 1324 741 1370 laurino
765 1359 782 1378 ,
800 1326 1016 1373 anethino
1033 1362 1044 1380 ‚
1067 1345 1247 1374 ruraceo
1264 1362 1276 1380 ‚
1298 1328 1584 1394 scorpionum
1603 1329 1831 1376 Matthioli
1847 1363 1859 1383 ‚
1877 1330 2016 1377 catel-

186 1386 338 1434 lorum
355 1422 367 1440 ,
393 1387 714 1436 lumbricorum
732 1423 743 1442 ,
765 1392 937 1437 nucistae
957 1426 968 1444 ‚
987 1392 1173 1440 laterum
1200 1393 1288 1440 five
1309 1393 1675 1459 philosophorum
1706 1400 1792 1441 &c.
1819 1412 1919 1441 cum
1947 1395 2015 1441 sa-

187 1469 307 1517 pone
328 1452 447 1499 duro-
465 1458 511 1499 δε
532 1452 688 1518 spiritu
709 1456 802 1503 vini
823 1457 895 1503 vel
916 1457 1027 1520 aqud
1055 1458 1305 1506 vulnerari&
1325 1465 1411 1505 δίε.
1438 1477 1538 1505 cum
1571 1458 1764 1506 balsamo
1798 1460 2018 1524 tranquil-

189 1519 236 1564 lo
256 1551 269 1571 ,
296 1523 342 1564 δε
364 1518 458 1564 aliis
478 1518 604 1581 hujus
624 1521 799 1583 generis
829 1521 1042 1568 sexcentis
1067 1542 1077 1569 :
1114 1524 1176 1585 3'.
1204 1525 1553 1571 Exercitationes
1580 1529 1731 1586 jejuno
1759 1525 2020 1572 ventriculo

187 1582 247 1631 ad
274 1581 507 1630 madorem
533 1584 668 1648 usque
696 1604 707 1630 z
746 1587 811 1644 4⁰.
837 1587 954 1633 Usus
978 1588 1263 1651 quotidianus
1294 1588 1510 1635 subuculae
1534 1590 1668 1636 laneae
1686 1607 1781 1653 quae
1801 1590 1855 1636 ad
1876 1591 2019 1637 cutim

189 1648 396 1712 proxima
422 1648 470 1693 sit
497 1654 584 1694 &c.
610 1667 705 1712 quae
723 1649 752 1695 fi
773 1651 900 1698 irrita
922 1651 1003 1698 fint
1024 1669 1098 1699 aut
1125 1653 1274 1700 minus
1299 1653 1492 1701 efficacia
1521 1654 1575 1700 ad
1605 1654 1895 1708 embroches,
1918 1656 2017 1702 bal-

190 1728 274 1759 nea
310 1729 364 1758 ue
385 1712 690 1766 thermarum,
726 1714 966 1779 praesertim
999 1735 1149 1764 earum
1177 1736 1273 1782 quae
1306 1719 1403 1766 sunt
1431 1720 1455 1766 ὲ
1487 1718 1778 1766 sulfurearum
1811 1737 1976 1784 genere
2000 1753 2016 1773 ,

190 1729 547 1841 consugiendum
569 1779 628 1824 est
644 1812 657 1831 ,
678 1779 795 1842 quali
815 1781 871 1827 ad
892 1780 1056 1828 sacram
1081 1784 1334 1829 anchoram.

259 1849 320 1902 50.
351 1843 572 1888 Caeterum
598 1843 841 1908 diligenter
861 1846 1179 1910 inquirendum
1211 1851 1270 1896 est
1286 1883 1298 1902 ,
1323 1866 1432 1895 num*
1456 1849 1637 1896 dolores
1668 1849 1732 1896 illi
1759 1849 1837 1913 qui
1861 1864 2017 1895 curatu

188 1904 392 1954 difficiles
414 1906 512 1953 sunt
529 1941 542 1960 ‚
562 1908 586 1953 a
607 1907 795 1955 seminio
818 1909 1071 1958 scorbutico
1099 1912 1214 1960 forte
1240 1914 1511 1978 proveniant
1529 1948 1541 1967 ‚
1566 1914 1621 1962 de
1648 1932 1738 1978 quo
1761 1916 2020 1977 conjecitura.

188 1971 277 2019 erit
299 1990 352 2019 ex
374 1971 573 2019 ulcerosa
608 1973 893 2036 gingivarum
925 1977 1163 2042 putredine
1179 2011 1195 2031 ‚
1225 1995 1298 2024 aut
1321 1997 1373 2025 ex
1411 1978 1583 2032 rubris,
1607 1979 1817 2026 violaceis
1835 2012 1848 2032 ,
1875 1979 2020 2040 nigris

190 2036 406 2083 tibiarum
432 2037 616 2083 maculis
633 2043 678 2084 &
695 2038 917 2086 vibicibus
934 2059 945 2095 3
965 2059 1059 2106 quae
1087 2041 1118 2087 fi
1139 2060 1378 2107 appareant
1394 2077 1406 2096 ‚
1430 2044 1483 2090 iis
1508 2044 1719 2091 remediis
1746 2043 2016 2109 potiffimum

191 2101 479 2149 infistendum
505 2102 592 2149 erit
608 2136 620 2154 ,
641 2120 736 2166 quae
756 2105 965 2153 adversus
981 2106 1241 2154 scorbutum
1260 2108 1477 2155 efficacius
1497 2110 1646 2156 valent
1664 2143 1676 2162 ,
1696 2109 1752 2156 de
1770 2109 1930 2173 quibus
1950 2108 2017 2154 su-

194 2166 275 2232 pra
303 2166 482 2228 hujusce
517 2167 640 2213 Libri
669 2173 780 2234 Cap.
807 2178 853 2217 6.
882 2180 918 2230 ς.
943 2193 981 2235 3.
1009 2188 1091 2219 art.
1111 2193 1147 2237 3.
1174 2191 1216 2219 n.
1242 2191 1278 2237 5.
1305 2174 1360 2219 iis
1389 2189 1538 2221 tamen
1570 2191 1665 2221 non
1697 2174 1887 2228 omissis,
1918 2190 2017 2239 quae

190 2231 335 2280 modo
351 2230 684 2299 proposuimus.

463 2370 503 2419 §.
546 2364 672 2409 VII.
723 2365 1146 2412 HERPETES
1196 2367 1292 2412 ET
1339 2328 1770 2415 LICHENE’S.

251 2493 295 2537 V
312 2492 330 2534 Ι
348 2492 382 2534 1.
432 2491 538 2537 Nec
557 2489 720 2556 dispari
745 2491 840 2540 fere
872 2493 1089 2541 methodo
1115 2494 1399 2560 herpetibus‚
1424 2494 1675 2543 lichenibus
1691 2529 1703 2547 ,
1730 2492 1984 2605 impetigini
2000 2528 2014 2548 ‚

189 2553 448 2618 'caeterisque
475 2555 587 2600 cutis
613 2557 733 2603 vitiis
755 2558 1028 2605 medendum
1057 2561 1144 2615 est,
1164 2559 1194 2606 si
1227 2564 1319 2626 post
1349 2560 1473 2608 usum
1504 2561 1782 2623 hydrargyro
1806 2578 1882 2606 eos
1915 2578 2014 2624 per·

192 2635 431 2672 maneant,
459 2620 581 2683 quod
610 2639 700 2667 non
731 2641 878 2669 rarum
898 2643 909 2676 ·‚
931 2640 1004 2669 aut
1025 2625 1149 2688 quod
1181 2624 1457 2690 frequentius
1484 2628 1543 2672 est
1562 2659 1574 2677 ,
1606 2624 1635 2670 si
1670 2643 1745 2690 per
1780 2625 2017 2671 intervalla

191 2700 486 2731 renoventur.
514 2689 636 2732 Nam
659 2687 760 2733 cum
780 2706 1016 2752 utrumque
1040 2691 1330 2752 repetendum
1356 2691 1402 2736 sit
1422 2726 1434 2744 ,
1463 2707 1510 2737 ut
1538 2691 1593 2736 de
1619 2689 1850 2736 doloribus
1878 2690 2015 2735 modo

191 2747 453 2796 dicebamus
471 2784 484 2803 ‚
520 2753 580 2795 1⁰.
613 2752 697 2799 Vel
722 2752 778 2799 ab
804 2753 1048 2801 acrimonia
1068 2754 1288 2817 sanguinis
1305 2790 1316 2808 ‚
1338 2773 1469 2820 atque
1489 2756 1603 2803 adeo
1623 2754 1822 2802 humoris
1843 2753 2017 2802 sebacei

194 2817 244 2858 &
273 2813 438 2859 mucofi
460 2848 472 2866 ‚
493 2815 655 2878 quibus
676 2819 787 2864 cutis
813 2821 976 2884 jugiter
1010 2820 1222 2867 madescit
1256 2841 1265 2866 ι
1296 2830 1358 2867 20.
1393 2823 1472 2869 Vel
1496 2822 1520 2868 a
1551 2820 1801 2866 visciditate
1833 2837 2018 2865 eorum-

197 2876 301 2923 dem
323 2878 563 2925 humorum
580 2914 592 2930 ,
615 2881 851 2944 praesertim
872 2903 966 2948 quse
984 2902 1083 2929 cum
1105 2887 1285 2931 acritate
1307 2889 1540 2945 conjund'ta
1559 2885 1607 2930 sit
1629 2905 1638 2931 ε
1660 2891 1716 2947 3⁰.
1754 2885 1834 2930 Vei
1865 2884 1918 2929 ab
1949 2884 2020 2928 ul-

196 2940 353 2988 cerosa
373 2943 565 2990 mollitie
583 2946 894 3007 glandularum
914 2949 1115 3010 corporis
1134 2950 1352 2996 reticulati
1371 2950 1442 2997 seu
1466 2949 1628 2996 mucoli
1645 2983 1657 3001 ‚
1694 2955 1739 2995 ὃς
1773 2948 2021 3012 superjecstae

199 3006 400 3052 cuticulae
419 3041 430 3059 ‚
449 3024 541 3070 quae
564 3009 748 3055 vitiosos
772 3010 920 3059 succos
943 3013 967 3058 a
987 3013 1198 3076 sanguine
1216 3012 1344 3060 facile
1371 3015 1706 3076 irnbibantfiltri
1725 3014 1854 3059 instar
1875 3048 1888 3066 >
1915 3030 2026 3060 COR-

194 3069 381 3135 sequens
401 3074 459 3118 est
478 3072 532 3118 ad
550 3072 803 3122 affectiones
822 3077 915 3125 illas
937 3094 1141 3124 cutaneas
1161 3079 1370 3125 radicitus
1389 3082 1599 3126 curandas
1620 3078 1872 3126 adhibenda
1891 3078 1992 3125 esse.

269 3145 331 3182 10.
356 3136 524 3183 Eadem
546 3139 742 3186 remedia
759 3175 770 3193 ‚
790 3159 883 3205 quae
901 3143 1040 3189 modo
1059 3142 1365 3208 proposuimus
1393 3145 1599 3192 adversus
1618 3145 1775 3191 eadem
1806 3142 2027 3207 sanguinis

2086 2503 2170 2542 VH.
2191 2503 2294 2540 Hei-⁴

2064 2566 2164 2604 petes
2181 2558 2216 2591 δι
2243 2554 2293 2593 li*

2063 2606 2206 2654 chenes,

2095 3145 2308 3199 Qomodq

197 3200 338 3253 vitia,
369 3200 697 3266 humorumque
737 3207 815 3269 qui
840 3209 863 3255 εὶ
884 3207 1098 3274 sangiune
1124 3208 1398 3265 scaturiunt,
1429 3211 1723 3260 acrimoniam
1760 3208 1928 3258 scilicet
1955 3224 2032 3257 aut
2073 3201 2237 3241 curandi.

202 3264 454 3320 yistiditate
464 3284 510 3314 m
526 3268 797 3318 morbosam.
