2477 3643
187 426 383 464 Laurentio

157 479 311 518 Phrisso.

217 544 322 581 1532·

184 1406 295 1442 Petro
314 1408 387 1442 An·

158 1456 254 1494 draea
283 1460 390 1495 Mat-

160 1509 296 1551 thiolo.

216 1569 342 1612 ⁸536-

195 1938 391 1992 'Alphonso

162 1991 303 2029 Ferrio.

227 2058 349 2092 1539-

197 2589 390 2637 H}eroxiy-

168 2653 229 2676 sno
245 2637 394 2676 faacal‘-

171 2693 282 2727 torio.

225 2756 267 2791 ij
285 2757 348 2788 49„

235 3022 399 3060 Antonio

173 3074 282 3110 Musa
301 3073 399 3110 Bras-

173 3125 313 3180 [avolo.

225 3190 348 3227 1553*

437 133 491 180 18
807 128 1929 177 DEMORBISV'ENEREI‘S.

427 238 454 257 η
475 209 530 257 ab
552 213 644 272 ejus
663 223 767 256 ortu
798 224 945 256 totum
975 208 1024 255 in
1059 209 1298 256 Germani&
1335 209 1567 256 biennium
1611 208 1798 258 Medici.
1819 243 1831 255 .
1853 243 1864 255 .
1887 245 1897 257 .
1933 213 2140 260 Demum'
2164 219 2264 279 cap}

427 302 453 320 »ι
476 294 521 335 4.
563 280 614 322 In
647 275 729 322 hac
764 274 1053 322 Medicorum
1085 275 1443 322 consternatione
1475 306 1491 327 ,
1538 274 1606 321 his
1640 273 1868 322 erroribus
1907 276 2178 340 ingesserunt
2211 273 2270 326 se:

427 365 454 386 a.
476 341 739 405 Chirurgici
755 357 938 386 manum
957 339 1266 387 admolientes.

485 411 542 453 X.
589 406 848 453 Laurentius
879 404 1092 458 Phrifius,
1120 408 1395 456 Germanus,
1423 402 1472 448 in
1502 402 1731 468 Opusculo
1761 398 1846 452 De'
1867 405 2025 452 Morbo
2061 411 2223 456 Gallico
2242 452 2260 468 ‚

426 472 553 537 quod
584 471 752 518 Bafileae
771 470 942 517 editum
973 469 1060 515 fuit
1079 486 1197 516 anno
1224 488 1239 516 1
1257 490 1272 530 5
1289 491 1305 531 3
1320 488 1360 515 2.
1387 467 1443 514 sic
1464 468 1524 514 ait
1542 483 1633 532 cap.
1658 486 1688 513 1.
1715 491 1738 508 rc
1760 474 1896 515 Anno
1917 470 2083 518 Christi
2104 477 2260 523 Salva-

429 565 453 582 η
475 538 583 583 toris
607 536 742 582 nostri
769 543 905 593 1496.
925 534 1137 582 efferbuit
1159 536 1343 599 quidam
1363 532 1546 579 morbus
1578 533 1863 580 atrociffimus
1880 568 1895 587 ,
1914 535 2084 583 irruens
2108 539 2156 585 in
2175 541 2262 587 ho-

428 628 453 646 „
473 603 615 648 mines
644 600 758 646 saevo
785 599 943 655 morsu
970 599 1170 647 ulcerum
1188 634 1201 652 ‚
1237 598 1543 664 glandularum
1581 602 1628 643 ἅτ
1662 598 1990 646 duriffimorum
2019 601 2259 660 dolorum,

428 693 454 711 ,ω
475 667 589 714 adeo
613 665 802 712 notabili
822 665 1020 711 cruciatu
1037 698 1050 717 ,
1071 665 1196 729 quod
1213 663 1370 728 singuli
1390 663 1593 709 videntes
1611 661 1873 728 obstupuere
1891 684 1900 710 :
1920 681 2026 710 nam
2044 684 2058 711 1
2080 686 2106 712 N
2127 687 2151 714 e
2168 688 2196 715 o
2214 689 2264 716 G..

428 757 455 776 υ
477 751 505 779 N
524 751 538 778 1
559 750 585 777 T
605 748 631 777 u
651 748 668 776 s
710 737 754 776 &
802 748 815 774 1
839 747 868 775 N
886 747 918 776 v
937 748 952 774 1
971 746 988 773 s
1009 746 1037 775 U
1055 747 1072 774 s
1111 746 1204 776 erat
1229 731 1307 777 iste
1342 727 1518 794 pestifer
1549 727 1734 773 morbus
1761 745 1855 774 non
1887 730 2058 776 tantum
2091 734 2228 798 vulgo
2245 770 2259 788 ,

427 823 453 842 υ
475 798 631 844 verum
665 796 799 843 etiam
833 795 987 841 Dostis
1020 800 1066 840 δε
1097 794 1144 840 in
1177 795 1292 841 sacra
1323 792 1556 841 Medicina
1583 792 1768 839 eruditis
1775 828 1909 839 .....
1927 798 2142 860 Pauperes
2171 802 2261 847 hoc

430 889 456 907 ,ι
478 863 594 908 malo
615 860 870 907 laborantes
889 859 1225 925 expellebantur
1244 859 1300 905 ab
1320 858 1553 904 hominum
1574 857 1915 905 conversatione
1944 874 2152 924 tanquam
2178 883 2263 929 pu-

427 953 453 972 „
475 928 700 973 rulentum
735 926 924 972 cadaver
944 959 956 978 ‚
976 924 1176 971 derelicti
1205 924 1229 969 εὶ
1260 924 1451 970 Medicis
1470 957 1481 975 ,
1503 922 1614 985 (qui
1642 921 1686 968 se
1714 923 1929 970 nolebant
1957 924 2263 977 intromittere

429 1016 455 1035 η
475 992 522 1036 in
544 1009 695 1038 curam
723 990 813 1037 tzlm
832 988 1101 1055 speculando
1127 994 1174 1035 &
1197 988 1472 1035 consulendo
1490 1021 1503 1040 ‚
1520 986 1655 1051 quam
1685 987 1919 1034 visitando.
1939 993 1953 1048 )
1984 991 2262 1041 Habitabant

429 1080 455 1099 »ι
476 1059 522 1102 in
541 1057 656 1102 arvis
676 1062 722 1103 Sc
743 1055 884 1117 sylvis.
915 1053 1070 1113 Quum
1098 1055 1236 1118 igitur
1262 1053 1467 1100 homines
1501 1053 1549 1098 in
1579 1066 1750 1098 tantum
1779 1052 2063 1101 discederent
2092 1056 2146 1103 ab
2174 1059 2263 1106 illis

429 1145 456 1172 »ᾳ
473 1122 642 1168 miseris
659 1156 672 1174 ,
692 1137 886 1168 attamen
915 1118 1125 1167 Sublimis
1156 1125 1203 1165 &
1233 1117 1461 1165 Gloriosus
1482 1118 1639 1164 nolens
1657 1116 1971 1182 derelinquere
1993 1119 2094 1167 illos
2113 1157 2124 1174 ‚
2151 1141 2265 1185 quos

428 1208 456 1229 »ι
476 1186 554 1234 suo
574 1186 769 1251 pretioso
797 1185 1012 1248 sanguine
1044 1185 1231 1248 diraque
1261 1199 1408 1229 morte
1436 1182 1654 1234 redemit,
1683 1181 1797 1230 misit
1827 1201 1881 1230 ex
1908 1184 2113 1232 Gallia&
2136 1191 2263 1236 Nea-

430 1277 457 1297 2,
479 1253 571 1317 poli
590 1251 831 1298 nonnullos
852 1249 1100 1315 Empiricos
1129 1249 1199 1297 vel
1233 1249 1438 1295 Medicos
1457 1282 1470 1300 ‚
1499 1249 1577 1311 qui
1612 1246 1757 1312 potius
1785 1250 2016 1295 temeraria
2045 1253 2228 1299 audacia
2247 1287 2263 1309 ‚

433 1341 461 1363 υ
477 1318 612 1381 quam
628 1316 835 1362 industria
855 1331 1088 1379 coeperunt
1110 1332 1265 1361 curare
1285 1314 1490 1360 homines
1510 1313 1596 1359 hoc
1617 1312 1735 1357 malo
1752 1312 2018 1361 laborantes.

495 1387 585 1429 XI.
623 1386 776 1428 Petrus
809 1380 1021 1426 Andraeas
1045 1379 1310 1425 Matthiolus
1326 1413 1338 1431 ,
1363 1378 1560 1426 Senensis
1577 1412 1592 1432 ‚
1611 1377 1659 1423 in
1687 1377 1914 1441 Opusculo
1940 1379 2029 1426 five
2066 1380 2263 1447 Dialogo

434 1451 507 1493 De
528 1446 686 1495 Morbo
709 1448 871 1493 Gallico
890 1483 904 1498 ,
925 1445 1042 1490 circa
1063 1462 1227 1490 annum
1260 1461 1299 1506 15
1317 1452 1386 1504 36.
1419 1443 1672 1506 conscripto
1689 1475 1702 1494 ,
1735 1442 1879 1494 asserit
1896 1443 2069 1491 disertis
2087 1447 2236 1494 verbis
2250 1483 2271 1502 5

435 1539 461 1557 ,ι
479 1516 627 1559 Deum
657 1510 876 1557 memoria
894 1526 1066 1574 patrum
1086 1544 1098 1562 ,
1133 1525 1180 1555 ut
1212 1508 1530 1556 ineffraenatam
1558 1504 1815 1554 mortalium
1848 1507 2066 1556 luxuriam
2101 1511 2271 1560 debitis

435 1602 463 1623 υ
482 1574 675 1624 afficeret
694 1576 835 1642 poenis
850 1609 862 1628 ,
883 1591 957 1620 aut
978 1574 1210 1640 propositis
1232 1575 1485 1621 contineret
1507 1572 1729 1638 suppliciis
1744 1604 1757 1624 ,
1776 1572 1959 1626 morbo,
1979 1575 2056 1638 qui
2075 1577 2274 1625 Gallicus-

434 1669 463 1693 »ο
488 1658 698 1694 vocatur,
718 1641 890 1687 Italiam
921 1639 1141 1686 bellorum
1176 1640 1381 1705 procellis
1417 1639 1667 1684 concussam
1692 1636 1930 1685 confeciffe
1964 1673 1977 1691 ,
2014 1641 2091 1703 qui
2119 1644 2268 1706 postea

436 1732 462 1755 n
485 1707 756 1771 contagione
775 1707 978 1769 vulgatus
1010 1707 1082 1751 est.
1108 1739 1118 1749 .
1139 1739 1150 1750 .
1179 1739 1188 1749 .
1212 1739 1221 1749 .
1240 1710 1300 1751 Et
1333 1703 1457 1769 paulb
1479 1703 1591 1764 infr->z
1609 1723 1624 1748 .·
1643 1706 1746 1749 Hoc
1767 1719 1905 1749 unum
1932 1703 2038 1751 scias
2055 1739 2068 1758 ‚
2099 1710 2231 1770 inquit
2254 1747 2269 1763 ‚

437 1799 464 1818 2,
485 1790 586 1820 ante
606 1772 763 1818 Caroli
779 1775 1046 1817 Francorum
1064 1770 1201 1834 Regis
1231 1769 1475 1816 adventum
1490 1803 1503 1822 ,
1525 1785 1607 1816 nec
1626 1767 1835 1814 morbum
1867 1785 1897 1814 N
1920 1786 1949 1815 o
1969 1776 2001 1817 V
2019 1788 2033 1815 1
2050 1785 2067 1814 s
2086 1787 2103 1816 s
2118 1789 2141 1817 E
2175 1778 2270 1819 Ita-

437 1864 464 1882 ,,
483 1838 588 1884 liam
605 1871 616 1889 ,
641 1855 723 1884 nec
743 1854 910 1883 nomen
942 1852 1018 1881 AU
1038 1852 1066 1880 D
1083 1853 1097 1880 1
1115 1853 1147 1882 v
1169 1853 1182 1879 1
1204 1851 1221 1879 s
1244 1851 1260 1878 s
1282 1853 1321 1880 E.

512 1908 553 1949 Χ
571 1908 635 1949 11.
677 1901 929 1967 Alphonsus
946 1899 1116 1946 Ferrius
1132 1934 1145 1952 ‚
1165 1897 1489 1970 Neapolitanus
1511 1931 1523 1949 ‚
1545 1896 1723 1943 Artium
1742 1902 1787 1944 δε
1806 1896 2046 1944 Medicinae
2067 1902 2276 1955 Doctor,

439 1968 647 2014 Medicus
667 1967 789 2013 Pauli
822 1971 918 2012 ΙΙΙ.
954 1964 1112 2011 summi
1130 1964 1358 2010 Pontificis
1373 2002 1387 2016 ‚
1408 1962 1456 2007 in
1476 1965 1686 2008 Traditatu
1722 1966 1790 2008 De
1816 1962 1975 2009 Morbo
2004 1968 2165 2011 Gallico
2182 2006 2196 2019 ,
2216 1966 2270 2013 &⁰

437 2037 539 2096 ligni
555 2034 689 2093 ſszmffi
709 2031 861 2077 natura}
878 2069 891 2084 ,
911 2031 1056 2092 usuque
1077 2032 1291 2093 multiplici
1308 2068 1322 2083 ,
1342 2026 1510 2073 Parisiis
1546 2027 1670 2073 edito
1705 2044 1820 2073 anno
1858 2045 1871 2072 1
1889 2046 1904 2089 5
1922 2049 1936 2086 3
1951 2045 1992 2084 9.
2024 2028 2080 2074 fic
2099 2029 2271 2077 differit

437 2098 537 2147 Lib.
561 2120 592 2159 3.
629 2112 720 2160 cap.
752 2113 782 2140 1.
816 2117 840 2134 κ
862 2099 932 2141 De
963 2093 1156 2146 morbo,
1187 2110 1322 2158 quem
1355 2092 1572 2139 Gallicum
1599 2091 1818 2161 appellant
1835 2125 1848 2143 ,
1876 2110 1906 2137 N
1926 2110 1947 2136 E
1965 2109 2001 2136 Μ
2019 2111 2033 2137 1
2052 2110 2081 2138 N
2101 2112 2122 2139 E
2139 2113 2177 2140 M
2214 2114 2274 2143 ex.

437 2188 462 2206 ,ι
485 2162 678 2226 antiquis
698 2160 1000 2226 Scriptoribus
1020 2159 1190 2223 aliquid
1211 2161 1258 2204 in
1280 2156 1423 2223 specie
1442 2156 1590 2202 atoma
1617 2155 1822 2221 lcripfiffe
1842 2158 2087 2221 comperio.
2118 2164 2170 2204 In
2189 2178 2273 2223 ge-

436 2253 463 2272 „
487 2245 595 2274 nere
615 2228 724 2273 vero
748 2225 988 2271 nonnullos
1009 2242 1062 2271 ex
1084 2223 1321 2272 Veteribus
1349 2222 1620 2269 recentiores
1640 2237 1868 2267 autumant
1888 2221 2055 2284 aliquid
2082 2225 2271 2288 attigisse

435 2319 463 2338 η
483 2292 733 2355 conjectura
767 2290 960 2354 quadam
979 2322 993 2341 ‚
1014 2306 1106 2334 non
1130 2288 1254 2352 quod
1285 2306 1351 2334 res
1387 2287 1448 2333 ita
1483 2286 1523 2332 se
1556 2285 1718 2333 habeat
1723 2320 1860 2331 .....
1890 2287 1978 2332 Sed
1997 2288 2198 2336 crucient
2226 2292 2272 2337 se

437 2384 463 2402 η
486 2358 681 2419 juniores
700 2355 1026 2419 quantumlibet
1046 2355 1095 2400 in
1123 2352 1459 2418 interpretanda
1478 2352 1672 2397 nominis
1689 2349 2012 2414 significatione
2033 2386 2046 2404 ‚
2068 2371 2118 2397 ac
2145 2354 2273 2401 verbi

440 2447 464 2465 ω
487 2422 609 2474 vim,
631 2437 846 2484 quatenus
875 2438 957 2484 pro
992 2419 1053 2466 eis
1093 2419 1200 2464 facit
1231 2453 1243 2471 ‚
1275 2419 1655 2482 interpretentur,
1688 2433 1717 2460 N
1738 2432 1760 2460 ε
1782 2433 1819 2461 Μ
1837 2433 1866 2461 o
1903 2432 2053 2464 tamen
2086 2416 2278 2482 speciale

440 2513 465 2530 υ
485 2487 746 2551 Capitulum
766 2485 822 2532 de
844 2489 934 2547 ejus
953 2483 1105 2529 morbi
1123 2500 1289 2547 genere
1307 2483 1476 2529 editum
1495 2480 1832 2528 demonstrabit.

496 2555 540 2596 X
558 2557 573 2597 1
590 2557 608 2597 1
626 2555 658 2595 I.
692 2551 996 2611 Hieronymus
1018 2549 1305 2595 Fracastorius
1319 2582 1331 2600 ‚
1352 2544 1619 2594 Veronensis
1635 2579 1648 2598 ‚
1673 2545 1769 2591 Lnssb.
1791 2564 1828 2590 2.
1863 2551 1934 2592 De
1947 2545 2119 2593 Morbis
2136 2562 2274 2592 conta-

440 2618 555 2679 giofis
576 2655 588 2670 ‚
609 2630 699 2679 cap.
723 2633 754 2661 1.
789 2616 903 2679 typis
929 2613 1090 2661 excuso
1126 2614 1327 2659 Veneriis
1363 2630 1480 2658 anno
1505 2629 1639 2673 1549.
1666 2609 1756 2654 haec
1789 2610 2000 2675 proponit
2029 2610 2084 2656 de
2117 2612 2276 2675 Syphi-
2312 2657 2314 2659 ,

444 2679 532 2727 lide
561 2698 571 2723 t
605 2701 627 2716 «ι
667 2683 712 2726 N
733 2699 760 2725 o
781 2698 812 2726 v
834 2697 862 2726 U
879 2696 915 2723 M
946 2686 990 2725 δε
1017 2678 1095 2724 diu
1125 2677 1237 2725 orbe
1275 2679 1423 2723 nostro
1460 2694 1475 2721 1
1492 2694 1522 2721 N
1542 2692 1567 2720 c
1586 2692 1654 2719 oo
1674 2692 1704 2719 N
1723 2692 1736 2719 1
1755 2692 1782 2720 T
1800 2691 1880 2720 UM
1916 2673 2124 2719 morbum
2156 2676 2275 2722 inter

446 2771 469 2789 υ
492 2745 576 2790 alia
600 2745 805 2790 miranda
833 2745 976 2790 nostra
1008 2744 1236 2806 tempestas
1260 2742 1376 2788 vidit
1395 2775 1407 2793 ,
1442 2740 1517 2803 qui
1549 2743 1773 2803 Europam
1799 2738 1891 2785 fere
1919 2756 2102 2784 omnem
2123 2771 2136 2792 ‚
2167 2741 2276 2785 Afiae

444 2837 467 2855 n
486 2811 595 2855 vero
615 2826 747 2872 atque
771 2808 929 2854 Africa:
954 2822 1125 2870 partem
1144 2824 1237 2852 non
1267 2823 1448 2870 parvam
1467 2805 1700 2867 occupavit
1721 2804 1794 2849 :in
1815 2803 1940 2848 Italia
1967 2804 2077 2849 vero
2103 2803 2198 2850 fere
2219 2806 2276 2851 iis

444 2900 468 2917 95
489 2875 764 2938 temporibus
786 2874 957 2937 erupit,
980 2871 1140 2935 quibus
1157 2871 1272 2917 Galli
1304 2869 1382 2916 sub
1415 2874 1540 2932 Rege
1566 2868 1734 2914 Catolo
1767 2872 1976 2931 Regnum
2006 2869 2274 2933 Neapolita-

447 2963 471 2980 υ
491 2956 596 2984 num
617 2939 891 3003 occupavftre
913 2971 924 2990 ‚
945 2954 1081 2984 annos
1104 2935 1282 2982 circiter
1304 2935 1459 2981 decem
1477 2950 1578 2979 ante
1605 2951 1725 2994 1500.

502 3007 543 3048 X
563 3009 579 3049 1
597 3009 651 3049 V.
686 3004 908 3049 Antonius
929 3002 1056 3047 Musa
1077 3000 1347 3047 Braffavolus
1363 3034 1375 3052 ‚
1396 2997 1673 3045 Ferrariensis
1695 3032 1707 3050 ,
1732 2996 1861 3043 initio
1892 2995 2015 3041 Libri
2032 3000 2101 3040 De
2115 2995 2277 3041 Morbo

446 3071 603 3114 Gallico
618 3101 629 3118 2
649 3068 726 3130 qui
754 3068 954 3115 Veneriis
974 3065 1152 3114 excusus
1171 3065 1257 3111 fuit
1281 3083 1399 3111 anno
1432 3081 1532 3124 1553.
1562 3062 1762 3109 enarrat&
1789 3060 1962 3122 vulgari
1996 3059 2196 3104 Historia
2215 3060 2276 3106 de

446 3148 545 3177 ortu
571 3133 651 3178 luis
674 3150 873 3178 venereae
892 3166 902 3183 ,
930 3132 1030 3177 cum
1058 3131 1247 3176 Carolus
1267 3132 1445 3176 octavus
1460 3133 1730 3174 Francorum
1746 3130 1841 3172 Rex
1857 3129 2063 3185 Regnum
2083 3126 2272 3187 Neapo-

445 3195 627 3247 lita-num
668 3197 798 3244 armis
831 3197 1063 3244 in=,⁷aderet
1093 3213 1211 3243 auno
1254 3212 1374 3257 1495.
1403 3194 1454 3240 in
1481 3192 1571 3238 haec
1613 3193 1795 3240 demum
1837 3187 1977 3236 verba
2007 3189 2236 3235 concludit
2254 3207 2268 3237 ;
