2477 3643
672 129 1436 183 LintRIV.CA1³u·r
1486 137 1567 184 11:
1923 154 2022 208 299·

183 228 276 261 tarn
315 212 447 260 variae
488 212 538 260 in
580 210 843 279 syphiliticis
880 213 1134 265 affectiones
1174 216 1372 267 faucium
1397 253 1413 276 ‚
1450 220 1585 287 palati
1604 254 1619 277 ,
1649 220 1934 289 gingivarum
1969 236 2018 279 δε

191 277 383 328 narium.

255 350 326 400 40.
363 345 588 402 Quartum
614 342 764 390 locum
783 342 1087 410 affignandum
1114 346 1342 397 censemus
1366 350 1621 415 unguinosis
1644 358 1691 400 &
1709 355 2020 421 mucilagineis

186 406 479 461 humoribus,
507 408 586 471 qui
616 409 838 457 admotus
866 428 1042 460 artuum
1067 414 1457 481 musculorumque
1479 417 1747 465 molliendos
1769 425 2018 487 comparati

192 471 293 518 sunt
309 507 322 526 ,
353 488 447 519 tum
467 475 546 538 qui
570 474 593 518 τὶ
613 474 832 538 glandulis
854 481 1156 539 juncturarum
1179 480 1233 526 ad
1254 480 1408 528 offium
1434 484 1578 548 capita
1606 484 1851 532 oblinenda
1869 520 1882 540 ,
1914 486 2018 534 bar-

190 535 310 583 baris
327 540 505 602 sjmovia
530 538 699 594 dieras,
734 557 827 588 tum
847 544 925 607 qui
944 544 966 588 a
984 544 1206 609 glandulis
1226 546 1587 595 membranarum
1608 549 1827 598 musculos
1852 558 1895 598 ὃς
1917 569 2018 600 ten-

189 602 318 649 dines
342 603 619 650 vestientium
639 623 652 658 ·,
676 620 770 651 tum
789 609 867 670 qui
887 609 910 653 τὶ
936 608 1158 672 glandulis
1177 611 1370 674 periostii
1393 613 1572 661 distillat
1593 615 1649 662 ad
1676 617 1870 681 periostii
1899 619 2018 665 mol-

188 666 333 713 litiem
362 673 407 714 &
433 669 671 716 laevitatem
695 672 922 719 tuendam.
955 674 1076 721 Hinc
1110 675 1341 739 multiplex
1374 678 1585 726 dolorum
1618 698 1912 729 venereo-rum
1938 701 2018 748 ge-

187 748 269 777 nus
286 766 298 784 ,
319 733 655 780 arthriricorum
673 770 686 788 ,
715 737 1093 784 rheumaticorum
1108 773 1121 792 ,
1151 740 1792 794 rheumatico-arthriticorum
1812 782 1826 801 ‚
1854 748 2017 796 ischia-

188 796 395 844 dicorum
410 833 423 852 ,
444 801 786 865 osteocoporum
803 836 815 855 ,
834 803 1266 867 lumbaginosorum.

260 865 327 926 5⁰.
362 868 593 911 Proximas
621 883 743 913 tenet
773 869 948 931 pinguis
981 875 1026 915 δε
1061 870 1235 917 oleosus
1260 871 1410 920 succus
1430 875 1584 922 ossium
1609 877 1891 932 medullaris,
1922 895 2018 928 turn

184 927 264 992 qui
293 929 537 991 majoribus
564 930 719 977 oslium
751 934 1043 987 cavitatibus,
1068 951 1165 982 tum
1195 937 1272 1000 qui
1299 937 1498 987 discretis
1526 957 1831 990 extremorum
1861 945 2017 992 offium

187 993 360 1040 cellulis
373 1028 386 1046 ,
407 1010 500 1041 tum
519 996 596 1058 qui
616 998 936 1062 multiplicibus
956 1000 1231 1048 lamellarum
1251 1004 1468 1051 offearum
1484 1006 1726 1054 interstitiis
1742 1009 1863 1055 inest.
1895 1012 2018 1057 Hinc

186 1058 407 1106 exostoses
424 1093 436 1112 ‚
467 1058 701 1121 ankyloses
717 1096 730 1115 ,
753 1064 892 1110 caries
915 1064 1092 1119 offinm3
1124 1083 1257 1132 atque
1279 1069 1480 1117 medullae
1498 1071 1546 1116 in
1568 1072 1728 1120 offibus
1751 1074 1927 1122 latentis
1946 1077 2018 1121 in-

186 1123 538 1177 flammationes,
559 1125 893 1191 suppurationes
912 1162 924 1181 ,
944 1128 1173 1177 absceffus.

249 1196 316 1234 60.
366 1190 478 1237 Inde
507 1191 554 1236 in
586 1193 731 1238 vicem
764 1191 960 1241 succedit
990 1194 1160 1260 limpha
1190 1197 1368 1262 pinguis
1395 1203 1441 1245 δε
1468 1199 1719 1248 subviscida
1753 1235 1767 1256 ‚
1798 1220 1894 1268 quae
1931 1204 2017 1251 toti

185 1255 368 1318 corpori
389 1258 639 1302 communis
661 1258 719 1303 est
733 1291 745 1310 ,
760 1257 848 1321 qua
868 1260 1083 1306 universa>
1101 1279 1246 1326 partes
1265 1265 1514 1311 irrorantur
1535 1273 1580 1312 δε
1600 1268 1870 1314 nutriuntur.
1908 1274 2017 1317 Haec

185 1319 400 1382 contagio
413 1319 578 1367 infecta
593 1355 605 1374 ,
626 1322 847 1386 inspissara
867 1357 878 1377 ,
908 1325 1054 1372 acrior
1071 1325 1185 1373 fadra
1204 1328 1435 1392 glandulas
1453 1331 1744 1394 conglobatas
1763 1367 1774 1385 ,
1790 1350 1894 1396 quas
1916 1353 2020 1381 ner-

185 1382 340 1437 vadit3
368 1382 468 1431 vasa
494 1385 755 1450 limphatica
774 1421 787 1440 ,
812 1389 972 1453 quibus
999 1393 1227 1439 revehitur
1248 1411 1260 1447 3
1292 1411 1438 1458 partes
1463 1397 1696 1443 tendineas
1723 1402 1768 1443 δε
1794 1386 2020 1447 membra-

183 1464 318 1502 neas,
345 1466 450 1513 quas
477 1453 619 1497 nutrit
637 1486 649 1504 ‚
678 1453 725 1498 in
750 1455 934 1500 strumas
959 1457 1031 1503 vel
1058 1473 1256 1505 tumores
1275 1460 1536 1506 strumarum
1556 1462 1736 1509 aemulos
1753 1497 1766 1517 ,
1790 1481 2021 1527 gammara

184 1513 308 1561 varia
324 1549 336 1567 ,
358 1515 502 1562 nodos
516 1549 530 1569 ,
552 1517 731 1581 ganglia
746 1552 761 1571 ‚
787 1519 1037 1584 tophosque
1056 1522 1184 1568 inflat
1204 1529 1249 1570 &
1271 1524 1520 1571 tumefacit..

239 1587 308 1637 70.
345 1580 567 1645 Septimus
593 1582 716 1629 locus
738 1583 930 1631 debetur
958 1586 1222 1635 humoribus
1240 1623 1255 1641 ‚
1280 1590 1358 1652 qui
1385 1591 1620 1637 oculorum
1638 1624 1651 1644 ‚
1676 1591 1926 1656 partiumve
1959 1595 2017 1643 ad

182 1644 339 1691 oculos
365 1646 687 1708 pertinentium
709 1650 881 1713 proprii
902 1649 1001 1696 sunt
1017 1685 1029 1704 ‚
1051 1669 1215 1718 nempe
1250 1662 1315 1699 ιο.
1338 1656 1535 1701 Humori
1558 1656 1729 1703 viscido
1749 1663 1796 1703 &
1814 1660 1984 1707 lemoso
2001 1695 2013 1714 ,

182 1709 263 1771 qui
285 1725 434 1755 manat
456 1711 480 1755 a
500 1710 810 1774 palpebrarum
834 1715 1060 1777 margine3
1091 1728 1154 1765 2⁰.
1183 1719 1381 1765 Humori
1399 1718 1610 1773 sebaceO,
1638 1722 1714 1785 qui
1735 1722 1759 1767 a
1780 1726 2014 1772 caruncula

181 1772 411 1837 lacrymali
433 1776 617 1836 majoris
642 1777 794 1822 canthi
821 1780 1114 1842 exprimitur3
1152 1791 1214 1845 3⁰·
1246 1783 1440 1829 Humori
1467 1784 1728 1849 limphatico
1756 1793 1800 1833 ὃ(
1826 1790 2013 1853 pituito-

181 1837 230 1883 so
246 1840 351 1901 §qui
371 1839 616 1886 innumeris
631 1841 978 1907 tenuissimisque
998 1845 1157 1893 osculis
1177 1849 1201 1894 ὲ
1221 1848 1314 1893 tota
1333 1851 1624 1910 conjunclivae
1644 1856 1688 1898 δε
1711 1869 1882 1899 corneae
1897 1854 2016 1903 facie

120 1946 126 1952 „
180 1906 403 1949 cruebatur
423 1922 435 1954 ς
459 1906 527 1961 4⁶.
547 1906 743 1952 Humori
764 1907 1024 1970 lachrymali
1047 1943 1061 1963 ‚
1080 1913 1158 1975 qui
1179 1913 1202 1958 ὲ
1227 1913 1487 1975 lachrymali
1518 1913 1724 1978 glandula
1746 1915 1870 1982 super
1892 1921 2013 1967 oculi

178 1966 370 2015 bulbum
384 1968 556 2034 depluit
574 1989 585 2023 3
612 1981 676 2033 50.
690 1971 900 2035 Denique
916 1974 1181 2024 humoribus
1198 1978 1468 2044 limphaticis
1481 2013 1492 2031 ,
1510 1981 1587 2043 qui
1602 1981 1794 2028 vitreum
1814 2016 1829 2034 5
1845 1987 2017 2045 crystal-

177 2032 322 2080 linum
338 2068 351 2086 ‚
373 2052 563 2098 aqueum
581 2037 814 2084 oculorum
836 2037 1074 2087 humorem
1093 2044 1383 2090 constituunt.
1416 2045 1538 2091 Hinc
1557 2063 1639 2110 pro
1662 2046 1838 2094 divers&
1857 2066 2018 2097 eorum

179 2097 420 2145 humorum
436 2099 698 2155 infeffione‚
721 2101 926 2167 spiffitate
939 2139 951 2158 ‚
974 2106 1237 2161 acrimonia,
1254 2109 1460 2156 chalaziae
1475 2110 1563 2158 five
1581 2111 1798 2158 hordeola
1811 2146 1825 2166 ,
1840 2114 2017 2162 inflam-

178 2164 352 2217 matio,
383 2165 635 2229 lippitudo,
664 2168 866 2231 Τράχωμει
886 2210 897 2223 ,
925 2169 1087 2226 Σόκωσις
1119 2174 1458 2238 palpebrarum3
1490 2176 1734 2222 caruncula:
1764 2177 2015 2240 lacrymalis

179 2231 375 2288 rvepziwov
395 2263 408 2283 ,
435 2228 523 2277 five
550 2233 710 2295 unguis
739 2252 753 2287 3
778 2234 994 2298 epiphora
1015 2269 1028 2288 ‚
1058 2236 1337 2302 ophthalmia
1366 2239 1411 2285 in
1441 2240 1627 2294 adnata,
1657 2243 1897 2302 Λεωιώματα
1924 2244 2014 2293 five

179 2292 438 2348 nubeculae,
457 2297 628 2359 pustulae
642 2331 656 2351 ,
676 2298 949 2363 phlyCraenae,
967 2301 1192 2349 ulcuscula
1206 2337 1218 2356 ,
1237 2305 1283 2350 in
1305 2304 1494 2357 cornea3
1515 2305 1651 2351 fistula
1672 2306 1916 2367 lacrymalis
1937 2310 2012 2358 seu

179 2359 370 2423 aegylops
390 2392 404 2412 ,
432 2359 605 2408 suffusio
627 2396 641 2416 ,
670 2362 881 2409 abscessus
899 2398 912 2416 ,
936 2364 1179 2431 hypopyon
1195 2401 1213 2421 ‚
1238 2384 1364 2431 gutta
1386 2368 1539 2416 serena
1556 2403 1569 2423 ,
1584 2371 1703 2418 unde
1722 2371 1837 2418 vissts
1858 2373 2011 2421 immi-

179 2424 311 2468 nutio
338 2429 382 2469 &
407 2426 590 2473 caecitas.

242 2488 305 2535 8⁹.
342 2492 536 2535 Demum
570 2506 731 2553 agmen
761 2490 972 2539 claudunt
1008 2512 1220 2544 cerumen
1254 2497 1426 2545 aurium
1461 2503 1508 2546 &
1544 2498 1645 2546 bilis
1659 2499 1681 2552 ³,
1713 2518 1810 2565 quae
1841 2506 1886 2548 ἃ
1914 2503 2005 2567 ipsa

175 2553 375 2614 contagii
406 2555 589 2601 venerei
617 2556 850 2620 energiam
878 2555 1074 2606 sentiunt
1093 2595 1105 2613 ‚
1126 2580 1395 2627 quamquam
1418 2563 1553 2610 serius
1573 2598 1585 2617 ‚
1618 2582 1852 2629 propterea
1879 2568 2001 2631 quod

176 2616 362 2663 alcalina
382 2652 396 2671 ‚
427 2618 514 2682 qua
542 2620 712 2683 pollent
731 2654 743 2673 ‚
770 2622 1014 2669 acrimonia
1042 2624 1215 2673 seminii
1241 2629 1421 2676 venerei
1443 2630 1536 2676 vim
1564 2628 1869 2678 salso-acidam
1899 2633 2001 2679 diu-

174 2680 259 2727 tius
288 2681 518 2730 hebetent.
555 2685 675 2731 Hinc
707 2685 756 2731 fit
784 2702 833 2732 ut
860 2688 1075 2736 infestum
1105 2710 1315 2739 cerumen
1344 2694 1475 2740 solito
1502 2694 1685 2758 quidem
1718 2695 1881 2760 spillius
1910 2698 2000 2744 hae-

177 2747 324 2792 tendo
346 2747 592 2812 phlogosim
613 2784 624 2801 ‚
658 2750 1060 2801 inflammationem
1077 2789 1090 2808 ,
1122 2758 1329 2804 dolorem
1349 2759 1395 2804 in
1417 2776 1566 2805 meatu
1585 2760 1840 2815 auditori03
1868 2762 2007 2813 solito·

177 2811 286 2856 vero
317 2811 453 2858 acrius
481 2815 688 2861 rodendo
716 2816 921 2881 h-erpetes
939 2853 954 2871 ,
979 2820 1219 2884 rhagades,
1251 2824 1602 2870 exulcerationes
1628 2825 1799 2873 ibidem
1829 2828 2001 2889 produ-

178 2892 256 2921 cat.
301 2877 421 2921 Hinc
442 2896 622 2942 quoque
646 2880 694 2925 fit
715 2899 762 2926 ut
783 2882 883 2927 bilis
905 2884 1059 2930 vitiata
1088 2886 1215 2931 solito
1233 2888 1417 2949 quidem
1436 2888 1646 2934 viscidior
1672 2895 1717 2936 δε
1748 2891 1794 2935 in
1826 2892 2000 2940 emissa-

176 2941 252 2986 riis
274 2942 468 2987 restitans
487 2942 805 2991 obstructiones
825 2980 836 2997 ‚
858 2946 1064 2993 infarCtus
1081 2983 1092 3000 ,
1123 2949 1324 2996 skirrhos
1350 2951 1519 3015 hepatis
1537 2987 1550 3004 ,
1573 2958 1620 2999 &
1644 2953 1750 3001 inde
1778 2956 1963 3003 ieret-um
1984 2992 1999 3011 a

173 3005 428 3070 hydropem
448 3039 460 3056 ,
485 3007 862 3062 haemorrhoides3
893 3011 1022 3057 solito
1045 3015 1151 3059 vero
1169 3016 1425 3062 mordacior
1440 3052 1452 3069 ‚
1475 3017 1677 3064 intestina
1696 3020 1786 3084 quo
1813 3021 1909 3069 fluit
1932 3024 1999 3070 stiu

173 3070 390 3118 mulando
410 3070 652 3118 diarrhoeas
670 3107 682 3126 ,
705 3073 976 3135 dysenterias
995 3111 1007 3129 ,
1036 3076 1175 3125 fluxus
1194 3079 1421 3137 hepaticos
1439 3082 1620 3129 inferat.

231 3135 318 3181 Vix
344 3135 527 3198 superest
551 3137 661 3199 quid
692 3138 805 3184 ultra
830 3141 1090 3204 eloquamur
1121 3144 1176 3191 de
1199 3139 1365 3192 cae'teris
1392 3147 1656 3195 humoribus
1673 3182 1684 3201 ,
1717 3149 1850 3197 saliva
1867 3185 1878 3203 ‚
1910 3154 2000 3199 stovm

173 3199 367 3248 machali
386 3207 431 3248 &
451 3201 685 3260 intestinali
705 3204 872 3270 limpha
887 3240 901 3263 ,
922 3206 1061 3255 succo·
1075 3211 1388 3274 pancreatic03
1411 3214 1619 3262 tracheah
1642 3214 1713 3260 seu
1744 3215 2000 3266 bronchiali

1648 3283 1682 3327 P
1696 3298 1723 3345 p
1748 3284 1779 3345 ij

2095 393 2134 427 4·
2155 382 2301 424 Humo-

2066 442 2119 469 res
2142 439 2302 476 mucila-

2065 484 2187 534 glssCOS
2203 517 2212 533 s
2238 493 2303 542 qui

2067 547 2143 574 tum
2164 542 2298 581 offium

2064 591 2202 640 capita,
2221 608 2300 633 rum

2064 642 2260 681 musculo..

2065 704 2145 731 tum
2176 710 2298 735 mem-

2066 746 2194 785 bxanas
2211 751 2301 791 obli.

2063 812 2163 836 nunt.

2069 920 2098 951 5·
2115 907 2299 947 M-dulla«

2065 971 2118 994 res
2135 959 2271 999 „stium

2063 1010 2202 1051 [uccos.

2121 1222 2142 1254 6
2149 1244 2157 1252 .
2193 1217 2292 1262 lim!

2061 1266 2192 1318 pham-

2085 1623 2124 1653 7.
2139 1611 2297 1648 Humcs-

2061 1674 2114 1701 res
2132 1664 2296 1713 limpha-a

2062 1716 2154 1751 ticos
2168 1717 2295 1754 oculo·-

2063 1779 2161 1806 rum-

2101 2527 2139 2562 8·
2159 2526 2283 2564 Cema

2046 2584 2128 2611 men
2150 2578 2256 2615 aurii}
2269 2605 2284 2620 9

2047 2630 2081 2664 &
2098 2627 2210 2679 ipsam
2227 2629 2281 2670 bin

2045 2678 2130 2719 lem·
