2477 3643
242 834 338 881 Quae
357 831 431 869 ibi.

197 888 285 926 'dem
321 886 430 922 haerct

198 940 259 977 vel
279 938 428 989 conges-

197 992 295 1029 tione
332 1016 340 1031 ‚
372 989 431 1027 vel

197 1051 413 1080 exiffavala·

199 1096 308 1136 tione.

228 1558 276 1594 Et
294 1554 428 1594 ibidem

197 1607 367 1653 spiffcscit

195 1661 276 1699 tum
310 1662 429 1699 exha-

197 1713 333 1750 latione
351 1727 432 1764 par-

197 1765 289 1803 tium
301 1778 434 1818 aquea·

198 1828 280 1854 rum
307 1845 319 1862 ,
351 1820 429 1857 tum

195 1871 359 1908 efficacia

199 1924 321 1959 veneni
359 1937 427 1964 ve-

199 1975 310 2014 nerei.

221 2833 342 2873 Causae
361 2831 429 2869 dis-

197 2889 382 2925 criminum
401 2913 413 2929 ,

198 2952 277 2990 quae
289 2941 321 2975 in
337 2939 382 2988 ph
393 2951 425 2986 y-

200 3002 305 3026 nutis
342 2997 372 3026 <St

197 3041 345 3080 chordis
362 3041 410 3076 ob

199 3094 402 3146 ssrvantut.

477 99 572 145 266¹
823 96 927 144 DE
995 96 1935 153 MORBISVENEREISs

552 179 666 224 Sunt
681 188 828 224 autem
853 177 905 225 in
923 175 1090 226 summa
1107 177 1204 226 duc>
1213 173 1394 225 {aarum
1409 175 1620 227 humores
1639 210 1653 232 ‚
1681 178 1758 244 qui
1777 178 2040 258 praeputium
2074 181 2311 234 balanum:

491 256 551 288 ve
578 239 745 288 alluant
761 275 774 295 ,
793 240 968 306 sanguis
985 259 1146 307 nempe
1164 247 1212 290 δε
1238 241 1421 307 limpha.
1448 242 1634 305 Sanguis
1659 243 1770 292 verb
1786 277 1800 297 ,
1832 261 1932 293 cum
1947 246 2003 293 ad
2031 246 2310 316 suppurati&

484 321 592 353 nem
609 307 953 371 concipiendam
972 307 1124 354 natura
1140 324 1419 371 comparatus
1437 306 1486 354 sit
1504 341 1518 360 ,
1537 306 1645 355 dum
1671 309 1717 356 in
1739 326 1861 373 parte
1880 309 2036 376 quavis
2057 315 2275 363 retinetur
2292 348 2306 370 ‚

477 371 555 419 vix
583 388 778 436 unquam
801 374 941 437 potest
969 373 1015 418 in
1033 373 1195 419 callum
1223 372 1455 423 indurari,
1475 389 1621 437 neque
1644 373 1757 422 adeo
1782 375 1889 423 inde
1911 375 2163 427 arcessenda
2182 379 2311 428 vide·-

483 450 556 483 tur
590 437 716 483 causa
747 437 1007 502 phymatum
1025 470 1038 490 ,
1063 436 1400 484 tuberculorum
1431 436 1792 504 chordarumque
1824 473 1838 493 ,
1886 456 1982 505 quae
2010 443 2057 487 in
2090 462 2175 509 prae
2210 445 2307 493 utio

476 501 551 550 vel
577 501 739 548 balano
765 501 1075 548 observantur.
1108 503 1310 567 Superest
1334 521 1443 567 ergo
1459 536 1472 555 ‚
1503 519 1551 548 ut
1578 518 1775 551 tumores
1797 505 1861 551 illi
1882 522 2138 571 repetantur
2156 463 2212 556 ab
2232 509 2306 556 in-

474 566 634 612 durata
653 567 846 632 limpha3
866 571 986 629 cujus
1013 567 1110 614 sane
1132 567 1426 614 conclusionis
1457 569 1693 615 veritatem
1718 569 1895 616 abunde
1918 573 2127 620 testantur
2153 579 2199 621 δεῖ
2222 592 2302 622 co-

472 631 544 677 lor
568 632 826 696 phyinatum
845 666 855 683 ,
875 650 968 696 quae
997 650 1100 678 cum
1126 632 1291 697 limpha
1316 632 1538 699 inspissarz‘i
1560 633 1755 695 ejusdem
1786 636 1951 682 coloris
1980 636 2108 692 sunt,
2142 656 2309 705 nempe

474 696 729 749 albicantis·,
749 702 793 743 δε
814 696 1074 762 phymatum
1098 696 1198 745 fitus
1212 732 1226 752 ,
1245 716 1339 763 quae
1372 701 1425 746 iis
1443 698 1643 763 partibus
1662 698 1854 747 insident
1868 735 1882 754 ‚
1907 700 1986 748 ubi
2004 703 2224 768 potiffima
2245 706 2304 754 est

474 761 840 826 limphaticorum
870 760 1012 828 copia.

536 830 597 871 At
629 827 737 874 verb
770 845 863 874 non
893 830 1033 893 potest
1062 827 1230 894 limpha
1260 828 1308 874 in
1338 828 1473 875 callos
1499 846 1694 892 unquam
1720 828 1955 884 indurari,
1982 831 2061 878 nifi
2092 833 2255 881 haereat
2287 853 2300 888 ;

475 890 628 938 tandiu
654 891 772 939 enim
801 892 1113 957 inspiffationis
1134 895 1446 958 impatiens'est
1466 928 1478 946 ‚
1499 894 1699 958 quandiu
1727 895 1820 957 jugi
1854 895 1976 943 fluxu
2003 897 2306 947 indefinentet

476 974 720 1004 renovatur
751 957 1026 1005 circulando.
1059 963 1208 1005 Haeret
1233 976 1380 1005 autem
1414 958 1584 1005 duabus
1605 959 1848 1021 decausis,
1890 970 1950 1007 10.
1987 963 2107 1020 Quia
2137 965 2307 1027 stagnat

475 1021 691 1087 copiosius
713 1024 898 1070 collecta
914 1025 1032 1070 intra
1053 1025 1207 1070 duetus
1228 1025 1439 1071 distentos
1458 1025 1669 1087 quidem,
1702 1024 1779 1071 sed
1806 1042 1955 1074 tamen
1976 1027 2176 1091 integros
2201 1048 2210 1075 z
2239 1037 2304 1075 20.

474 1088 593 1147 Quia
612 1087 911 1136 extravasatur
941 1090 964 1135 ὲ
998 1090 1148 1136 laceris
1177 1090 1381 1136 duzstibus
1416 1089 1552 1136 effusa
1571 1090 1689 1136 inter
1710 1090 1917 1137 vasorum
1946 1092 2198 1138 vicinorum
2227 1094 2301 1140 in-

472 1153 669 1200 terstitia.
717 1155 915 1219 Utrique
952 1154 1086 1201 causae
1113 1155 1388 1215 locuinkess'e
1420 1155 1467 1200 in
1497 1156 1699 1201 venereis
1738 1157 1938 1220 praeputii
1970 1162 2016 1203 δε
2049 1157 2196 1204 balani
2234 1175 2306 1206 tu·-

470 1218 672 1265 moribus
693 1224 738 1265 5:
757 1219 988 1266 ulcusculis
1014 1220 1294 1268 manifestum
1318 1222 1377 1267 est
1391 1255 1403 1273 ‚
1424 1221 1472 1265 in
1490 1219 1650 1283 quibus
1683 1229 1743 1266 1⁰.
1773 1221 1885 1268 Vasa
1902 1222 2159 1286 limphatica
2179 1241 2305 1270 com-

469 1285 723 1348 primuntur
748 1290 795 1331 &
820 1288 1100 1349 angustantur
1118 1320 1131 1338 ,
1156 1286 1275 1332 uncle
1304 1285 1469 1349 limpha
1494 1286 1540 1330 in
1561 1285 1840 1332 tenuioribus
1862 1286 2076 1333 horumce
2096 1286 2305 1335 vasorum

471 1349 792 1413 capillamentis
816 1353 992 1413 cogitur
1013 1351 1294 1397 cumulari&
1317 1352 1542 1414 stagnare,
1569 1358 1631 1395 20.
1663 1351 1805 1396 Exiles
1834 1350 2198 1416 limphaticorum
2233 1371 2306 1399 ra-

469 1413 581 1458 muli
617 1415 754 1460 nimia
779 1415 910 1480 copia
938 1415 1112 1479 limphae
1147 1416 1357 1479 congestae
1392 1414 1732 1480 discerpuntur,
1757 1415 1875 1462 unde
1909 1416 2082 1480 cogitur
2118 1417 2304 1466 collecta

468 1476 638 1542 limpha
667 1481 874 1543 guttatim
902 1479 1073 1527 effundi
1093 1488 1137 1527 ἅ
1157 1479 1437 1527 extravasati.

529 1543 693 1590 Verum
717 1563 809 1591 non
828 1544 986 1592 sufficit
1006 1546 1063 1591 ad
1084 1546 1299 1592 callorum
1330 1544 1524 1608 genesim
1542 1544 1756 1609 limpham
1779 1544 1946 1592 haerere
1963 1579 1974 1597 ,
1996 1544 2071 1591 sed
2090 1546 2305 1609 praeterea·

473 1626 584 1672 opus
609 1611 668 1655 est
684 1627 729 1655 ut
748 1610 955 1657 haerendo
974 1610 1222 1675 inspissetur
1240 1645 1252 1663 ,
1273 1608 1452 1656 dimiffis
1478 1610 1620 1655 statim
1651 1608 1929 1657 tenuioribus
1950 1609 2147 1673 partibus
2165 1645 2177 1663 ,
2203 1629 2301 1675 quae

472 1674 644 1737 aquosae
674 1672 769 1720 sunt
783 1710 796 1728 ‚
815 1675 980 1722 deinde
998 1676 1054 1722 ad
1073 1676 1351 1722 intimiorem
1371 1677 1625 1720 contactum
1642 1674 1839 1720 adductis
1859 1675 2023 1720 caeteris
2042 1708 2055 1726 ,
2077 1692 2172 1738 quae
2192 1675 2306 1722 cras·

475 1738 610 1786 fiores
629 1740 726 1786 sunt
745 1746 790 1786 &
809 1739 998 1786 viscidae.
1029 1741 1330 1787 Dimittuntur
1347 1740 1529 1804 quidem
1549 1755 1693 1804 partes
1719 1739 1943 1786 tenuiores
1963 1745 2010 1785 δε
2026 1740 2307 1802 aquofiores,

475 1803 569 1850 tum
587 1805 691 1867 quia
709 1805 837 1870 copia
855 1811 899 1851 δε
922 1805 1137 1870 preffione
1164 1805 1340 1869 limphae
1368 1806 1483 1870 pone
1511 1804 1707 1868 urgentis
1724 1804 1939 1850 exsudant
1960 1838 1972 1856 ‚
1998 1804 2090 1850 tum
2109 1806 2212 1868 quia
2235 1824 2308 1852 ca-

473 1868 571 1916 lore
591 1875 635 1915 &
656 1871 754 1916 aestu
780 1872 913 1935 partis
944 1870 1167 1917 exhalant.
1197 1871 1269 1916 Ad
1295 1871 1574 1916 intimiorem
1604 1870 1714 1916 vero
1741 1872 1993 1915 contactum
2023 1869 2307 1918 adducuntur

472 1950 617 1998 partes
648 1951 842 1985 caeterae,
878 1937 970 1981 tum
998 1935 1102 1999 quia
1132 1939 1223 1995 jam
1255 1935 1436 1981 exulant
1468 1950 1612 1998 partes
1640 1933 1918 1997 aquosiores‚
1953 1951 2138 1996 quarum
2162 1934 2307 1982 inter-

470 2015 611 2045 ventu
646 1998 766 2060 seJun
784 1998 1020 2052 chamus,
1053 1999 1145 2046 tum
1173 1999 1278 2063 quia
1308 1999 1363 2046 ab
1388 2000 1573 2046 admisto
1603 2000 1813 2062 contagio
1847 2016 2042 2046 venereo
2066 1999 2197 2048 acido
2228 2015 2304 2048 aut

470 2062 736 2110 salso-acido
764 2063 936 2110 densius
958 2064 1270 2129 constipantur.

535 2133 641 2174 Haec
662 2129 813 2174 omnia
833 2130 917 2174 una
938 2128 1061 2176 simul
1081 2144 1352 2175 concurrunt
1372 2129 1420 2174 in
1445 2126 1691 2176 tumoribus
1709 2161 1722 2181 ‚
1754 2126 2035 2174 ulceribusve
2068 2127 2268 2174 venereis
2290 2157 2307 2184 ,

469 2193 528 2239 ad
547 2194 832 2256 producenda
853 2195 898 2239 in
924 2195 1136 2259 praeputio
1171 2210 1243 2239 aut
1261 2193 1423 2239 balano
1452 2193 1659 2257 phymata
1685 2212 1696 2238 :
1724 2193 1956 2255 Siquidem
1989 2202 2048 2237 10.
2077 2191 2189 2238 Vasa
2212 2192 2308 2239 col-

468 2257 580 2304 lecta
605 2258 1004 2322 limphaturgent3
1028 2276 1137 2322 ergo
1162 2257 1306 2323 pressu
1331 2257 1497 2304 debent
1516 2256 1731 2304 exsudare
1752 2273 1896 2320 partes
1927 2256 2101 2322 limphoe
2125 2258 2306 2304 tenuio-

469 2340 540 2370 res
562 2343 571 2368 :
597 2332 659 2370 20.
688 2324 816 2370 Calet
839 2329 884 2369 &
903 2326 1045 2370 aestuat
1070 2342 1169 2389 pars
1200 2322 1499 2375 inflammata3
1521 2340 1630 2385 ergo
1666 2321 1835 2367 debent
1862 2338 2007 2386 partes
2037 2321 2204 2367 eaedem
2225 2340 2308 2368 ex-

470 2386 622 2435 halare
644 2388 824 2434 fervore
845 2408 854 2433 t
884 2398 945 2449 30.
971 2393 1117 2436 Partes
1144 2388 1366 2435 craffiores
1391 2386 1564 2451 limphae
1589 2386 1768 2432 dimiffis
1800 2386 1933 2433 semel
1955 2385 2236 2433 tenuioribus
2255 2387 2306 2435 in

470 2451 517 2498 se
547 2451 727 2518 propius
762 2453 1010 2508 accedunt·>
1031 2472 1141 2517 ergo
1171 2453 1340 2500 debent
1371 2452 1553 2498 strictius
1574 2450 1747 2498 densari
1768 2470 1779 2505 3
1803 2460 1868 2510 4⁰.
1892 2450 2088 2498 Demum
2120 2450 2310 2520 inspira-

472 2533 567 2562 tum
590 2518 767 2582 limphae
788 2519 897 2566 inest
915 2521 1174 2582 contagium
1201 2535 1444 2564 venereum
1464 2551 1477 2570 ,
1507 2522 1626 2578 cujus
1655 2533 1808 2562 natura
1835 2517 1960 2562 acida
1991 2518 2050 2562 est
2069 2532 2142 2561 aut
2175 2515 2309 2563 lalso-

470 2582 626 2636 acida3
652 2582 788 2630 debet
811 2601 920 2647 ergo
952 2584 1128 2648 limphae
1157 2585 1494 2629 crassamentum
1519 2582 1656 2645 magis
1686 2582 1793 2627 inde
1824 2581 2075 2645 constipari.
2107 2581 2305 2628 Proinde

472 2664 753 2710 nequaquam
786 2649 949 2694 mirum
979 2650 1066 2700 est,
1096 2648 1124 2693 fi
1157 2647 1207 2693 ea
1236 2649 1462 2692 causarum
1485 2646 1724 2706 syndrome
1756 2646 1964 2710 phymata
1989 2643 2180 2697 callosa,
2212 2647 2308 2710 post

472 2710 706 2757 diuturnos
722 2729 919 2759 tumores
936 2729 1150 2760 venereos
1168 2729 1240 2758 aur
1256 2712 1465 2775 graviora
1478 2710 1623 2758 ulcera
1637 2745 1650 2763 ‚
1670 2712 1718 2757 in
1735 2711 1948 2775 praeputio
1965 2714 2009 2756 ὃς
2030 2708 2193 2756 balano
2212 2727 2306 2761 tam

474 2775 579 2839 [ἐμὲ
606 2776 916 2823 observentur.

538 2841 683 2887 Modo
703 2843 888 2904 quidem
921 2841 1136 2895 discreta,
1168 2840 1438 2904 conglobata
1463 2875 1476 2894 ‚
1505 2839 1807 2892 orbicularia,
1839 2839 2139 2886 chalaziorum
2174 2840 2306 2887 instat

472 2906 744 2970 grandinosa
762 2905 911 2953 futura
935 2907 1033 2953 sunt
1048 2942 1060 2960 ,
1080 2907 1109 2954 si
1138 2906 1372 2953 succedant
1395 2905 1463 2952 vel
1484 2904 1685 2952 discretis
1713 2905 1943 2951 ulcusculis
1975 2905 2201 2957 venereis,
2230 2903 2304 2951 vel

474 2970 673 3017 discretis
709 2972 1066 3035 congestionibus
1097 3007 1109 3026 ,
1140 2991 1234 3036 quae
1267 2971 1502 3035 singulares
1530 2988 1650 3017 areas
1678 2969 1783 3017 ideo
1812 2970 2117 3018 affestaverint
2135 3003 2149 3022 ,
2179 2967 2301 3032 qubd

475 3035 541 3083 ibi
562 3035 710 3080 forsan
731 3042 871 3096 major
899 3037 1032 3085 fuerit
1051 3038 1159 3084 texti
1175 3037 1335 3084 inertia
1353 3071 1365 3089 ‚
1388 3035 1462 3083 seu
1483 3036 1666 3083 uberior
1688 3036 1880 3082 collectae
1902 3035 2075 3099 limphae
2094 3033 2236 3142 copia.

537 3100 681 3146 Modo
702 3102 808 3147 verb
830 3103 872 3146 in
896 3101 1153 3150 skirrhodes
1171 3102 1361 3149 chordas
1392 3104 1704 3166 porrigentur,
1723 3100 1754 3146 sl
1783 3102 1932 3148 ulcera
1961 3099 2119 3162 quibus
2168 3114 2297 3161 uper-

475 3164 573 3214 sunr
589 3200 603 3223 ,
618 3165 706 3214 una
723 3164 835 3215 serie
858 3166 939 3216 sibi
962 3168 1162 3219 invicem
1181 3167 1394 3220 continua
1410 3164 1577 3218 fuerint
1590 3198 1607 3226 ,
1623 3164 1695 3217 vel
1723 3165 1849 3233 quod
1874 3162 2151 3229 frequentius
2166 3161 2302 3224 est,1ss
