2477 3643
685 77 1471 161 annnIVCCAriJr
1539 113 1597 160 V.
1925 75 2098 178 ‘3414-¹

250 183 440 240 Tertium
468 185 664 256 denique
682 223 696 243 ,
720 191 775 239 ad
797 209 930 255 quem
953 192 1202 257 pertineant
1223 191 1313 237 lues
1332 207 1532 237 venereae
1550 204 1707 236 omnes
1725 221 1738 242 ,
1758 206 1864 254 quas
1882 194 2020 240 mod&

157 282 159 284 ·
196 256 313 305 inter
339 256 607 320 graviffimas
627 255 717 302 sive
735 256 918 304 lethales
941 256 1265 308 recensuimus,
1287 260 1332 302 δε
1352 271 1540 319 quarum
1560 254 1754 319 proinde
1772 273 1918 320 neque
1949 274 2020 305 tu-

196 336 286 369 tam
299 355 313 376 ,
335 338 479 386 neque
498 320 678 368 facilem
699 321 975 369 curationem
1005 321 1208 387 polliceri
1227 337 1421 385 unquam
1442 319 1561 366 licet.

193 458 229 505 §.
276 454 344 496 11.
384 450 533 511 QUAE
574 451 728 496 LUES
779 451 1049 496 CURATU
1094 450 1383 496 FACILIOR
1431 449 1566 494 AUT
1613 449 2019 497 DIFFICILIOR?

250 581 284 623 Ι.
323 579 506 624 Constat
523 577 615 625 lues
637 596 792 625 omnes
820 594 1033 624 venereas
1061 577 1203 624 curari
1227 577 1463 630 radicitus,
1492 577 1721 642 plerasque
1751 578 1886 624 etiam
1921 577 2020 626 satis

192 639 323 687 facile
339 675 352 694 ,
372 660 458 706 ope
479 643 614 689 illitus
637 643 912 690 Mercurialis
930 677 942 695 ,
973 643 1049 706 qui
1066 637 1223 688 ‘mode
1251 644 1333 688 rite
1361 643 1624 689 adhibeatur
1642 677 1653 695 ,
1676 641 2019 690 efficacissimum

193 707 254 752 est
270 708 467 770 contagii
488 709 669 756 venerei
691 709 1009 754 rhizotomum.
1029 711 1081 752 Et
1103 707 1199 753 sane
1221 707 1319 752 cum
1340 723 1406 752 tot
1427 707 1506 752 sint
1528 709 1730 770 gravium
1752 708 2017 755 morborum

193 786 358 833 genera
379 773 560 836 antiqua
588 779 634 819 δε
667 773 722 819 ab
756 772 868 818 orbe
904 772 1091 817 condito
1122 787 1254 823 nota,
1280 788 1327 816 ut
1357 772 1536 835 phthifis
1554 806 1567 824 ,
1604 772 1728 835 pestis
1748 806 1760 825 ,
1784 773 2018 837 epilepsia,

193 836 511 900 hydrophobia
537 841 624 885 &c-
652 837 698 883 in
730 837 889 900 quibus
923 836 1154 901 abigendis
1187 836 1480 899 curandisque
1515 837 1738 882 medicina
1774 839 2020 884 etiamnum

196 901 381 964 cespitat
401 934 414 953 ,
442 902 534 947 imo
554 902 700 967 potius
723 902 894 947 caecutit
913 935 924 953 ‚
948 919 1028 965 pro
1051 901 1146 946 rara
1166 899 1379 947 felicitate
1407 901 1756 964 computandum
1782 904 1841 948 est
1860 903 1918 948 ad
1941 921 2020 948 cu-

194 966 417 1012 rationem
445 966 527 1012 luis
553 985 646 1031 qua:
667 985 787 1013 nova
807 967 891 1019 est,
914 971 959 1012 δι’
985 984 1080 1029 qua:
1105 967 1151 1010 in
1171 965 1348 1028 Europa
1375 966 1399 1011 a
1428 965 1601 1011 duobus
1634 965 1831 1013 tribusve
1861 965 2020 1014 saeculis

193 1029 384 1094 primum
405 1035 604 1095 apparuit
621 1066 632 1084 ,
653 1047 742 1077 tam
769 1046 936 1077 certum
970 1037 1015 1076 &
1048 1031 1395 1095 praesentaneum
1416 1030 1665 1076 remedium
1690 1030 1901 1077 industria
1923 1050 2020 1079 me-

191 1095 395 1140 dentium
419 1096 650 1158 sagacitate
670 1097 904 1142 inventum
925 1094 1010 1141 effe
1027 1128 1039 1147 ,
1060 1113 1152 1158 quo
1171 1093 1354 1140 morbus
1372 1094 1575 1140 omnium
1602 1094 1891 1143 ferociffimus
1915 1115 2023 1162 pro-

192 1158 373 1223 fligetur
387 1162 495 1222 ntuto
513 1195 525 1212 ‚
546 1161 636 1206 cito
654 1195 666 1213 ,
686 1160 779 1205 imo
802 1161 911 1206 vero
927 1160 1135 1222 jucunde.

264 1242 301 1269 1.
330 1224 451 1269 Τιιῑὸ.
487 1227 518 1269 Ε
540 1242 717 1272 centum
738 1225 859 1271 enim
888 1223 1202 1287 aegrotantibus
1228 1223 1397 1269 nullum
1422 1258 1433 1276 ‚
1462 1224 1539 1286 qui
1565 1223 1784 1270 Mercurii
1816 1224 1894 1271 usu
1925 1243 2027 1273 me-

192 1287 275 1335 lius
294 1305 386 1333 non
406 1288 568 1335 habeat
588 1308 599 1342 3
621 1289 695 1335 vix
716 1307 852 1335 unum
880 1289 1073 1353 reperias
1091 1324 1102 1341 ‚
1122 1289 1199 1352 qui
1223 1287 1415 1352 perfeffite
1444 1307 1534 1335 non
1558 1288 1860 1342 convalescat,
1885 1291 2025 1337 modo

191 1370 383 1417 corpore
400 1353 520 1417 prius
540 1355 622 1400 rite
640 1369 884 1419 praeparato
903 1352 1234 1417 hydrargyrofis
1255 1352 1519 1399 adhibeatur
1535 1353 1752 1400 methodo
1769 1388 1780 1406 ,
1810 1354 1902 1399 doli
1918 1388 1931 1406 ,
1946 1372 2025 1400 or-

196 1418 302 1465 dine
322 1452 334 1471 ,
364 1419 572 1465 cautione
600 1452 612 1471 ,
653 1424 698 1464 &
733 1418 909 1465 dierum
945 1437 1131 1465 numero
1168 1418 1472 1481 competenti,
1506 1418 1629 1481 quod
1662 1419 1827 1464 caeteris
1855 1418 2026 1465 morbis

193 1483 327 1530 etiam
350 1482 597 1530 levioribus
618 1483 736 1529 haud
755 1484 816 1529 ita
833 1483 1096 1547 plerumque
1115 1481 1193 1528 usu
1213 1479 1336 1528 venit
1353 1515 1364 1534 ,
1386 1500 1433 1528 ut
1449 1501 1642 1545 quorum
1664 1483 1832 1546 optima
1853 1501 1902 1529 ea
1922 1502 2027 1530 cen-

195 1547 341 1595 seatur
363 1548 620 1601 medicina,
655 1549 741 1612 qua
775 1548 892 1595 inter
922 1565 1102 1596 centum
1124 1564 1264 1611 a'gros
1290 1547 1611 1612 quinquaginta
1639 1547 1832 1612 persecte
1867 1548 2024 1594 consa-

192 1629 371 1660 nantut.

257 1695 299 1723 2.
330 1677 436 1723 Citb.
474 1681 597 1724 Nam
624 1677 794 1723 curatio
821 1677 1015 1725 numeris
1037 1676 1245 1722 omnibus
1279 1675 1479 1722 absoluta
1503 1676 1562 1723 est
1595 1676 1710 1723 intra
1737 1677 1922 1740 triginta
1954 1693 2025 1723 aut

191 1741 487 1806 quadraginta
509 1743 603 1788 dies
621 1776 634 1795 ,
666 1743 738 1789 vel
769 1742 825 1788 ad
860 1742 1079 1788 summum
1111 1743 1229 1787 intra
1249 1740 1422 1787 menses
1441 1740 1553 1786 duos
1569 1774 1581 1792 ,
1608 1742 1733 1805 quod
1761 1743 1833 1787 vix
1856 1742 1912 1788 de
1932 1743 2024 1788 ullo

192 1809 281 1853 alio
301 1808 463 1853 morbo
483 1806 657 1871 sperare
685 1807 788 1853 licet
804 1842 815 1859 ,
837 1825 1028 1870 quorum
1049 1807 1366 1870 plerorumque
1383 1839 1394 1857 ,
1426 1804 1454 1850 si
1486 1807 1713 1868 graviores
1735 1806 1904 1853 fuerint
1923 1841 1936 1860 ,
1958 1807 2027 1852 in·-

195 1887 320 1935 tegta
345 1872 517 1918 curatio
538 1872 593 1918 ad
615 1889 777 1918 annum
798 1877 840 1917 &
860 1872 973 1916 ultra
999 1890 1092 1917 non
1110 1872 1209 1916 raro
1229 1870 1585 1935 procrastinatur.

261 1945 322 1998 30.
355 1938 449 1983 Imo
469 1937 577 1983 vero
599 1937 793 1992 jucunde.
822 1941 977 1982 Pateor
1001 1936 1211 1999 equidem
1232 1935 1277 1980 id
1297 1936 1405 1980 olim
1432 1934 1574 1980 minus
1593 1936 1695 1983 vere
1716 1935 1808 1982 dici
1840 1935 2027 1999 potuisse

192 2001 252 2047 de
271 2001 450 2065 antiqua
473 2002 689 2064 unguenti
709 2001 989 2046 Mercurialis
1010 2000 1395 2046 administratione
1414 2033 1425 2051 ,
1447 1999 1491 2043 in
1512 2001 1598 2063 qua
1615 2035 1626 2054 ,
1648 2001 1748 2048 cum
1776 2000 2026 2047 immodico

194 2071 242 2112 δε
261 2067 476 2131 praecipiti
501 2065 812 2111 inunffionum
827 2065 904 2110 usu
923 2065 1115 2128 gingivae
1131 2099 1144 2118 ,
1163 2065 1355 2128 palatum
1376 2098 1387 2116 ,
1407 2069 1449 2109 δι’
1467 2063 1614 2112 fauces
1634 2067 1996 2112 exulcerarentur
2011 2099 2025 2118 ,

192 2131 305 2178 uber
326 2137 370 2177 δί
392 2132 624 2177 diuturnus
643 2129 922 2176 foetidiffimae
943 2129 1084 2175 saliva:
1107 2130 1360 2194 ptyalismus
1381 2130 1573 2175 cieretur
1593 2164 1604 2182 ,
1629 2135 1675 2175 <Sc
1706 2129 1841 2177 facies
1856 2165 1868 2182 ,
1898 2146 2028 2194 caput

195 2214 245 2242 ac
276 2197 428 2258 lingua
457 2196 720 2261 plerumque
746 2194 1119 2246 intumescerent,
1156 2195 1356 2240 solebant
1391 2210 1652 2254 aegrotantes
1679 2195 1811 2240 taedio
1829 2229 1840 2246 ,
1864 2212 2028 2259 agryp-

196 2259 301 2314 niti,
333 2261 493 2307 dolore
521 2260 714 2312 confici,
742 2264 788 2305 &
821 2259 1076 2306 miserrimis
1097 2259 1283 2304 miseriis
1305 2258 1539 2304 diutiffime
1570 2260 1799 2305 macerari.
1828 2260 1914 2305 Sed
1936 2260 2025 2306 haec

191 2329 281 2387 jam
302 2325 475 2390 pridem
491 2325 786 2390 prudentiore
807 2329 851 2369 δε
873 2325 1010 2386 magis
1033 2323 1159 2369 cauta
1176 2322 1554 2386 hydrargyroseos
1573 2323 1789 2369 methodo
1817 2323 1879 2368 ita
1909 2341 2026 2370 tem-

194 2406 346 2454 perata
367 2390 464 2435 sunt
481 2423 493 2442 ‚
515 2406 562 2435 ut
581 2389 609 2433 si
630 2388 878 2435 remedium
902 2388 1145 2448 jucundum
1166 2388 1255 2433 dici
1291 2388 1451 2433 merito
1480 2404 1571 2433 non
1601 2388 1725 2451 poffit
1745 2423 1756 2440 ‚
1778 2388 1902 2450 quod
1929 2388 2028 2434 for-

195 2454 271 2499 san
293 2454 339 2498 in
360 2454 529 2499 nullum
550 2455 654 2500 vere
677 2453 797 2498 cadit
812 2486 823 2504 ,
853 2468 895 2497 at
917 2451 1069 2499 saltem
1089 2452 1207 2498 haud
1226 2452 1287 2497 ita
1314 2452 1543 2497 molestum
1575 2451 1624 2497 sit
1645 2470 1692 2497 ac
1719 2453 1852 2514 vulgo
1873 2453 2027 2498 credi-

195 2535 282 2564 tur.
314 2519 580 2581 Plerumque
600 2518 745 2563 nullus
765 2517 1008 2581 proritatur
1026 2517 1280 2581 ptyalisnius
1302 2517 1372 2563 vel
1394 2516 1446 2561 ad
1470 2516 1686 2562 summum
1707 2515 1836 2562 facile
1866 2517 2027 2562 tolera-

194 2582 296 2630 bilis
317 2601 327 2635 3
349 2583 468 2629 nulla
502 2584 551 2628 fit
576 2583 666 2628 oris
687 2582 957 2628 exulceratio
976 2615 988 2633 ,
1015 2583 1086 2628 vel
1119 2581 1269 2627 saltem
1298 2582 1408 2628 levis
1432 2587 1476 2626 ὃς
1498 2580 1821 2645 superficiaria3
1845 2581 2026 2626 demum

197 2647 341 2694 minus
366 2646 526 2693 fastidii
547 2664 680 2711 atque
698 2647 901 2692 molestiae
923 2664 1040 2709 aegro
1058 2651 1143 2707 jam
1166 2647 1517 2693 exhauriendum
1538 2647 1596 2692 est
1610 2679 1622 2697 ,
1655 2662 1701 2691 ut
1722 2663 1773 2691 ex
1795 2645 1866 2691 lue
1888 2663 2027 2691 vene-

200 2712 275 2759 rea
293 2746 304 2764 ,
326 2712 477 2760 saltem
497 2728 675 2760 recente
697 2710 889 2776 perfecie
913 2711 1219 2764 convalescat,
1234 2712 1366 2775 qutim
1387 2729 1440 2758 ex
1467 2709 1596 2757 febre
1622 2710 1836 2773 quartana
1864 2726 2028 2755 contu-

198 2793 409 2823 macrore.

256 2845 324 2886 II.
354 2841 545 2886 Minime
578 2856 724 2888 tamen
753 2840 1109 2887 dissimulandum
1144 2842 1203 2886 est
1232 2839 1466 2885 nonnullas
1498 2838 1582 2886 esse
1611 2839 1691 2885 luis
1710 2856 1909 2886 venerea:
1934 2839 2029 2903 spe-

201 2905 289 2952 cies
315 2938 327 2956 ,
354 2923 447 2967 quae
471 2906 748 2951 curationem
780 2907 955 2967 plenam
988 2911 1030 2949 &
1061 2905 1302 2968 perfeclzam
1329 2904 1492 2949 casteris
1514 2901 1736 2948 difficilius
1761 2903 2025 2956 admittant,

200 2977 248 3017 &
268 2969 425 3033 quibus
444 2969 579 3014 etiam
601 2972 693 3032 post
717 2968 1079 3014 accuratissimam
1110 2967 1467 3031 hydrargyrosrm
1499 2967 1700 3030 quaedam
1734 2967 1944 3032 supersint
1973 2987 2029 3015 ex

203 3034 511 3098 symptomatis
531 3066 543 3085 ,
565 3050 657 3096 quae
685 3034 785 3078 ante
809 3034 1021 3084 aderant,
1042 3032 1128 3079 sive
1161 3033 1265 3079 ideo
1290 3033 1411 3096 quod
1437 3031 1606 3079 diutina
1627 3031 1776 3077 morbi
1808 3031 2033 3096 praesentia

201 3118 255 3148 ea
274 3100 391 3146 labes
422 3096 574 3143 solidis
609 3098 810 3162 corporis
838 3097 1035 3162 partibus
1054 3097 1172 3144 illata
1199 3097 1248 3143 fit
1267 3133 1277 3151 ,
1298 3115 1429 3161 quam
1455 3098 1681 3160 corrigere
1703 3097 1773 3142 vel
1796 3098 1947 3143 delere
1965 3097 2033 3144 fa-

202 3163 285 3213 cile
305 3181 397 3211 non
415 3162 465 3208 sit
485 3181 497 3218 ·,
516 3163 604 3213 sive
624 3163 757 3211 etiam
776 3196 790 3218 ,
808 3162 932 3228 quod
955 3178 1102 3211 tamen
1124 3163 1259 3211 rarius
1275 3197 1288 3219 ,
1308 3163 1412 3211 ideo
1434 3163 1556 3227 quod
1576 3161 1726 3227 portio
1747 3162 1943 3223 quaedam
1968 3163 2039 3223 se:

1662 3232 1702 3277 V
1719 3244 1748 3276 u.
1766 3242 1817 3291 u}

2073 222 2241 260 Tertius‘h
2255 255 2262 264 ‚

2060 272 2259 314 Difficilis-i

2060 337 2138 364 mae.

2092 588 2192 635 Qui]
2213 592 2305 628 fen-f

2064 640 2221 678 tiendum
2254 643 2298 680 fit

2064 693 2106 728 de
2129 695 2298 730 curatio·

2064 757 2104 781 ne
2130 744 2196 782 luis
2230 757 2298 785 ve-

2065 809 2175 836 ncrcae
2198 805 2210 834 ξ

2104 877 2134 913 I.
2161 877 2205 912 In
2227 887 2297 926 ge⁴

2064 938 2146 964 nete
2176 927 2272 964 luem

2066 992 2299 1036 quarinum-3

2067 1045 2136 1083 que
2175 1042 2299 1069 curan

2068 1081 2183 1136 posse.-

2104 1246 2138 1272 1.
2156 1230 2280 1276 Tuto,

2109 1699 2143 1722 2.
2163 1684 2245 1722 Cic&
2268 1708 2270 1712 ,

2109 1955 2139 1989 3.
2159 1944 2240 1981 Nec
2258 1945 2306 1982 in-

2071 1995 2244 2048 jucunde.

2123 2853 2176 2891 11.
2213 2855 2306 2893 Dari

2069 2917 2189 2942 tamen
2206 2907 2304 2946 luem

2070 2969 2259 2996 veneream
2291 2986 2303 3004 .

2070 3022 2149 3060 quae
2168 3008 2306 3047 diffici-

2071 3062 2141 3098 lius
2165 3074 2275 3101 cure-

2074 3126 2149 3155 tut,
