2477 3643
449 108 551 166 '394'
778 83 1933 155 DEMORB1sv1-:NER131s

453 198 527 231 aut
547 180 625 230 usu
644 182 839 249 pulveris
857 181 1167 231 terebinthinae
1188 183 1319 230 coerce
1339 214 1352 233 ,
1377 197 1696 235 cae-terorumve
1716 186 2064 253 epuloticoruml

521 255 588 311 50.
628 251 749 295 Dum
775 266 827 296 ea
849 247 973 296 extra
998 263 1242 310 geruntur,
1270 245 1390 293 intr&
1417 246 1672 297 adhibenda
1716 249 1816 299 sunt
1850 269 1945 316 quae
1972 251 2028 299 ad
2052 251 2287 318 corrigena.
2332 271 2348 278 ·

455 311 559 360 dam
588 311 810 376 sanguinis
841 311 1104 374 dyscrafiam
1138 311 1339 362 faciunt,
1373 328 1534 377 nempe
1568 315 1846 379 epicerastica
1874 316 1950 364 seu
1984 318 2279 381 temperantia

456 383 504 424 &
535 377 784 425 edulcantia
804 412 815 428 ‚
847 376 938 423 sola
956 376 1124 423 scilicet
1141 409 1154 428 ‚
1186 376 1334 440 qualia
1355 376 1494 423 modo
1511 379 1820 444 proposuimus
1850 381 1968 440 hujus
1992 386 2157 446 Capitis
2174 393 2212 442 §-
2234 378 2280 428 ὅ.

456 442 489 488 si
510 442 728 504 dyscrafia
749 441 1120 488 salso‘muriatica
1144 439 1221 493 fit3
1241 440 1492 488 edulcantia
1512 445 1622 490 vero
1640 463 1740 491 cum
1762 446 2081 511 diaphoreticis
2100 452 2144 493 ὃ(
2170 462 2284 493 atte-

457 507 695 555 nuantibus
717 507 935 572 permixta
956 540 970 560 ‚
990 506 1135 570 qualia
1162 506 1428 572 protulimus
1452 507 1598 555 ibidem
1616 548 1632 564 ‚
1659 509 1688 555 fi
1719 528 1774 558 ex
1792 511 1884 558 acri
1906 510 2056 559 oleosa
2075 511 2125 558 sit
2146 511 2282 559 visci-

458 572 620 637 daque.

514 640 577 683 6⁰.
622 634 796 683 Profuit
827 634 1068 700 aliquando
1095 634 1217 681 labra
1235 670 1248 689 ,
1276 637 1560 701 confiniaque
1589 639 1785 687 ulcerum
1813 640 2123 688 chironiorum
2142 674 2155 693 ,
2183 658 2280 705 quae

455 702 481 748 ὲ
511 701 695 747 seminio
716 718 911 748 venereo
930 718 1080 748 ortum
1103 700 1296 764 primum
1316 702 1569 749 habuerunt
1586 739 1600 757 ‚
1621 722 1852 769 unguento
1873 705 2124 753 mercuriali
2145 706 2278 753 iden-

462 767 602 813 tidem
617 765 793 812 illinere
811 800 824 819 ,
855 767 981 830 quod
1012 766 1176 818 callos,
1206 765 1235 811 fi
1264 767 1342 830 qui
1372 766 1539 822 adsmt,
1570 768 1781 823 resolvit,
1814 771 1938 834 quod
1966 771 2076 817 vitia
2104 771 2280 836 limphae

454 831 512 876 ad
526 830 646 877 ulcus
666 831 931 878 confluentis
948 831 1158 878 emendat
1176 864 1189 883 ‚
1215 831 1413 896 ideoque
1432 833 1488 879 ad
1501 834 1730 883 labrorum
1748 836 1987 883 mollitiem
2005 841 2049 882 δε
2066 834 2284 885 cicatricis

452 896 730 961 progressum
748 896 968 942 utilissime
987 895 1179 943 confert.

516 971 584 1019 70.
622 961 828 1025 Denique
848 963 894 1007 in
913 961 1134 1009 ulceribus
1154 959 1368 1007 chironiis
1386 997 1398 1015 ‚
1418 964 1542 1028 quod
1574 964 1631 1012 de
1652 965 1884 1012 doloribus
1904 982 2085 1029 quoque
2106 970 2151 1011 &
2178 965 2283 1012 her-

452 1026 630 1089 petibus
648 1060 660 1078 ‚
679 1027 756 1089 qui
775 1029 867 1091 post
899 1044 1095 1074 curatam
1122 1026 1241 1073 luem
1262 1043 1503 1076 veneream
1536 1029 1764 1095 supersunt
1784 1065 1796 1084 ,
1827 1031 2031 1078 volumus
2058 1030 2282 1094 intelligi,

449 1091 559 1138 utile
586 1093 645 1138 est
663 1092 905 1138 fonticulos
932 1093 1145 1157 occipiti,
1167 1091 1456 1140 brachiorum
1485 1111 1559 1141 aut
1591 1096 1811 1160 poplitum
1842 1095 2046 1143 alterutri
2075 1096 2281 1150 inurere,

448 1156 527 1222 qui
544 1169 716 1222 partem
734 1157 916 1205 acrioris
934 1158 1109 1224 limphae
1129 1156 1322 1204 educant
1343 1191 1355 1210 ‚
1376 1160 1449 1208 vel
1471 1177 1674 1208 avertant
1691 1159 1845 1210 saltem
1866 1160 1920 1208 ab
1940 1160 2097 1209 affe&o
2114 1161 2234 1208 loce.

819 1298 858 1347 ς.
921 1290 981 1333 X.
1076 1289 1440 1337 CAR1Es
1535 1293 1930 1339 OSSIUM.

207 1425 254 1462 X.
268 1422 413 1461 Offium
508 1418 567 1460 X.
599 1415 755 1463 Caries
785 1433 1005 1469 venerea,
1033 1417 1120 1481 quii
1144 1418 1233 1464 offa
1262 1434 1487 1467 tentantur
1505 1453 1518 1472 ,
1546 1419 1856 1482 hydrargyrofi
1876 1418 2010 1466 etiam
2031 1418 2114 1467 rite
2138 1421 2282 1467 admi-

182 1477 297 1534 caries
315 1509 325 1523 ‚
343 1482 379 1514 &
458 1479 641 1526 nistratae
667 1482 763 1527 raro
784 1480 938 1546 sponte
966 1482 1115 1536 cedit3
1147 1501 1229 1530 nec
1252 1483 1351 1530 sane
1377 1485 1540 1530 mirum
1560 1485 1661 1531 cum
1687 1486 1741 1531 ad
1765 1489 1857 1544 ejus
1875 1484 2153 1533 curationem
2171 1503 2283 1552 opus

181 1528 328 1618 ‘tiffevffsae
346 1540 412 1587 ga·
455 1543 506 1591 fit
528 1551 573 1591 δε
595 1545 849 1610 operosiore
881 1546 1106 1611 therapeia
1120 1581 1134 1600 ,
1169 1553 1215 1594 &
1233 1548 1516 1596 diuturniore
1536 1550 1748 1614 temporis
1766 1549 2022 1597 intervallo.

202 1594 211 1618 ¹
235 1594 244 1619 ¹
284 1594 414 1633 Peme&
521 1615 588 1657 Os
608 1612 725 1658 carie
756 1610 962 1658 affestum
981 1613 1120 1659 modo
1139 1623 1271 1661 carne
1300 1620 1347 1661 &
1376 1615 1582 1680 periostio
1626 1616 1754 1680 plane
1784 1614 2035 1673 denudatur
2063 1619 2110 1661 &
2140 1614 2283 1662 oculis

457 1673 555 1739 ipsis
569 1676 756 1722 obvium
782 1678 841 1723 est
861 1696 871 1722 :
893 1678 1038 1724 Modo
1055 1679 1210 1724 contra
1232 1697 1365 1727 carne
1383 1680 1549 1744 tegitur
1568 1715 1581 1732 ,
1595 1680 1839 1732 sedmolli‚
1866 1677 2082 1743 fungosa,
2108 1679 2285 1744 sangui-

456 1741 639 1788 nolentz'i
659 1775 671 1794 ,
703 1759 945 1805 quae‘nunc
975 1743 1224 1790 rubicunda
1251 1746 1311 1791 est
1333 1779 1344 1798 ,
1365 1762 1483 1791 nunc
1515 1745 1664 1792 albida
1682 1779 1694 1798 ‚
1718 1763 1835 1792 nunc
1853 1743 2075 1791 sublivida
2090 1778 2102 1797 ‚
2124 1750 2169 1791 δε
2187 1762 2282 1809 quae

456 1804 653 1867 subjetsto
676 1806 751 1852 ossi
771 1825 862 1853 non
884 1808 1151 1855 adhaerescit.
1192 1810 1319 1856 Prior
1344 1809 1570 1857 manifesta
1588 1830 1598 1864 3
1623 1811 1835 1876 posterior
1857 1810 2031 1856 occulta
2050 1810 2189 1857 caries
2207 1810 2284 1857 di-

455 1871 570 1917 citur
589 1907 600 1923 ,
623 1871 699 1918 sed
717 1890 851 1935 quam
869 1889 1017 1920 tamen
1035 1874 1300 1936 dignoscere
1316 1874 1447 1922 facile
1467 1877 1524 1922 est
1545 1894 1596 1922 ex
1615 1875 1771 1923 natur-fi
1788 1875 1989 1922 carnium
2006 1909 2019 1928 ‚
2044 1892 2139 1938 quae
2155 1875 2281 1922 ulce-

456 1936 515 1981 ris
536 1936 726 1981 fundum
747 1937 944 2000 replent3
962 1956 1016 1984 ex
1032 1938 1187 1986 ichore
1207 1941 1497 2003 graveolente
1512 1974 1523 1992 ‚
1544 1941 1668 2004 quod
1688 1940 1849 1987 eodem
1868 1940 2055 1986 confluit
2071 1958 2082 1993 3
2101 1939 2283 1986 demum

454 2017 552 2062 quae
584 1999 813 2047 certiffirna
834 2002 1081 2066 exploratio
1103 2005 1161 2048 est
1176 2037 1189 2054 ‚
1223 2022 1308 2068 ope
1330 2005 1498 2068 specilli
1515 2038 1527 2056 ‚
1551 2010 1675 2068 cujus
1693 2007 1854 2051 attactu
1880 2004 2019 2068 liquet
2038 2021 2088 2050 os
2105 2002 2282 2067 subjec-

458 2078 553 2110 tum
571 2064 793 2111 detefflmm
811 2070 855 2111 ὃ(
876 2066 1046 2112 nudum
1066 2067 1149 2114 effe
1167 2083 1299 2131 atque
1315 2067 1548 2114 cariosum.

528 2133 630 2175 Hoc
653 2146 890 2193 utrumque
907 2132 1041 2178 carici
1059 2149 1196 2195 genus
1212 2134 1259 2178 in
1279 2133 1385 2179 duas
1402 2132 1563 2197 species
1582 2131 1964 2180 subdividendum
1982 2133 2041 2180 est
2058 2132 2104 2178 in
2125 2134 2247 2198 praxi
2265 2167 2285 2189 ,

455 2193 641 2240 alteram
659 2229 670 2246 ,
691 2195 739 2240 in
757 2194 845 2258 qu&
865 2195 960 2242 offis
982 2195 1233 2261 superficies
1254 2196 1331 2243 suo
1352 2199 1535 2261 quidem
1553 2198 1762 2264 periostio
1781 2197 1901 2244 nuda
1919 2199 1978 2244 est
1997 2231 2007 2249 ‚
2027 2198 2150 2244 arida
2170 2232 2182 2250 ‚
2202 2217 2284 2245 ex·-

452 2257 580 2305 succa
599 2293 610 2311 ,
632 2259 830 2324 sanguini
851 2278 923 2307 aut
944 2261 1119 2325 limphae
1138 2263 1329 2309 nutritiae
1353 2263 1638 2310 admittendis
1664 2264 1841 2327 inepta,
1874 2261 1949 2310 sed
1973 2262 2021 2308 in
2040 2262 2126 2326 qua
2155 2264 2278 2310 nulla

453 2341 667 2388 apparent
697 2324 933 2372 manifestae
962 2326 1175 2375 erofionis
1197 2327 1316 2391 signa
1333 2362 1345 2380 ,
1368 2334 1414 2374 &
1440 2329 1516 2375 illa
1535 2328 1616 2389 offis
1641 2329 1912 2388 exarescentia
1933 2348 1947 2373 :
1981 2327 2179 2374 Alteram
2197 2362 2210 2380 ,
2232 2329 2280 2374 in

454 2388 543 2451 qua
570 2389 665 2435 offis
685 2389 934 2454 superficies
954 2391 1129 2445 scabra,
1160 2393 1435 2456 inaequabilis
1453 2428 1466 2444 ‚
1497 2391 1647 2458 aspera
1666 2395 1725 2439 est
1743 2427 1755 2446 ,
1786 2392 1878 2437 imo
1909 2409 1996 2438 non
2029 2392 2127 2438 raro
2156 2394 2278 2440 varie

451 2453 805 2501 -foraminulenta
822 2490 834 2508 ‚
855 2472 987 2521 atque
1004 2457 1117 2504 adet)
1135 2458 1183 2503 in
1202 2458 1287 2521 quii
1306 2458 1541 2523 conspicua
1560 2454 1656 2504 sunt
1678 2456 1890 2504 erosionis
1906 2457 2073 2503 indicia
2093 2490 2105 2509 ‚
2128 2462 2169 2504 ὃ(
2188 2458 2280 2505 haec

449 2523 587 2566 caries
621 2521 725 2566 vere
761 2520 939 2568 dicitur.
983 2522 1135 2569 Ambae
1173 2523 1467 2571 diuturnitate
1496 2521 1667 2569 tantum
1702 2521 1917 2569 differunt
1946 2522 2140 2568 invicem
2160 2540 2171 2575 3
2208 2523 2281 2569 illa

458 2584 582 2629 enim
603 2585 900 2633 recentiorem
918 2621 930 2639 ,
959 2587 985 2633 a
1003 2587 1088 2652 qua
1106 2588 1251 2634 levior
1270 2588 1389 2636 labes
1408 2608 1420 2644 3
1450 2589 1540 2636 haec
1558 2587 1665 2636 vero
1686 2587 1985 2652 antiquiorem
2005 2585 2175 2633 causam
2198 2585 2280 2633 ha-

458 2647 537 2696 bet
552 2682 564 2702 ‚
584 2648 609 2695 -ὲ
626 2650 713 2713 qud
730 2652 849 2696 labes
868 2653 1048 2715 gravior
1068 2652 1186 2699 illata
1208 2654 1278 2699 est.

245 2722 418 2763 Remedia
534 2722 595 2758 10.
635 2719 685 2759 ln
705 2715 891 2778 utrfique
907 2749 919 2767 ,
946 2716 975 2761 si
996 2735 1100 2762 caro
1121 2716 1389 2781 semi-putris
1407 2717 1626 2763 cariosum
1643 2716 1792 2763 locum
1819 2731 2028 2779 contegat
2043 2749 2056 2769 ,
2076 2716 2150 2763 vel
2171 2715 2283 2762 scal-

179 2775 301 2815 carici.
458 2778 577 2843 pello
604 2778 665 2824 ita
686 2779 943 2826 deradenda
961 2783 1020 2827 est
1040 2815 1050 2832 ‚
1081 2781 1219 2827 modo
1237 2783 1475 2829 commode
1495 2780 1620 2846 possit
1640 2815 1653 2834 ,
1684 2781 1755 2827 vel
1780 2781 1971 2827 admotis
1994 2781 2286 2828 cathaereticis

457 2845 523 2889 ita
552 2842 820 2891 absumenda
835 2879 848 2897 ,
871 2862 918 2891 ut
945 2863 994 2892 os
1011 2845 1182 2893 nudum
1199 2847 1338 2894 oculis
1356 2846 1586 2913 usurpetur
1608 2851 1653 2893 &
1676 2845 1942 2894 adhibendis
1961 2846 2172 2894 remediis
2194 2846 2281 2893 obv

462 2910 585 2955 vium
608 2908 672 2954 fit.

530 2981 593 3020 20.
633 2980 681 3018 ln
711 2974 859 3038 priore
885 2975 1020 3021 cariei
1045 2974 1190 3040 specie
1210 2975 1368 3022 sufficit
1385 2977 1647 3042 plerumque
1665 3010 1679 3031 ‚
1704 2975 1868 3039 lingula
1887 2975 2062 3040 quaque
2080 2973 2276 3021 curatio-

459 3056 519 3085 ne
552 3037 627 3083 ossi
655 3039 886 3102 imponere
918 3041 1176 3104 penicillum
1204 3042 1392 3089 linteum
1419 3042 1642 3089 imbutum
1671 3041 1784 3105 aqua
1811 3042 1935 3093 vitae3
1968 3041 2121 3105 spiritu
2152 3037 2276 3089 vini;

459 3101 649 3148 tinctura
668 3104 882 3164 myrrhae,
911 3105 1028 3151 aloe's
1046 3140 1058 3158 ‚
1089 3106 1328 3171 euphorbii
1358 3112 1444 3153 &c.
1474 3108 1545 3152 vel
1573 3106 1826 3171 inspergere
1858 3106 2086 3170 pulverem
2119 3100 2277 3172 radicis

382 3216 384 3219 ,
444 3166 577 3215 §zi-eos
593 3168 851 3217 Florentinae
862 3202 876 3225 ‚
895 3185 967 3216 aut
985 3171 1264 3234 pulveratum
1279 3171 1578 3235 euphorbium
1591 3205 1606 3231 ,
1624 3187 1698 3221 aut
1716 3171 1774 3220 ad
1785 3170 2004 3221 surranum
2024 3166 2274 3225 identidem
