2477 3643
808 133 1597 194 PRAErA-r10.
2069 153 2106 195 v

268 233 439 305 'quam
467 230 612 305 quod
632 231 746 284 luce
778 229 1069 284 meridiana
1101 226 1288 281 clarius
1313 228 1381 280 est
1405 229 1546 280 luem
1579 240 1850 279 veneream
1877 242 2103 280 exeunte

264 306 482 362 tantum
526 307 697 359 seculo
734 306 874 357 XV.
908 305 965 357 in
1005 304 1184 356 orbem
1220 302 1449 355 nostrum
1480 299 1715 372 irrupiffe
1736 344 1749 366 ‚
1786 303 1933 353 nulla
1963 298 2100 355 certe

278 380 559 434 intercedit
583 379 806 433 affinitas
826 380 963 432 inter
984 378 1224 431 morbum
1245 380 1266 436 J
1274 377 1391 444 obi,
1425 375 1594 448 qualis
1625 373 1929 427 describitur
1949 389 2100 451 capp.

272 466 323 509 6,
349 465 417 509 16.
438 477 504 519 19.
520 464 574 510 &
595 454 872 527 praesertim
896 475 973 507 20.
997 456 1240 523 luemque
1270 470 1545 505 veneream
1569 493 1582 516 ‚
1614 450 1718 521 qua
1740 448 1886 521 poffit
1911 449 2096 521 opinio

273 529 373 583 illa
396 531 516 582 niti.
540 528 904 597 Quamobrem
938 527 1109 580 multo
1142 526 1296 580 satius
1319 527 1389 578 est
1409 525 1473 578 de
1504 525 1689 577 natura
1714 523 1916 577 Ulceris
1940 567 1953 590 ‚
1989 543 2095 595 quo

279 603 438 662 Jobus
472 606 747 657 multtatus
779 603 849 655 est
867 646 880 669 ‚
912 603 1051 655 silere
1081 621 1202 656 cum
1224 603 1427 659 Joanne
1449 607 1538 667 (a)
1569 597 1809 651 Mercero
1829 641 1844 664 ‚
1870 600 1953 650 vel
1977 618 2098 652 curn

278 679 371 746 (b)
412 678 677 749 Origene,
707 679 754 731 S.
773 680 982 735 Ioanne·
1005 684 1088 743 (c)
1123 675 1490 746 Chrysostomo
1514 719 1526 740 ‚
1555 678 1633 740 (c)
1662 672 2015 743 polychronio
2042 683 2098 727 δε

273 758 295 816 (
316 764 363 820 c)
404 752 720 824 Apolinario
740 795 753 813 ‚
776 754 937 803 Ulcus
961 749 1096 802 illud
1117 749 1182 802 ad
1206 749 1613 822 Elephantiasim
1649 745 1833 799 referre
1853 790 1866 809 ,
1902 767 2015 819 quae
2040 746 2097 799 in

272 826 468 879 Arabia
506 826 571 879 ad
593 826 910 899 Euphratem
934 868 944 885 ,
969 824 1059 877 ubi
1082 823 1299 895 degebat
1326 826 1397 889 (d
1410 834 1423 889 )
1463 827 1485 881 J
1492 823 1618 875 obus
1637 865 1650 887 ‚
1680 821 1921 892 frequens
1954 839 2064 873 erat
2081 865 2096 887 ‚

272 901 434 972 quam
469 920 769 954 commenta
810 898 1097 952 istiusmodi
1136 897 1327 953 temere
1368 896 1575 951 effutire
1613 897 1763 948 nullo
1802 897 2007 949 auctore
2043 904 2098 950 &t

283 975 592 1029 anskoritate
621 974 773 1048 plane
796 976 955 1030 nulla.

346 1066 408 1119 30„
450 1050 643 1122 Neque
664 1049 857 1122 potiori
877 1058 982 1115 jure
1000 1048 1122 1102 licet
1140 1046 1386 1118 colligere
1411 1053 1464 1113 (e
1486 1055 1500 1114 )
1532 1046 1796 1101 Davidem
1819 1047 1904 1098 lue
1921 1041 2101 1098 eadem

287 1125 505 1177 venerea
533 1124 782 1177 infestum
816 1123 968 1176 fuisse
988 1167 1001 1189 ,
1038 1123 1182 1194 quod
1207 1126 1388 1189 Psalm.
1424 1142 1504 1175 v1.
1536 1125 1671 1194 vers?
1695 1144 1738 1176 2..
1761 1122 1819 1180 ἄν
1842 1140 1880 1188 3.
1915 1121 2104 1193 Pstzlm.

276 1215 462 1252 xxx1.
489 1201 623 1269 vers.
647 1219 685 1268 3.
736 1206 790 1252 δε
829 1197 1109 1271 praesertim
1149 1199 1334 1267 Psalm.
1363 1215 1625 1249 xxxvu.
1655 1198 1792 1271 vers
1813 1216 1865 1262 4.
1891 1202 1936 1246 6.
1963 1193 2019 1251 (ἐν
2053 1195 2100 1245 3.

278 1271 468 1326 referat
499 1277 551 1339 ſse
589 1276 832 1341 infirmum
878 1273 999 1342 ψ,
1039 1270 1319 1324 contarbata
1355 1271 1440 1340 effe
1479 1272 1570 1340 ossst
1596 1274 1732 1342 sira,
1764 1266 2000 1343 putruiffb
2043 1266 2102 1325 ὠ

276 1364 523 1422 corruptas
549 1347 634 1417 effl’
653 1351 780 1419 ficas
811 1352 1053 1399 cicatrices
1072 1387 1087 1407 ‚
1119 1345 1305 1399 lumbos
1323 1349 1449 1417 ficos
1483 1348 1708 1419 impletos
1739 1344 1825 1412 ff
1859 1343 2102 1407 illustoni-

280 1421 399 1482 bus,
437 1424 494 1480 ό·
528 1442 625 1474 non
659 1422 747 1490 cffi
770 1423 1049 1492 finitatem
1087 1425 1142 1473 irc
1174 1437 1311 1472 carne
1334 1417 1459 1490 sud.
1513 1418 1641 1471 Inde
1674 1415 1890 1490 quidem
1931 1415 2101 1486 liquet

278 1494 546 1548 Davidem
565 1539 578 1561 ‚
610 1493 735 1548 dum
764 1515 824 1548 ea
856 1494 1094 1547 scriberet
1115 1537 1128 1560 ,
1166 1490 1313 1565 gravi
1337 1492 1519 1545 morbo
1551 1510 1812 1547 tentatum
1834 1488 2010 1555 fuisse,
2045 1507 2100 1542 at

280 1589 392 1623 non
425 1568 544 1622 ideo
576 1569 809 1641 sequitur
843 1586 903 1622 ut
938 1568 1147 1621 morbus
1179 1569 1272 1620 ille
1306 1569 1413 1620 lues
1444 1588 1663 1621 venerea
1701 1566 1893 1619 fuerit:
1932 1564 2101 1633 Quod

279 1642 401 1697 sane
427 1643 626 1697 etiamsi
658 1644 800 1698 certo
830 1643 1082 1697 constaret
1114 1644 1253 1695 luem
1283 1661 1556 1694 veneream
1582 1641 1806 1695 Davidis
1827 1659 1936 1692 aevo
1961 1638 2101 1709 gras-

281 1717 446 1771 satam
474 1716 652 1785 fuiffe,
684 1737 743 1771 ut
777 1717 1032 1771 hodierno
1064 1735 1298 1789 tempore
1321 1760 1335 1782 ,
1370 1715 1563 1768 temere
1595 1725 1649 1770 δε
1685 1711 1981 1768 inconsulte
2017 1712 2100 1764 di—

279 1811 481 1846 ceretur
514 1837 528 1860 ‚
566 1792 684 1846 cum
719 1792 1070 1865 symptomata
1107 1810 1221 1863 qua:
1261 1790 1289 1843 a
1330 1789 1540 1843 Davide
1579 1789 1870 1842 referuntur
1895 1831 1911 1854 ,
1956 1786 2099 1840 notis

279 1867 382 1926 luis
415 1867 777 1940 symptomatis
819 1867 937 1920 satis
972 1865 1150 1919 vicina
1188 1884 1297 1916 non
1330 1864 1426 1917 {int
1450 1908 1463 1930 ‚
1499 1881 1559 1916 ut
1596 1862 1876 1936 suspicioni
1921 1863 2097 1914 locum

275 1940 446 1995 facere
487 1942 672 2014 possint
703 1965 715 1994 :
758 1940 927 2009 Quod
965 1940 1172 2012 insuper
1211 1956 1395 1992 contra
1435 1955 1667 2011 apertam
1703 1938 1778 1989 rei
1818 1935 2097 1988 veritatem

281 2015 602 2079 crederetur,
637 2015 835 2070 etiamfi
868 2015 1217 2087 symptomata
1249 2012 1277 2066 Ξι
1305 2011 1516 2065 Davide
1545 2012 1788 2065 recensita
1815 2010 1845 2063 a
1873 2010 2097 2082 sympto-

280 2091 435 2144 matis
469 2090 568 2144 luis
601 2109 828 2144 venereae
861 2088 1032 2142 minus
1067 2089 1400 2141 abhorrerent
1423 2131 1436 2153 ,
1469 2086 1588 2139 cum
1621 2084 1905 2139 certiffimis
1937 2084 2100 2136 ratio-

281 2185 413 2219 num
441 2165 722 2220 momentis
750 2164 1116 2238 comprobetur
1147 2165 1288 2215 luem
1315 2181 1592 2215 veneream
1623 2160 1799 2236 priscis
1828 2157 2009 2212 seculis
2041 2158 2102 2211 in

281 2240 406 2293 orbe
439 2241 611 2293 nostro
643 2240 864 2293 omnino
897 2239 1193 2310 ignoratam
1225 2234 1392 2289 fuisse.

354 2331 428 2382 4⁰.
471 2315 721 2386 Denique
756 2314 1150 2367 hallucinantur
1184 2329 1398 2383 quoque
1433 2318 1489 2364 δε
1526 2308 1806 2363 oscitantes
1846 2306 2062 2380 quidem
2085 2317 2104 2374 ,'

282 2389 604 2461 quicumque
634 2392 775 2442 luem
803 2407 1079 2442 veneream
1106 2386 1234 2439 locis
1260 2405 1323 2438 ex
1355 2383 1701 2437 Ecclesiastico
1730 2381 1876 2455 supra
1906 2380 2101 2435 adduc-

285 2463 353 2515 tis
393 2463 538 2534 argui
573 2463 935 2530 contendunt,
976 2461 1094 2515 cum
1127 2460 1264 2513 nihil
1301 2477 1544 2532 appareat
1583 2455 1902 2511 manifestius
1941 2455 2100 2528 quam

284 2536 370 2589 hic
392 2537 475 2608 agi
505 2537 569 2591 de
601 2537 922 2609 ignominia‘,
956 2536 1174 2608 probrO,
1209 2553 1543 2607 paupertate,
1571 2531 1880 2605 aegritudine
1899 2574 1914 2597 ,
1950 2547 2103 2583 caete-

279 2610 455 2681 risque
482 2612 632 2665 malis
653 2656 667 2679 ‚
703 2632 816 2684 quae
833 2616 1131 2685 fornicarios
1159 2618 1217 2664 δε
1246 2609 1550 2662 scortatores
1580 2606 1883 2661 meretriciis
1906 2603 2100 2657 amori-

285 2683 379 2736 bus
415 2686 634 2758 turpiter
663 2686 865 2739 deditos
906 2704 1113 2737 manere
1145 2684 1332 2737 solent.
1374 2683 1569 2736 Similis
1599 2682 1759 2736 exstat
1792 2681 1850 2733 in
1884 2679 2099 2731 Prover-

280 2757 384 2810 biis
421 2760 563 2812 locus
596 2772 713 2834 Cap.
740 2783 780 2832 5.
803 2763 941 2829 vers
964 2766 1006 2815 8.
1029 2761 1216 2831 &stop
1253 2757 1345 2811 ubi
1377 2757 1643 2829 Sapientia
1678 2758 1950 2809 alumnum
1988 2771 2097 2804 mo-

284 2850 412 2886 nens
429 2875 445 2900 ‚
469 2834 628 2906 Long?
645 2838 767 2910 fac,
798 2832 977 2906 inquit
998 2837 1109 2902 ‚fili
1134 2838 1204 2887 mi
1218 2874 1235 2896 ‚
1261 2835 1291 2886 ci
1310 2839 1568 2888 Meretrice
1598 2837 1737 2887 viam
1762 2847 1897 2885 tuam
1914 2867 1933 2891 ,
1961 2833 2018 2888 ά·
2038 2843 2111 2880 Μ’

371 3029 395 3054 a
413 3016 425 3058 l
458 3015 666 3051 comment.
681 3019 718 3053 in
730 3020 807 3062 Job.
825 3024 913 3069 Cap.
934 3031 967 3054 2.
988 3021 1074 3067 verfi
1096 3035 1134 3066 7.

371 3067 421 3116 b)
454 3069 594 3103 Contra
609 3067 754 3106 Celsum
769 3097 780 3114 ,
802 3070 878 3109 Lib.
894 3078 954 3107 VI.
970 3081 1050 3120 pag.
1079 3086 1124 3117 50
1141 3082 1173 3114 3.

370 3132 386 3156 c
410 3125 419 3167 )
453 3121 496 3156 In
512 3118 647 3156 catena
663 3122 876 3158 Graecorum
895 3123 1041 3159 Parrum
1059 3123 1090 3159 in
1111 3125 1138 3159 Β
1165 3122 1300 3170 jobum
1316 3150 1327 3169 ‚
1345 3123 1539 3163 collectore
1556 3123 1700 3163 Niceta.

369 3171 393 3208 d
411 3179 421 3217 ι
455 3170 622 3208 friderici
642 3173 849 3223 Spanhemii
863 3201 875 3218 ,
896 3175 1058 3214 Historia
1075 3175 1159 3228 Jobi
1173 3202 1186 3223 ,
1203 3180 1291 3227 Cap.
1311 3190 1343 3227 3.

374 3231 421 3275 a)
451 3221 525 3261 Gui
540 3223 642 3262 Patin
655 3250 668 3272 ,
683 3229 797 3268 Lettre
819 3240 833 3277 3
851 3235 870 3267 6
882 3233 922 3273 82

1778 3298 1819 3337 a.
1833 3275 1896 3348 iii
