2477 3643
597 125 1392 181 LinERIV.CA1·tr‘r
1460 128 1599 180 111.
1895 142 1993 200 ξιξ

156 214 295 264 ticam
322 208 676 260 contraffionem
696 211 847 275 adiget
864 244 877 264 ,
897 210 983 275 quii
1015 210 1087 257 via
1107 209 1415 284 praecludetur.
1441 209 1561 256 Hinc
1581 225 1692 275 ergo
1718 212 1917 265 futurum
1937 223 1996 268 est

163 297 213 328 ut
233 279 449 343 glandula:
470 277 737 340 limphaticae
760 278 806 322 in
829 276 946 322 collo
966 310 978 328 ,
1000 276 1140 323 axillls
1157 310 1170 329 ,
1198 274 1456 339 inguinibus
1478 308 1490 327 ,
1511 275 1777 324 mesenterio
1800 286 1886 328 δίε.
1913 286 1994 331 sta-

165 360 329 410 gnante
358 349 402 390 δέ
427 341 648 405 inspiss'atzi
674 340 841 406 limpha
870 341 1055 404 turgida:
1090 341 1374 389 indurescant
1392 341 1440 385 in
1467 356 1662 387 tumores
1686 342 1995 413 circumscrip-

165 426 234 455 tos
250 429 273 461 ‚t
293 407 510 454 rotundos
527 440 540 459 ‚
566 404 849 470 glandulosos
868 441 880 460 ‚
906 405 1140 453 strumosos
1167 406 1239 452 vel
1266 403 1484 451 strumofis
1508 404 1775 460 fimillimos‚
1808 415 1997 473 majores

166 471 420 521 minoresve
440 505 451 524 ‚
480 472 737 517 racematim
773 473 844 518 vel
878 472 1115 518 catenatim
1151 472 1379 534 congestos
1399 505 1411 522 ‚
1439 470 1573 516 duros
1610 478 1654 516 δέ
1689 473 1962 523 adhaerentes
1982 511 1996 529 ‚

164 539 238 585 vel
269 536 506 584 submolles
528 541 572 581 &
594 535 811 589 mobiles,
843 537 920 600 qui
949 535 1088 581 modo
1115 536 1162 580 in
1193 533 1392 581 skirrhos
1428 540 1473 581 &
1507 536 1831 593 carcinomata,
1859 541 1997 588 modo

167 603 279 650 verb
299 603 346 647 in
374 599 586 648 abscessus
607 607 651 647 δε
671 601 820 648 ulcera
844 601 1007 647 abituri
1026 600 1124 645 sunt
1141 634 1152 652 ‚
1178 599 1207 644 si
1229 601 1528 663 negligantur.

232 672 250 712 I
271 672 306 712 I.
340 666 384 712 Si
401 666 569 730 limpha
584 666 607 711 :i
629 666 817 712 seminio
841 682 1035 713 venereo
1050 664 1263 711 viscidior
1282 666 1327 710 in
1345 664 1612 728 quibusdam
1631 667 1995 731 limphaticorum

163 729 372 778 vasorum
393 732 524 776 ramis
543 729 617 776 seu
641 749 863 777 ramorum
884 729 1152 776 internodiis
1180 728 1338 776 iisdem
1359 733 1415 776 de
1434 729 1565 775 causis
1592 748 1860 796 congeratur
1878 769 1889 786 ,
1923 734 1994 782 fu-

165 812 316 847 turum
333 812 380 841 ut
404 796 514 841 rami
530 795 716 858 quidem
738 795 810 841 seu
827 794 1088 840 internodia
1106 793 1290 840 collectci
1308 795 1475 858 limpha
1493 798 1716 858 turgentia
1733 798 1778 844 in
1798 815 1993 847 tumores

164 878 310 907 novos
346 867 391 906 &
421 857 657 907 inassuetos
694 860 961 912 dilatentur3
982 859 1130 904 tunica
1153 860 1260 905 vero
1287 860 1578 905 arachnoides
1608 861 1694 924 quzi
1721 865 1994 918 vestiuntur,

163 925 290 972 fimul
312 925 387 971 fiat
410 925 587 971 crassior
608 931 654 971 δε
672 925 720 970 in
744 924 925 973 densam
945 925 1153 984 cystidem
1182 924 1393 988 paulatim
1420 924 1548 971 abeat
1569 925 1628 970 ob
1649 927 1810 990 largius
1830 930 1996 994 apposiu

163 1006 254 1036 tam
285 991 499 1055 limpham
528 990 758 1036 nutritiam
777 1024 789 1042 ‚
813 1009 907 1053 quae
926 988 1145 1053 pressione
1168 988 1449 1035 retinebitur.
1483 990 1603 1035 Hinc
1633 1009 1740 1054 ergo
1770 1010 1996 1055 gummata

162 1054 253 1102 five
274 1071 471 1102 tumores
489 1054 652 1115 cystide
673 1054 866 1100 conclusi
883 1088 896 1106 ‚
930 1054 1006 1115 qui
1038 1070 1172 1116 prout
1202 1053 1388 1104 collesta
1413 1056 1619 1101 materies
1642 1059 1794 1104 colore
1820 1064 1863 1104 &
1888 1059 1995 1122 spis-

162 1119 353 1168 fitucline
374 1119 429 1165 ad
457 1119 600 1166 mellis
616 1152 628 1171 ‚
654 1120 785 1182 pultis
802 1153 816 1172 ,
836 1135 908 1165 aut
928 1117 1021 1164 sebi
1043 1117 1363 1164 consistentiam
1384 1123 1427 1163 δε
1447 1117 1780 1169 similitudinem
1808 1122 1994 1172 accelle-

163 1185 224 1231 rit
242 1218 255 1237 ,
276 1184 557 1231 melicerides
573 1218 586 1237 ,
613 1184 891 1232 atheromata
909 1218 921 1236 ‚
944 1199 1017 1228 aut
1037 1184 1293 1229 steatomata
1313 1182 1403 1228 dici
1423 1181 1582 1229 solent.

226 1254 328 1295 ΙΙΙ,
363 1249 502 1307 Quod
532 1247 561 1293 fi
588 1250 686 1312 pari
719 1248 776 1295 de
800 1248 925 1294 causa
957 1247 1126 1312 limpha
1150 1247 1371 1295 virulenta
1400 1247 1560 1294 haereat
1589 1248 1706 1296 intra
1734 1268 1993 1301 contextum

160 1313 477 1360 tendinearum
504 1313 696 1377 partium
721 1331 826 1376 quas
852 1312 1021 1364 nutrit,
1049 1329 1141 1358 tum
1176 1312 1303 1357 mora
1334 1328 1427 1358 tum
1459 1313 1608 1360 calore
1640 1315 1811 1362 densius
1845 1321 1994 1365 coacta

166 1383 214 1423 δε
247 1377 489 1442 constipata
522 1377 810 1424 constitutura
837 1380 896 1425 est
931 1376 1162 1424 tubercula
1197 1377 1317 1423 varia
1337 1410 1349 1430 ,
1380 1376 1592 1440 globosa,
1628 1379 1766 1432 dura,
1796 1383 1995 1429 reniten-

163 1442 257 1495 tia,
291 1441 415 1507 supra
447 1442 580 1507 partis
613 1441 810 1489 libellam
843 1441 1164 1490 extuberantia.
1196 1442 1318 1487 Hinc
1338 1443 1384 1486 in
1411 1443 1621 1506 periostio
1641 1445 1783 1501 nodi,
1803 1445 1850 1492 in
1880 1447 1997 1511 liga<

158 1507 325 1555 mentis
347 1523 522 1555 artuum
540 1507 669 1572 tophi
684 1540 697 1560 >
723 1508 770 1553 in
789 1508 938 1557 nervis
959 1506 1308 1571 tendinibusque
1327 1507 1519 1571 ganglia.

479 1636 1314 1694 §.v11.oCUL0RUM
1385 1640 1700 1686 MoRssr.

225 1770 278 1813 In
297 1764 436 1812 oculis
457 1765 711 1830 partibusve
729 1801 741 1820 ‚
762 1784 856 1830 quae
877 1766 929 1813 ad
952 1766 1106 1814 oculos
1124 1765 1351 1832 pertinent
1368 1801 1380 1820 ,
1401 1768 1595 1832 prostant
1610 1767 1821 1815 humores
1839 1788 1994 1819 nume-

163 1848 214 1876 ro
236 1831 363 1876 multi
385 1837 429 1876 δε
450 1831 528 1877 usu
544 1833 653 1878 varii
672 1866 684 1884 ‚
702 1831 965 1895 quibuscum
987 1832 1107 1879 virus
1133 1850 1378 1878 venereum
1405 1832 1681 1878 consortium
1703 1834 1994 1883 multifariam

162 1895 280 1942 inire
303 1895 415 1942 solet
437 1914 446 1941 t
467 1899 646 1961 Nempe
685 1903 744 1944 1⁰.
777 1903 956 1943 Humor
984 1897 1061 1944 ille
1088 1896 1279 1943 viscidus
1297 1902 1342 1943 &
1364 1896 1569 1943 sebaceus
1588 1931 1600 1950 ‚
1617 1897 1694 1960 qui
1714 1897 1737 1943 a
1758 1899 1994 1964 palpebra-

162 1976 264 2006 rum
286 1962 485 2023 margine
505 1962 687 2008 exsudat
702 1996 716 2014 ‚
738 1980 831 2025 quo
856 1960 1166 2025 palpebrarum
1195 1979 1281 2007 orae
1309 1961 1589 2007 obliniuntur
1604 1996 1616 2015 ,
1637 1963 1836 2025 quidum
1864 1965 1993 2029 copia

161 2041 240 2070 aut
268 2025 451 2071 acritate
481 2043 634 2090 peccat
658 2028 856 2090 lippitudo
886 2026 1079 2082 dicitur:
1103 2028 1165 2073 2⁰.
1195 2031 1372 2072 Humor
1400 2027 1576 2091 pinguis
1613 2033 1658 2073 &
1690 2026 1895 2075 sebaceus
1915 2031 1994 2093 qui

161 2106 325 2154 paucus
343 2090 497 2155 prodit
517 2091 540 2136 ὲ
561 2091 771 2154 glandula
796 2092 844 2137 in
864 2095 1032 2152 majore
1052 2092 1170 2137 oculi
1196 2092 1359 2138 cantho
1396 2091 1531 2138 obvia
1554 2098 1599 2138 &
1618 2091 1727 2138 falso
1766 2093 1993 2155 lacrymali

164 2153 281 2199 didita
300 2173 310 2207 3
348 2165 408 2216 3⁰.
439 2160 616 2202 Humor
636 2155 1159 2221 limphaticopituitosus
1179 2189 1191 2207 ‚
1211 2157 1288 2219 qui
1308 2175 1361 2202 ex
1385 2157 1567 2203 externa
1590 2157 1681 2202 tota
1703 2160 1993 2218 conjunctivae

161 2223 212 2265 δε
232 2237 403 2266 corneae
422 2219 536 2266 facie
556 2222 762 2285 guttatim
787 2227 833 2267 δε
853 2220 1162 2286 insconspicue
1184 2221 1445 2285 exprimitur
1463 2255 1475 2273 ,
1494 2239 1541 2268 ut
1560 2223 1679 2267 oculi
1701 2222 1858 2270 bulbus
1877 2224 1994 2287 jugi-

159 2298 228 2330 ter
244 2284 464 2331 lubrefiat.
482 2294 548 2343 40.
583 2286 853 2348 Lacrymalis
872 2286 1034 2332 humor
1052 2320 1064 2338 ‚
1081 2287 1157 2349 qui
1177 2285 1199 2330 a
1213 2286 1423 2349 glandula
1451 2287 1677 2348 lacrymali
1698 2287 1742 2332 in
1764 2286 1994 2352 superiore

161 2349 320 2395 orbitae
349 2366 472 2413 parte
499 2349 575 2395 sita
602 2351 863 2414 plerumque
899 2351 1032 2402 raris,
1059 2350 1300 2413 aliquando
1338 2350 1505 2396 crebris
1531 2351 1665 2414 guttis
1694 2352 1896 2415 depluit:
1927 2356 1993 2416 5⁰..

161 2413 361 2459 Demum
378 2413 589 2461 humores
615 2415 681 2460 illi
702 2414 950 2478 limphatici
982 2416 1136 2459 naturzi
1170 2416 1368 2477 proxime
1401 2433 1672 2479 congeneres
1690 2450 1702 2468 ,
1728 2417 1886 2479 quibus
1921 2434 1993 2465 vl-
2018 2451 2022 2455 -

164 2491 282 2522 treus
298 2510 311 2529 ,
331 2479 603 2538 crystallinus
626 2484 672 2524 &
693 2497 857 2542 aqueus
874 2478 1084 2525 humores
1103 2478 1336 2526 debentur.

226 2547 382 2604 Itaque
410 2548 442 2586 Ι.
473 2543 518 2588 Si
544 2543 734 2589 lemosus
757 2544 1065 2608 palpebrarum
1087 2545 1248 2590 humor
1266 2561 1439 2590 veneno
1464 2561 1660 2591 venereo
1680 2545 1879 2592 acidiore
1900 2545 1991 2591 ins-

163 2605 346 2670 pissetur
360 2640 373 2659 ‚
400 2606 447 2651 in
468 2606 552 2652 suis
573 2608 740 2654 lacunis
759 2610 1029 2671 stagnaturus
1048 2611 1106 2653 est
1124 2644 1135 2659 ‚
1154 2627 1260 2671 quas
1284 2610 1329 2654 in
1352 2610 1463 2655 dura
1481 2642 1491 2660 ,
1516 2610 1753 2655 renitentia
1769 2644 1780 2661 ‚
1798 2612 1990 2657 rotunda

164 2671 238 2716 vel
267 2687 399 2716 ovata
427 2671 656 2718 tubercula
675 2707 687 2725 ‚
717 2673 1024 2738 palpebrarum
1051 2674 1242 2736 margini
1269 2674 1400 2719 adsita
1422 2674 1680 2720 dilataturus
1708 2676 1793 2726 est,
1817 2680 1860 2721 δι’
1882 2675 1987 2722 hinc

164 2735 362 2780 chalazia
381 2770 393 2787 ‚
420 2737 658 2798 grandines
674 2771 687 2790 ,
705 2738 926 2783 liordeola
947 2738 1270 2803 palpebrarum.
1299 2739 1345 2784 Si
1370 2739 1474 2784 vero
1495 2739 1667 2786 acriore
1690 2757 1864 2785 veneno
1887 2758 1988 2787 cor-

164 2798 355 2845 rosivam
379 2799 636 2848 facultatem
666 2802 930 2866 adipiscatur
952 2837 964 2855 ‚
994 2803 1207 2848 emilia-ria
1236 2803 1442 2849 rodendo
1471 2803 1691 2849 ulcuscula
1711 2804 1783 2849 seu
1805 2806 1990 2865 pustulas

163 2863 385 2910 ulcerosas
415 2882 501 2910 orae
535 2866 845 2929 palpebrarum
875 2868 1073 2912 illaturus
1092 2870 1177 2917 est,
1202 2874 1247 2912 δέ
1276 2868 1382 2913 hinc
1410 2868 1719 2931 palpebrarum
1737 2868 1989 2916 inflamma—

160 2927 233 2977 tio
250 2962 261 2979 ,
283 2928 503 2991 lippitudo
521 2962 533 2980 ,
553 2929 739 2976 densitas
754 2965 766 2982 ,
787 2930 992 2992 asperitas
1009 2964 1020 2982 ,
1041 2931 1252 2975 callositas
1268 2966 1280 2982 ,
1299 2932 1528 2976 trachoma
1542 2964 1554 2982 ‚
1576 2932 1730 2992 sycosis
1751 2937 1838 2977 δίε,

223 2997 295 3037 ΙΙ.
333 2993 431 3037 Pari
458 2994 594 3039 modo
623 2994 654 3038 si
684 2993 887 3040 sebaceus
912 2995 1074 3039 humor
1099 2994 1315 3057 glandula:
1332 3029 1344 3047 ,
1367 3012 1458 3058 qua:
1484 2995 1532 3039 in
1557 2998 1714 3057 majori
1742 2997 1859 3043 oculi
1884 3015 1989 3043 can-

166 3055 250 3103 tho
277 3056 414 3102 obvia
441 3059 525 3109 est,
556 3057 742 3104 seminio
767 3076 963 3104 venereo
981 3058 1204 3104 inficiatur
1226 3093 1238 3111 ,
1265 3059 1367 3105 hinc
1394 3059 1579 3122 quidem
1606 3079 1690 3126 prae
1722 3060 1990 3125 spiflitudine

168 3121 413 3184 stagnando
434 3121 508 3167 sua
527 3125 840 3187 conceptacula
859 3124 1116 3169 dilataturus
1136 3126 1219 3176 est,
1234 3125 1351 3170 unde
1371 3125 1587 3188 glandula:
1605 3126 1777 3172 inflatio
1798 3134 1843 3173 &
1865 3129 1991 3193 phion

160 3186 278 3254 gosis
300 3205 309 3232 ι
344 3187 464 3233 Hinc
491 3188 600 3236 vero
626 3208 712 3254 pra:
743 3188 988 3238 acrimonia
1008 3189 1216 3240 rodendo
1237 3190 1356 3239 vana
1382 3190 1601 3243 rlcuscula
1624 3192 1795 3243 ibidem
1826 3211 1997 3257 exeita<

1723 3261 1804 3305 ΚΕ

2043 225 2215 277 dolatum

2044 278 2211 316 strumosi
2235 303 2252 324 ,

2043 330 2225 369 skirrhosi
2252 356 2268 375 ,

2044 393 2262 434 gummato·

2046 435 2067 470 fi
2086 461 2098 478 ‚
2115 435 2280 472 carcino-

2046 486 2211 524 matodes
2228 520 2253 529 κ

2045 541 2113 575 &c.

2045 674 2098 714 Π.
2128 673 2279 713 Μεῐῑεε-

2045 726 2135 762 ἠώς
2152 753 2161 771 ,
2177 726 2282 764 athe·

2046 791 2189 816 minata
2219 806 2231 823 ‚

2045 832 2280 885 steatomati,

2043 1268 2118 1305 ΠΙ.
2141 1268 2243 1305 Νοάῐ
2260 1292 2274 1313 s

2043 1319 2165 1369 tophi,
2177 1333 2273 1373 gau-

2045 1372 2133 1423 gua,

2077 2582 2096 2616 1
2137 2584 2269 2634 Palpe..

2037 2631 2184 2670 letarum
2208 2637 2270 2672 in-

2038 2685 2269 2732 flammatio,

2038 2738 2217 2786 lippitudo
2235 2766 2249 2784 ‚

2037 2789 2232 2829 trachoma
2253 2818 2267 2838 ,

2036 2840 2183 2891 sycosu.

2037 3021 2091 3058 11.
2123 3023 2264 3063 Encau-

2036 3072 2112 3110 this
2143 3104 2153 3118 ‚
2194 3091 2267 3113 ητι-

2035 3126 2116 3178 guis
2150 3128 2222 3167 five

2037 3182 2262 3234 pterygium.
