2477 3643
649 117 922 168 Ltnnn
988 122 1119 169 111.
1183 120 1471 170 CAPUT
1537 125 1594 169 X.

193 208 252 247 ex
285 191 585 244 similitudine.
614 195 760 248 Modo
787 194 939 242 molles
957 229 968 246 ,
1001 194 1190 259 pulposae
1209 230 1222 247 ,
1250 196 1377 242 laeves
1403 195 1501 241 sunt
1529 214 1540 249 3
1567 196 1703 242 modo
1731 197 1839 244 verb
1865 197 1985 245 dutae
2003 231 2016 251 ‚

197 258 352 326 asperat
372 295 384 314 ‚
414 258 692 305 skirrhodes.
738 262 799 304 Ex
827 260 868 305 se
887 259 1250 305 inflammationis
1276 259 1460 323 quidem
1487 276 1686 323 expertes
1717 261 1813 307 sunt
1843 295 1854 313 ,
1890 263 2017 308 indo-

197 329 337 377 lentes
357 359 368 377 ,
391 324 481 369 cuti
512 323 773 369 concolores
793 341 803 375 ·,
831 322 904 369 sed
927 323 955 368 si
985 325 1096 369 vitio
1130 324 1350 387 sanguinis
1365 358 1376 375 ,
1400 324 1677 371 distrastione
1695 359 1705 376 ‚
1728 326 1986 372 contusione
2005 360 2035 379 ‚A

196 388 276 437 usu
298 389 478 435 acrioris
507 388 645 451 topici
665 387 998 434 inflammentur
1019 423 1028 440 ‚
1051 388 1119 435 vel
1140 389 1187 434 in
1207 387 1445 435 abscessum
1480 388 1645 435 abeunt
1674 389 1702 434 fi
1730 390 1882 436 molles
1902 390 2016 443 (mv,

197 455 319 502 unde
347 471 438 499 non
460 453 557 497 raro
589 453 661 497 ani
691 452 862 506 fistulae3
891 454 959 499 vel
987 453 1015 498 fi
1035 452 1154 498 duraz
1183 453 1348 499 fuerint
1366 487 1378 506 ,
1405 454 1516 500 citra
1548 453 1910 518 suppurationem
1945 473 2018 501 ca-

198 520 292 566 lent
311 553 323 570 ‚
357 517 511 563 dolent
535 551 545 568 ,
565 516 790 562 lancinant
807 550 818 569 ‚
850 536 939 563 uno
962 517 1108 563 verbo
1129 518 1513 564 carcinomatodes
1532 517 1658 564 fiunt.

257 587 357 628 111.
395 587 445 626 In
466 580 608 625 fundo
627 581 848 627 sulcorum
867 615 878 633 ‚
910 581 985 645 qui
1022 581 1227 627 radiatim
1257 600 1390 628 anum
1426 583 1659 635 ambiunt,
1689 584 1841 629 fiss'urae
1878 583 2013 640 fiunt,

197 646 360 692 Graecis
384 646 602 708 legades
629 647 697 693 vel
719 647 939 709 Rhagszdm
964 645 1086 691 dista·
1107 680 1119 698 ,
1151 664 1244 709 quae
1280 646 1308 691 fi
1330 646 1629 711 superficiaria:
1667 667 1713 694 ac
1743 649 1876 694 labris
1901 651 2035 695 11101-’

195 710 309 756 libus
327 726 459 772 atque
483 710 770 772 complanatis
791 711 916 773 septa:
936 709 1016 754 fint
1036 744 1048 761 ,
1069 711 1223 774 parum
1243 711 1424 758 doleant
1440 746 1452 764 ‚
1475 730 1582 776 pure
1603 711 1729 776 spisso
1747 747 1757 765 ‚
1777 712 1880 758 albo
1896 747 1908 766 ,
1927 732 2021 760 ma-

195 790 297 820 turo
330 790 512 819 manent
529 807 540 825 ,
562 774 671 820 boni
697 777 833 821 moris
853 793 864 826 ·,
885 773 914 817 si
942 775 1049 820 vero
1073 774 1305 838 profuudae
1320 810 1331 827 ‚
1358 776 1677 840 phagaedenicae
1695 811 1705 829 ,
1723 778 1860 836 Labris
1885 779 2022 825 callo-

196 839 246 902 sis
264 874 275 891 ‚
299 838 443 888 duris,
471 839 713 885 extrorsum
751 839 971 904 replicatis
1000 839 1231 885 obvallatae
1269 839 1379 891 (int,
1407 841 1658 888 identidem
1689 842 1913 890 laucinent
1932 877 1946 896 ‚
1977 849 2023 890 δε

196 903 300 950 loco
319 903 439 969 puris
461 902 616 950 ichore
637 904 839 952 diffluant
857 937 877 975 ³,
892 903 998 949 mali
1020 904 1155 949 moris
1177 904 1262 950 effe
1282 900 1626 952 consueverunt.

256 1165 289 1206 ἶ.
320 1160 464 1206 Prima
484 1160 710 1206 cristarum
728 1157 982 1205 rudimenta
1003 1158 1049 1204 in
1072 1176 1157 1205 ano
1182 1177 1392 1224 apparent
1410 1195 1422 1214 ,
1450 1164 1623 1225 quoties
1650 1164 1766 1210 ultra
1794 1179 1949 1211 tonum
1979 1163 2024 1210 vi

193 1224 343 1289 saepius
370 1243 474 1272 anus
500 1225 749 1271 distrahitur
771 1223 841 1269 vel
875 1223 1024 1270 aversa
1056 1242 1217 1270 venete
1238 1259 1249 1278 ,
1288 1227 1359 1272 vel
1385 1228 1581 1274 violenta
1603 1224 1837 1275 duriorum
1865 1228 2024 1275 faecum

192 1291 448 1352 egestione3
470 1289 576 1335 dum
600 1290 719 1335 enim
737 1288 916 1334 diducsta
942 1288 1052 1333 cutis
1074 1287 1153 1333 fibi
1174 1290 1322 1335 denuo
1344 1293 1616 1355 permittitur
1635 1327 1648 1345 ,
1679 1295 1821 1339 laxata
1855 1293 1901 1338 in
1934 1294 2024 1340 sese

196 1354 396 1399 concidit
430 1359 475 1399 δέ
509 1354 558 1399 in
595 1354 728 1418 plicas
759 1353 971 1417 pendulas
1010 1370 1288 1417 corrugatur.
1335 1357 1547 1403 Leviores
1581 1358 1665 1403 illae
1697 1358 1818 1422 plicae
1850 1357 1938 1403 sese
1977 1358 2025 1403 in

196 1418 291 1464 dies
318 1418 526 1482 paulatim
556 1417 822 1482 promittunt
855 1418 901 1464 in
936 1417 1077 1463 cristas
1103 1452 1115 1470 ,
1150 1419 1365 1482 quoniam
1400 1423 1623 1483 stagnante
1650 1421 1820 1486 limpha
1848 1421 2027 1468 uberius

193 1483 465 1529 nutriuntur.
496 1487 676 1547 Stagnat
704 1498 850 1529 autem
886 1482 935 1527 in
966 1482 1124 1529 iisdem
1151 1483 1321 1548 limpha
1356 1487 1482 1531 causa
1515 1486 1719 1549 gemina,
1755 1495 1814 1531 10.
1844 1488 2028 1546 Viscidi-

192 1562 274 1594 tate
299 1565 432 1611 quam
454 1547 586 1594 habet
609 1547 684 1594 seu
716 1547 770 1592 ab
805 1546 990 1592 admisto
1023 1548 1235 1611 contagio
1266 1566 1462 1596 venereo
1481 1584 1493 1602 ‚
1523 1550 1596 1596 seu
1630 1551 1682 1596 ab
1708 1551 1790 1598 alifi
1809 1568 2028 1614 quacum-

193 1630 283 1676 que
301 1611 430 1657 causfi
447 1645 458 1663 ‚
481 1612 599 1658 unde
620 1612 667 1657 fit
687 1628 734 1656 ut
755 1612 908 1674 aegrius
938 1613 1249 1675 progrediatur
1265 1646 1278 1666 ,
1306 1622 1367 1658 2⁰.
1400 1615 1556 1661 Nimia?
1574 1615 1709 1679 partis
1733 1615 1861 1680 ipsius
1892 1620 2030 1662 molli-

196 1684 247 1725 tie
269 1716 283 1730 ‚
313 1676 432 1723 unde
453 1675 502 1722 fit
524 1692 571 1722 ut
594 1674 783 1723 debilius
801 1675 1090 1740 propellatur.

259 1742 381 1787 Hinc
402 1757 510 1803 ergo
531 1741 672 1804 liquet
692 1740 835 1787 cristas
855 1740 1074 1803 legitimas
1095 1741 1212 1788 luem
1235 1759 1471 1790 veneream
1492 1748 1538 1790 ὃς
1561 1743 1827 1791 muliebrem
1847 1743 2023 1809 patien-

195 1807 303 1855 tiam
321 1805 580 1868 frequenter
609 1805 792 1868 quidem
813 1838 825 1857 ,
849 1804 925 1851 sed
951 1822 1043 1850 non
1064 1805 1231 1870 semper
1255 1825 1456 1869 arguere.

258 1875 327 1917 11.
362 1873 561 1916 Prostant
583 1872 638 1916 ad
658 1870 731 1916 ani
749 1869 966 1915 ambitum
986 1870 1180 1916 veficulae
1195 1905 1207 1923 ,
1226 1872 1294 1917 vel
1314 1872 1342 1916 fi
1366 1872 1504 1918 mavis
1522 1905 1534 1923 ,
1554 1871 1717 1917 lacunae
1735 1872 1881 1919 multae
1899 1907 1911 1925 ‚
1929 1891 2023 1937 quae

195 1935 350 1982 natura
378 1951 536 1981 vacant
554 1935 827 1982 secernendo
846 1933 1026 1980 humori
1049 1935 1236 1999 pingui,
1259 1935 1430 1982 viscido
1451 1971 1463 1989 ,
1486 1935 1670 1982 sebaceo
1686 1970 1698 1989 ,
1725 1937 1780 1982 ad
1815 1937 2023 2001 podicem

196 2000 512 2049 lubricandum
546 2000 569 2045 a
601 2000 757 2045 natura
789 2015 1060 2063 comparato.
1092 1999 1161 2044 Ab
1192 1998 1311 2046 hisce
1341 2001 1537 2047 veficulis
1559 2034 1570 2051 ,
1596 2000 1626 2044 fi
1650 2002 1770 2047 mole
1797 2016 2023 2056 tumeant,

199 2066 309 2112 oriri
329 2064 471 2111 solent
489 2064 536 2110 in
554 2064 606 2110 ea
628 2064 737 2110 cutis
768 2079 891 2128 parte
916 2082 1050 2127 quam
1078 2082 1296 2128 occupant
1314 2099 1326 2117 ,
1349 2065 1657 2112 excrescentiae
1677 2066 1807 2112 variae
1825 2100 1838 2119 ,
1861 2067 2024 2128 globo-

197 2130 250 2176 sae
270 2164 282 2182 ‚
305 2130 500 2193 capitatae
516 2163 528 2181 ‚
562 2128 758 2192 granosae
778 2161 789 2180 ‚
810 2145 904 2191 quae
934 2145 1019 2174 ano
1050 2129 1347 2175 adnascuntur
1368 2148 1379 2181 3
1400 2130 1594 2175 minores
1626 2130 1810 2189 quidem
1835 2133 2028 2197 &fragis

197 2195 274 2242 seu
296 2199 411 2239 moris
433 2211 555 2257 pares
574 2228 586 2246 ,
611 2195 641 2238 fi
664 2192 858 2240 veficulae
880 2199 924 2237 δε
947 2193 1176 2257 panciores
1198 2198 1244 2238 ἃ
1266 2193 1409 2239 minsis
1432 2210 1720 2247 extumeant3
1742 2199 1929 2255 majores
1951 2216 2029 2245 ve-

197 2262 253 2308 ro
270 2293 282 2312 ‚
314 2264 357 2304 &
372 2260 464 2319 ficis
485 2258 560 2305 seu
577 2261 757 2318 mariscis
783 2257 940 2303 similes
959 2291 971 2309 ‚
996 2257 1026 2301 si
1055 2257 1251 2304 veficulae
1275 2258 1420 2321 plures
1443 2275 1514 2304 aut
1537 2259 1676 2321 magis
1694 2259 1962 2306 excrescant.

263 2324 350 2369 111ae
383 2323 490 2370 vero
524 2322 717 2369 veficulae
745 2322 852 2368 ideb
883 2337 1057 2367 tument
1080 2327 1125 2367 δέ
1147 2321 1438 2383 excrescunt)
1470 2323 1574 2385 quia
1603 2323 1764 2370 humor
1796 2342 1930 2387 quem
1957 2345 2028 2374 re-

197 2388 398 2436 condunt
418 2421 430 2439 ,
452 2387 650 2449 contagii
675 2386 857 2432 venerei
877 2386 1033 2448 illapsu
1064 2386 1125 2431 ita
1158 2385 1402 2450 inspissatur
1424 2421 1435 2438 ‚
1461 2403 1509 2431 ut
1535 2387 1652 2432 intra
1684 2387 1757 2433 sua
1787 2406 2027 2454 concepta-

201 2453 298 2499 cula
320 2451 480 2497 liaetete
496 2485 507 2503 ‚
528 2451 684 2496 eadem
714 2449 867 2495 seusun
894 2449 1108 2502 dilatare,
1134 2455 1178 2495 &
1207 2451 1382 2514 limphae
1399 2450 1665 2496 circumfluae
1692 2453 1928 2514 regressum
1953 2473 2026 2501 re·-

196 2516 375 2565 tardare
410 2516 479 2562 vel
514 2514 784 2578 supprimere
812 2513 1031 2560 neceffum
1062 2514 1245 2567 habeat,
1276 2515 1397 2561 unde
1426 2515 1709 2561 veficularum
1733 2517 1990 2565 tiunefaCtio
2010 2553 2024 2572 ‚

198 2579 395 2629 accretio
416 2614 427 2631 ‚
454 2597 502 2624 ac
525 2577 702 2631 demum
727 2579 850 2642 supra
872 2578 1009 2624 cutim
1033 2578 1269 2625 finitimam
1289 2579 1582 2626 extuberatio.

1930 126 2012 183 28⁷5
2032 158 2039 164 .

2069 210 2247 254 ficorum,
2265 214 2301 250 86

2066 260 2277 302 »nuiscaxt‘h

2080 620 2082 622 ,
2094 591 2169 627 111.
2191 591 2296 627 Rha-

2067 641 2201 691 gadum
2224 644 2297 679 five

2069 692 2276 746 xliagadioff

2070 757 2165 782 tum.

2120 1179 2150 1216 1.
2175 1177 2306 1217 Cristae*

2067 1230 2125 1267 ani
2153 1232 2171 1269 a
2203 1231 2302 1282 plicis

2070 1283 2305 1371 {xerescenth

2098 1347 2150 1372 us.

2068 1933 2142 1979 mi,
2167 1896 2301 1980 mog,

2067 1983 2175 2035 fraga
2200 2014 2212 2030 ‚
2248 1987 2300 2026 fi..

2067 2036 2099 2071 ci
2113 2063 2125 2080 ‚
2142 2040 2301 2078 mariscae

2067 2086 2114 2124 ab>
2132 2090 2188 2125 ani
2209 2093 2304 2128 lacu-

2069 2140 2120 2176 nis
2160 2155 2274 2180 extu-

2071 2195 2264 2237 mentibus,

263 2645 407 2691 Potest
434 2660 581 2689 autem
612 2644 775 2689 humor
805 2643 879 2689 ille
905 2644 1116 2706 contagio
1143 2662 1337 2690 venereo
1375 2644 1527 2696 infici,
1555 2642 1627 2690 vel
1659 2644 1681 2688 εὶ
1705 2646 1900 2707 fhngtcine
1927 2644 2023 2708 ipso
2072 2658 2076 2659 ’

199 2709 375 2773 pridem
399 2708 564 2754 infecto
581 2742 594 2760 ,
618 2712 738 2768 cujus
759 2706 867 2753 vitia
889 2708 1122 2772 participat
1145 2708 1305 2754 humor
1327 2707 1531 2755 sebaceus
1551 2743 1562 2760 ,
1587 2709 1665 2771 qui
1688 2708 1792 2754 inde
1819 2708 1986 2756 secedit
2010 2729 2022 2762 ·,

203 2772 277 2818 vel
303 2773 326 2818 a
345 2776 547 2818 virulento
562 2774 709 2831 fi’mine
731 2811 743 2825 ‚
771 2790 860 2836 quo
884 2771 938 2816 ab
961 2791 1042 2818 ano
1065 2773 1255 2818 stillatim
1275 2788 1483 2819 manante
1512 2773 1684 2836 podicis
1704 2772 1896 2819 confinia
1931 2792 2024 2820 non

199 2837 304 2886 rato
329 2838 509 2882 madent
538 2838 584 2882 in
611 2837 662 2882 iis
687 2837 763 2899 qui
792 2837 981 2881 aliorum
1009 2836 1189 2881 libidini
1218 2837 1541 2900 flagitiosissime
1573 2837 1786 2884 serviunt.

245 2901 380 2958 >Hinc
401 2901 539 2962 liquet
558 2919 683 2945 mora
698 2934 709 2951 ,
738 2900 858 2960 fraga
878 2934 890 2951 ,
918 2899 1024 2944 ficos
1043 2933 1055 2950 ,
1079 2900 1278 2946 mariscas
1307 2901 1425 2947 luem
1445 2902 1627 2964 quidem
1652 2919 1888 2948 veneream
1908 2902 2034 2950 sem--

201 2985 282 3033 per
302 3000 313 3017 ‚
343 2981 384 3010 at
402 2982 494 3010 non
514 2964 683 3028 semper
704 2963 965 3026 flagitiosam
987 2980 1196 3009 venerem
1220 2965 1424 3011 attestari.

267 3035 364 3076 111.
398 3028 632 3091 Rhagades
665 3027 774 3072 fiunt
805 3027 877 3073 vel
913 3027 1192 3075 distractione
1228 3029 1314 3092 qua
1336 3029 1646 3075 discinduntur
1670 3063 1682 3082 ,
1714 3029 1786 3076 vel
1818 3031 2018 3079 erofione

201 3095 288 3159 qua
310 3094 561 3140 ulcerantur
580 3109 789 3154 rugarum
809 3092 1039 3138 interstitia
1058 3093 1103 3138 in
1123 3111 1208 3139 ano
1230 3112 1239 3138 ι
1268 3092 1535 3151 Βίβναὲἳὶοηε
1556 3094 1739 3157 quidem
1762 3096 1833 3142 vel
1868 3096 1892 3141 a
1923 3097 2017 3142 vio-

199 3160 323 3215 lenta
355 3158 590 3206 duriorum
620 3156 777 3205 faecum
808 3157 1029 3223 egestione
1048 3190 1062 3213 2
1089 3158 1160 3207 vel
1183 3158 1206 3204 a
1232 3158 1450 3224 flagitiosa
1477 3159 1745 3206 cinaedorum
1773 3160 1985 3222 patientia
2007 3182 2018 3209 ε

1646 3225 1807 3290 Nniij
1874 3267 1875 3270 ,

2089 3029 2162 3068 111.
2181 3030 2291 3070 Rha—

2062 3083 2174 3133 gades
2224 3085 2293 3122 de-

2061 3134 2159 3172 mum
2175 3136 2221 3173 ab
2237 3137 2292 3172 in—

2061 3189 2217 3229 terstitiis
2230 3200 2292 3227 me
