2477 3643
181 223 397 264 confirmen-

181 291 240 316 tur
254 304 264 320 ,
277 289 353 327 quae
369 274 410 311 de

178 329 314 369 sedibus
336 339 411 380 go·-

179 381 362 420 norrhoeae

179 434 277 471 dicta
296 431 387 472 stitit.

176 1342 238 1391 (a)
265 1340 413 1378 Me'moi-

179 1409 233 1431 res
258 1396 298 1429 αἰ·
327 1394 411 1428 CA·-

179 1443 331 1481 cade'mie
355 1448 413 1483 dis

180 1500 331 1536 Sciences
347 1526 360 1544 ,

181 1561 260 1589 anu.
286 1562 300 1587 ι
313 1567 331 1599 7
348 1566 364 1589 1
381 1564 410 1591 1.

189 2318 243 2365 (b)
267 2322 310 2354 In
325 2315 421 2365 Epis-

184 2371 256 2406 told
284 2370 326 2405 de
349 2369 418 2406 luis

182 2434 329 2458 venerea
353 2419 418 2468 his-

183 2475 272 2510 toria*
291 2473 336 2515 (ἐν
351 2486 416 2510 cu-

181 2528 330 2561 ratione.

208 2620 312 2666 Quid
324 2619 343 2657 a
358 2633 417 2659 va-

183 2672 243 2707 riis
258 2672 290 2708 in
308 2672 382 2709 hoc

184 2734 347 2761 erratum
361 2725 417 2766 sit.

228 2893 278 2940 (c)
304 2894 419 2931 L'Art

186 2943 355 2990 degue‘rir
368 2947 417 2982 les

187 2997 369 3033 Maladies

186 3044 380 3084 re'ne‘nen-

188 3111 260 3134 nes.
295 3100 389 3136 Patr.

193 3164 228 3185 2.
240 3149 369 3204 chapp.
385 3160 418 3195 6,

189 3204 225 3240 &
246 3216 314 3247 ιο.

466 146 555 193 ¹54
788 131 894 177 DE
961 130 1918 179 MORBISVENEREIS.

459 211 626 261 borant
651 245 666 267 ‚
699 214 941 281 perinaeum
971 230 1143 262 tumere
1162 248 1174 266 ,
1208 214 1351 260 calere
1377 246 1390 265 ‚
1421 213 1577 262 dolere
1598 248 1610 268 ‚
1630 214 1755 281 quod
1775 213 2064 279 prostatarum
2082 247 2099 271 ,
2122 215 2298 266 vesica-2
2336 232 2340 233 ⁷

458 277 602 325 larum
638 278 972 327 seminariarum
1010 295 1084 326 aut
1117 278 1424 343 glandularum
1449 281 1855 343 Cowperianarum
1887 278 2292 330 inflamma-tionem

459 344 618 408 arguit.
646 346 829 392 Constat
849 345 897 391 in
915 344 1073 391 iisdem
1102 344 1268 390 malum
1290 360 1382 388 non
1405 344 1505 389 raro
1535 344 1583 390 in
1603 346 1727 392 testes
1754 342 1943 390 devolvi
1962 376 1974 396 ,
1996 346 2074 408 qui
2091 347 2199 394 inde
2220 363 2293 393 tu·

457 424 583 455 ment
600 443 611 461 ‚
633 410 780 456 calent
794 445 806 463 ,
829 410 1001 455 intense
1025 408 1183 454 dolent
1197 441 1209 460 ‚
1231 408 1353 472 quod
1376 407 1534 472 probat
1550 409 1717 455 malum
1736 407 1855 473 prius
1871 407 1998 455 fuisse
2023 410 2069 455 in
2095 411 2295 459 vesiculis

459 473 730 528 seminariis,
749 473 1012 538 quibuscum
1046 476 1213 519 arctum
1245 472 1421 518 testibus
1446 473 1688 520 intercedit
1725 475 2047 520 commercium
2077 492 2157 539 per
2189 476 2294 524 vasa.

460 538 713 585 deferentia
734 539 807 586 seu
825 539 1123 600 ejaculatoria.
1155 539 1339 584 Constat
1358 537 1557 584 similiter
1575 539 1622 584 in
1639 537 1834 585 foeminis
1853 539 2128 601 gonorrhoea
2146 558 2290 605 aegro-

460 603 656 650 rantibus
685 620 881 650 extrema
914 605 1174 649 lacunarum
1192 603 1341 649 oscula
1368 603 1558 649 uretlirae
1587 604 1694 650 hinc
1717 609 1762 649 δέ
1798 603 1906 650 inde
1941 604 2296 669 appofiramani-

457 669 564 715 festa
593 669 791 733 phlogofi
815 674 860 715 &
881 667 1236 715 inflammatione
1260 667 1499 732 aliquando
1515 702 1527 721 ,
1546 667 1640 714 imo
1658 686 1750 714 non
1771 669 1872 714 raro
1890 668 2040 716 ulcere
2073 668 2218 724 affici,
2241 689 2293 718 ac

457 733 504 780 in
529 734 705 779 vulvam
731 733 986 780 seminalem
1005 733 1242 780 humorem
1262 733 1469 798 semi-put
1478 751 1568 780 rem
1589 732 1829 779 infundere
1843 767 1855 786 ,
1872 734 1992 780 unde
2010 734 2149 798 liquet
2169 734 2294 800 pros-

457 814 566 844 tatas
592 799 648 845 ad
683 816 788 858 quas
816 799 977 845 lacunae
999 799 1225 863 pertinent
1245 833 1257 850 ,
1277 815 1381 844 tunc
1412 797 1575 844 morbo
1608 798 1784 845 tentari.
1812 799 2000 844 Constat
2030 818 2213 864 quoque
2240 801 2290 848 in

456 861 617 909 iisdem
653 864 862 926 vaginam
886 864 1119 927 aliquoties
1151 864 1324 916 calere,
1357 863 1541 916 dolere,
1572 868 1618 909 δε
1653 863 2072 928 praeternaturaliter
2108 866 2294 914 madere

455 927 646 975 humore
669 927 868 975 seminali
904 929 1171 992 purulento,
1194 928 1314 975 unde
1335 928 1478 992 palam
1499 929 1558 975 est
1588 928 1738 974 morbi
1775 925 1928 974 sedem
1962 940 2067 975 tnnc
2094 929 2158 974 ibi
2187 931 2292 978 effe.

454 994 639 1040 Constat
659 993 842 1040 demum
860 993 1174 1041 observatione
1189 994 1237 1039 in
1256 992 1546 1039 cadaveribus
1562 1010 1719 1039 eorum
1739 991 1874 1039 obvia
1891 1026 1902 1044 ,
1917 993 1995 1055 qui
2013 995 2290 1057 gonorrhoez‘i

454 1058 728 1121 aegrotabant
760 1058 869 1105 dum
898 1060 1066 1105 mortui
1101 1060 1198 1105 sunt
1229 1093 1241 1111 ‚
1273 1057 1588 1123 conceptacula
1620 1057 1799 1104 seminis
1825 1057 1966 1103 modo
1992 1058 2136 1105 deseri
2172 1075 2216 1106 ta
2244 1062 2294 1106 in

455 1139 644 1186 utroque
674 1122 812 1176 sexu,
845 1124 958 1170 male
986 1123 1156 1190 semper
1180 1122 1223 1170 se
1253 1124 1419 1170 habere
1451 1141 1505 1170 ex
1545 1139 1748 1175 tumore,
1779 1123 2019 1169 renitentia
2049 1158 2062 1176 ,
2096 1078 2293 1177 rubore,

455 1186 658 1251 phlogosi
676 1223 688 1241 ,
718 1189 1075 1237 inflammatione
1096 1224 1109 1243 ‚
1140 1189 1472 1236 exulceratione
1499 1222 1511 1240 ‚
1544 1187 1859 1254 suppuratione
1890 1188 1962 1234 vel
1994 1190 2292 1253 apostemate,

459 1257 548 1299 &c-
1034 1271 1038 1273 “

517 1317 603 1363 Sed
629 1335 684 1364 ne
706 1318 802 1364 mezi
831 1317 918 1365 fide
935 1318 1060 1383 loqui
1078 1318 1234 1365 videar
1253 1352 1265 1370 ‚
1289 1317 1461 1364 consuli
1486 1318 1625 1364 velim
1651 1321 1735 1376 (a)
1762 1317 1969 1363 Alexium
1994 1317 2135 1365 Littre
2167 1323 2293 1365 Doc-

460 1398 606 1429 torem
638 1383 873 1428 Medicum
888 1418 899 1436 ‚
920 1384 997 1447 qui
1020 1384 1194 1429 testatur
1219 1381 1262 1429 fe
1282 1400 1559 1447 compertum
1586 1380 1780 1427 habuiffe
1800 1382 2185 1429 observationibus
2203 1385 2288 1430 ite-

462 1447 564 1494 ratis
582 1448 629 1492 in
648 1447 937 1495 cadaveribus
954 1466 1113 1496 eorum
1126 1448 1329 1495 institutis
1345 1482 1357 1500 ,
1377 1449 1453 1512 qui
1472 1449 1579 1494 dum
1598 1447 1693 1493 fato
1711 1445 1851 1493 funeri
1873 1446 1970 1493 sunt
1985 1481 1997 1500 ‚
2017 1449 2294 1511 gonorrhoezi

459 1516 554 1560 θεῖ-ιι
574 1512 850 1558 laborabant.

529 1586 589 1623 10.
618 1583 669 1623 In
704 1577 978 1640 gonorrhoea
1008 1576 1229 1623 virulenta
1258 1575 1436 1624 seminis
1458 1577 1775 1642 conceptacula
1802 1592 1920 1621 nunc
1951 1576 2102 1622 omnia
2122 1610 2135 1629 ‚
2171 1594 2291 1623 nunc

456 1644 667 1709 pauciora
685 1677 695 1694 ‚
716 1660 834 1688 nunc
853 1641 1087 1705 singularia
1110 1641 1226 1687 male
1247 1640 1378 1687 affici.

522 1718 585 1755 2⁰.
619 1711 923 1772 Quaecumque
941 1707 1094 1754 affecta
1116 1704 1214 1753 sunt
1230 1740 1243 1758 ,
1265 1706 1386 1754 tensa
1407 1742 1419 1760 ,
1440 1707 1552 1754 dura
1567 1741 1580 1761 ,
1607 1705 1780 1753 tumida
1797 1740 1810 1760 ,
1832 1705 1991 1759 rubra,
2012 1705 2289 1753 inflammata.

456 1773 754 1839 deprehendi.

523 1848 584 1902 30.
613 1837 760 1884 Modo
793 1836 977 1901 quidem
1005 1835 1196 1883 humore
1228 1837 1373 1902 putri,
1398 1836 1499 1882 albo
1516 1871 1529 1889 ,
1554 1836 1673 1882 flavo
1694 1872 1706 1890 ‚
1727 1836 1863 1882 viridi
1890 1836 2052 1884 referta
2078 1836 2163 1884 effe
2182 1870 2194 1888 ,
2213 1835 2290 1882 sed

457 1919 607 1952 tamen
640 1903 815 1966 integra
849 1907 894 1948 &
928 1899 1091 1965 absque
1123 1901 1215 1948 ullo
1245 1902 1570 1968 suppurationis
1602 1918 1677 1947 aut
1715 1902 2057 1949 exulcerationis
2090 1901 2297 1953 indicio·‚

458 1970 583 2032 quod
609 1986 771 2014 rarum.

515 2043 582 2093 40.
614 2032 758 2078 Modo
783 2030 892 2077 verb
915 2028 1171 2095 suppurata,
1194 2030 1477 2078 abscedentia
1495 2064 1506 2082 ,
1529 2030 1654 2077 erosa
1673 2065 1684 2082 ‚
1703 2030 1989 2078 multifariam
2009 2030 2296 2083 exulcerata,

458 2101 505 2144 δέ
524 2098 761 2164 purulento
783 2096 974 2141 humore
991 2095 1309 2142 diversicolore
1327 2097 1502 2159 turgida
1518 2130 1530 2147 ‚
1551 2095 1676 2159 quod
1693 2095 1903 2160 frequens
1921 2096 1993 2142 est.
2153 2144 2156 2145 ⁷

528 2174 587 2225 50.
615 2162 841 2208 Emiss'aria
857 2194 870 2212 ,
891 2160 1051 2223 quibus
1070 2161 1388 2225 conceptacula
1418 2159 1626 2207 morbosa
1653 2161 1701 2206 in
1720 2162 1949 2208 urerhram
1975 2159 2127 2212 hiant,
2153 2160 2288 2226 phlo-

457 2227 550 2290 gofi
570 2235 614 2276 ὃς
632 2225 985 2273 inflammatione
1006 2225 1176 2291 semper
1190 2260 1204 2280 ,
1223 2226 1316 2273 imo
1332 2243 1424 2272 non
1442 2225 1542 2273 raro
1563 2225 1710 2273 ulcere
1731 2227 1890 2273 tentari
1917 2226 1962 2271 in
1981 2241 2185 2273 extremo
2202 2225 2292 2272 fine

458 2295 536 2356 qui
551 2294 597 2340 in
617 2292 840 2340 uretliram
858 2290 964 2336 abit.

519 2367 583 2406 60.
621 2357 828 2420 Denique
853 2354 1016 2402 faciem
1043 2355 1267 2402 internam
1292 2355 1483 2402 urethrae
1518 2354 1573 2402 ab
1609 2353 1836 2402 emiffariis
1861 2354 1948 2401 illis
1979 2355 2035 2401 ad
2066 2352 2288 2401 summum

462 2423 597 2488 usque
615 2423 788 2487 glandis
814 2421 984 2485 apicem
1002 2420 1191 2468 humore
1212 2421 1373 2468 eodem
1391 2421 1558 2467 obduci
1578 2454 1590 2473 ‚
1621 2438 1712 2484 quo
1732 2419 1940 2466 morbosa
1972 2419 2290 2482 conceptacula

462 2504 642 2553 turgent
662 2523 674 2541 ,
696 2493 741 2534 &
763 2485 943 2532 rubram
962 2486 1047 2534 ess'e
1072 2503 1201 2550 atque
1231 2486 1530 2551 phlogodeam
1546 2519 1559 2539 ,
1584 2486 1678 2532 imo
1699 2486 1808 2534 verb
1828 2484 1974 2550 saepifim
1999 2484 2282 2551 plssyfflzaenoi·

461 2554 593 2601 deam
617 2560 661 2601 &
682 2550 943 2599 ulcerosam.

522 2623 681 2665 Errant
699 2617 888 2682 proinde
919 2624 980 2661 10.
1006 2614 1293 2678 Quicumque
1311 2615 1511 2662 ‘credunt
1533 2613 1620 2675 (b)
1646 2632 1746 2660 cum
1773 2613 1953 2660 Thoma
1979 2611 2285 2673 Sydenhamio

463 2688 726 2747 contagionem
757 2698 995 2728 veneream
1020 2680 1067 2724 in
1102 2680 1208 2725 viris
1226 2684 1431 2740 carnosam
1460 2678 1858 2742 virgaesnbstantiam
1886 2676 2059 2741 primiem
2088 2677 2248 2722 adoriri
2271 2715 2288 2731 ,

461 2766 582 2809 quam
616 2762 892 2811 corrumpens,
923 2746 1123 2807 eidemque
1144 2744 1273 2809 prime}
1305 2746 1654 2807 inflammationem
1674 2781 1689 2795 ‚
1715 2760 1810 2788 mox
1836 2744 2050 2802 ulcerosam
2071 2741 2285 2799 diathefim

447 2812 591 2872 sensim
617 2812 804 2858 inducens
832 2810 972 2871 efficiat
989 2848 1002 2862 ‚
1032 2824 1074 2854 ut
1087 2810 1220 2869 sanies
1236 2848 1250 2862 ,
1271 2812 1403 2871 qualis
1428 2813 1470 2854 in
1496 2805 1735 2872 gonorrhoed
1767 2811 1943 2852 cernitur
1961 2845 1975 2859 ‚
2005 2810 2045 2850 in
2074 2805 2285 2850 urethram

461 2875 562 2922 lem&
578 2879 730 2923 extillet
747 2897 761 2921 .·
778 2875 900 2939 quod
915 2873 1034 2921 nulla
1051 2875 1225 2921 ratione
1243 2891 1342 2920 cum
1358 2873 1423 2922 rei
1439 2873 1625 2920 veritate
1642 2872 1751 2918 stare
1769 2870 1890 2936 poffe
1902 2875 1991 2934 jam
2009 2869 2138 2934 lippis
2154 2885 2289 2932 arque

464 2940 716 2988 tonsoribus
734 2958 891 2986 notum
910 2942 983 2986 est.
1998 2948 2004 2952 '

531 3011 596 3052 2⁰.
629 3006 913 3064 Quicumque
933 3019 1087 3070 putant
1107 3022 1208 3050 cum
1233 3005 1314 3064 (c)
1333 3002 1530 3051 Nicolao
1557 3001 1613 3048 de
1640 3000 1806 3064 Blegny
1832 2996 2110 3064 gonorrhoeae
2138 2995 2287 3043 sedem

462 3070 510 3116 in
528 3070 784 3117 mulieribus
802 3061 977 3117 uterum
996 3069 1080 3117 effe
1099 3104 1111 3123 ,
1130 3070 1177 3115 in
1194 3086 1286 3134 quo
1305 3067 1540 3116 confundit
1563 3084 1716 3113 errore
1735 3066 1967 3112 manifesto
1990 3061 2185 3133 ‘fluorem
2216 3060 2283 3131 al-

462 3135 570 3181 bum
591 3134 678 3182 slve
696 3136 959 3182 muliebrem
981 3141 1026 3182 &
1056 3136 1325 3182 virulentam
1355 3132 1676 3196 gonorrhoeam
1691 3165 1704 3183 ‚
1729 3129 1905 3176 affectus
1924 3126 2108 3198 quidem
2138 3125 2281 3191 specie

463 3197 621 3247 similes
634 3234 649 3255 ,
669 3199 745 3248 sed
762 3215 910 3248 tamen
928 3217 975 3249 re
986 3198 1295 3250 diverfiffimos
1310 3230 1325 3253 ‚
1343 3198 1499 3246 natura
1513 3231 1528 3252 ,
1543 3196 1669 3244 causa
1682 3228 1696 3250 ‚
1717 3193 1820 3244 sede
1837 3200 1883 3242 δεῖ
1903 3189 2145 3257 τὴετειρειὲι.
