2477 3643
123 205 181 248 'Ut
193 205 360 245 1.Rheu-

125 258 254 296 marici
273 287 281 301 ,
299 270 359 296 at-

127 309 269 347 thrit‘ici
286 337 298 355 ,

129 361 340 399 rheumati-

128 414 348 455 co-arthxi-

128 465 209 506 rici.

135 1171 192 1210 11.
209 1225 217 1232 ⁹
230 1170 364 1212 Osteo-

135 1236 230 1278 copi.

163 1432 322 1466 Nonum.

134 1479 266 1518 Morbi
288 1479 355 1517 os-

133 1530 227 1569 snum
242 1559 253 1575 ‚
285 1532 329 1569 de

131 1583 266 1634 quibus
280 1585 368 1621 arti-

132 1636 210 1672 culo
241 1637 371 1686 5.Des-

132 1689 322 1737 criptionis.

134 1817 190 1858 Ut
205 1823 235 1859 Ι·
254 1825 367 1865 Exos-

131 1873 232 1916 tofi&

133 3111 191 3147 11.
213 3113 362 3166 Hyper-

133 3162 276 3205 ostofi&

399 116 497 182 >323
753 115 865 165 DE
929 114 1306 163 Moassis
1373 115 1860 166 VENERms.

453 191 625 240 Verum
663 198 698 241 I.
734 192 1004 240 Cavendum
1037 195 1096 240 est
1125 210 1182 240 ne
1212 191 1394 240 dolores
1425 195 1608 242 venerei
1635 193 1903 243 rheumatici
1930 228 1944 248 ‚
1986 196 2248 252 arthritici}

410 257 967 311 rheumatico-arthritici,
1000 257 1232 304 ischiadici
1266 262 1354 303 δίε.
1382 259 1714 307 confundantur
1733 295 1747 315 ,
1776 267 1837 306 10.
1866 261 1985 306 Cum
2008 262 2247 310 doloribus

411 322 660 370 levioribus
678 323 755 371 sed
774 321 983 370 anxiferis
999 355 1011 375 ,
1032 322 1109 385 qui
1134 322 1229 368 tota
1255 321 1366 368 tibia
1391 323 1470 370 sub
1501 324 1731 389 vesperam
1758 325 2015 373 oberrando
2044 327 2100 374 ad
2126 328 2244 375 irre-

410 388 607 452 quietam
633 388 796 454 pedum
824 387 1105 451 jaCkationem
1134 387 1207 433 vel
1235 386 1402 435 invitos
1428 388 1667 436 sollicitant
1687 425 1700 443 ,
1721 391 1888 437 Gallice
1911 391 2046 455 vulgo
2076 393 2140 437 des
2167 398 2247 439 In-

411 455 629 517 quie'tudes.
660 453 729 499 Ab
747 453 814 498 his
841 451 962 499 enim
991 452 1039 496 in
1063 468 1117 498 eo
1138 450 1352 499 differunt
1368 487 1381 506 ‚
1409 454 1531 517 quod
1551 455 1616 500 illi
1641 455 1791 502 calore
1809 455 1909 502 leniri
1933 473 2174 520 augeantur
2196 463 2244 506 δε

411 518 707 572 invalescant3
726 517 882 564 contra
900 515 1006 562 verb
1022 515 1069 561 hi
1088 516 1136 562 in
1150 517 1265 564 lecto
1282 517 1525 584 derepente
1544 519 1707 566 ceffent
1728 526 1773 566 &
1793 519 2034 585 sopiantur.

476 591 540 630 20.
567 586 687 630 Cum
715 579 1062 633 rheumatismo,
1081 582 1316 630 arthritide
1342 589 1388 630 &
1417 583 1611 631 ischiade
1642 584 1666 630 a
1698 585 1823 631 causa
1850 585 2064 652 fimplici3
2084 587 2160 634 sed
2187 586 2244 634 ab

412 648 482 695 his
505 648 551 696 in
579 667 634 695 eo
665 646 943 715 discrepant,
961 646 1084 710 quod
1107 647 1173 694 illi
1204 650 1338 694 noetu
1357 648 1596 714 praesertim
1623 648 1798 695 saeviant
1814 683 1827 702 ‚
1849 652 2048 715 alioquin
2077 653 2135 699 de
2169 653 2244 699 die

413 713 514 759 satis
533 714 660 759 mites
676 745 688 765 ‚
706 711 826 775 quod
858 711 1066 757 remediis
1089 712 1221 759 nullis
1244 710 1482 761 efficaciter
1509 715 1714 761 leventur
1730 747 1743 766 ,
1769 716 1891 778 quod
1920 718 2108 781 perstent
2139 718 2245 764 diu·

414 777 570 824 tiffime
601 775 893 830 insanabiles,
921 776 1044 840 quod
1075 778 1416 826 Mercurialium
1436 778 1515 826 usu
1548 779 1811 844 mitigentur
1829 813 1842 834 ,
1873 779 1992 828 secus
2011 783 2144 845 quain
2177 781 2249 830 his

413 843 610 889 solemne
632 843 704 888 est.

485 916 546 967 30.
573 909 691 954 Cum
713 905 945 952 doloribus
966 905 1231 954 scorbuticis
1245 926 1324 973 per
1340 923 1456 955 artus
1475 907 1741 972 vagantibus
1761 927 1772 959 ς
1790 907 1863 955 sed
1885 910 1908 955 a
1927 910 2087 973 quibus
2117 909 2164 956 in
2189 927 2250 958 eo

415 969 704 1024 diss'entiunt,
725 970 848 1034 quod
885 972 950 1017 illi
970 971 1090 1034 signa
1111 973 1195 1018 alia
1222 974 1487 1037 congeneris
1514 989 1704 1026 naturae,
1735 973 1823 1019 hoc
1851 978 1910 1021 est
1938 977 2019 1021 luis
2046 993 2250 1022 venereae

413 1037 595 1101 propria
626 1037 829 1099 adjundhz
856 1036 1049 1082 habeant
1078 1057 1090 1091 ·,
1124 1038 1172 1084 hi
1203 1039 1308 1087 verb
1337 1038 1468 1103 signis
1491 1039 1516 1084 εὶ
1534 1039 1607 1086 lue
1632 1039 1824 1086 venerea
1844 1042 1978 1137 plane
2008 1041 2160 1086 alienis
2199 1047 2248 1087 δέ

416 1100 630 1149 scorbuto
652 1101 945 1167 peculiaribus
965 1101 1237 1149 indicentur.
1577 1161 1579 1163 ι
1864 1137 1866 1139 -

478 1171 545 1213 ΙΙ.
585 1168 777 1213 Dolores
810 1168 918 1213 verb
938 1168 1163 1233 osteocopi
1183 1202 1195 1220 ‚
1216 1169 1240 1214 a
1263 1167 1543 1232 quacumque
1565 1166 1693 1213 caus&
1718 1166 1823 1213 fiant
1842 1201 1856 1221 ,
1876 1168 1931 1214 ad
1963 1168 2082 1215 luem
2104 1187 2246 1216 vene-

417 1248 536 1278 ream
575 1232 637 1278 ita
671 1231 953 1297 peculiariter
988 1234 1237 1296 pertinent,
1264 1250 1312 1278 ut
1339 1232 1692 1296 quotiescunque
1722 1232 1886 1279 diutius
1906 1268 1918 1286 ,
1953 1235 2253 1298 pertinacius,

417 1296 610 1343 atrocius
635 1297 903 1343 discruciant
919 1332 931 1350 ‚
949 1298 1083 1346 toties
1101 1299 1221 1345 luem
1241 1316 1478 1346 veneream
1494 1314 1662 1345 certam
1681 1331 1694 1350 ,
1712 1299 1888 1361 plenam
1908 1333 1920 1351 ,
1940 1299 2250 1347 confirmatam

418 1359 683 1427 apertiffirne
706 1360 1028 1409 demonstrent.

478 1431 666 1474 Nonum.
695 1426 853 1473 Morbi
881 1427 1033 1473 offium
1050 1462 1062 1480 ,
1082 1445 1191 1491 quos
1216 1434 1325 1492 Cap.
1346 1445 1379 1472 1.
1399 1431 1522 1474 artic..
1542 1444 1574 1487 ς.
1604 1426 1886 1491 exposuimus
1905 1461 1917 1479 ‚
1944 1443 1991 1474 ut
2019 1429 2221 1476 exostofis
2233 1463 2253 1483 ,.

416 1489 706 1556 hypetostosis
722 1526 732 1544 ‚
749 1493 888 1540 caries
903 1526 917 1546 ,
936 1491 1149 1539 abscessus
1166 1492 1392 1540 interioris
1413 1492 1614 1539 medullae
1631 1525 1645 1545 ‚
1664 1491 1854 1539 stadtura
1872 1493 1896 1537 :l
1916 1493 2131 1540 leviffimo
2151 1494 2249 1545 nisu

419 1561 464 1602 δε
493 1557 810 1604 osteosarcosis.
1290 1572 1293 1574 ’

483 1622 665 1685 Singula
698 1622 888 1668 totidem
910 1620 1010 1668 sunt
1031 1620 1149 1685 signa
1177 1621 1386 1686 primaria
1412 1623 1494 1670 luis
1512 1639 1716 1670 venereae
1735 1656 1747 1675 ‚
1778 1621 1917 1668 modo
1949 1622 2074 1668 caute
2096 1622 2248 1670 distin-

417 1701 607 1749 guantur
632 1687 656 1733 ἐι
684 1688 848 1734 caeteris
869 1687 1036 1732 morbis
1055 1721 1067 1739 ,
1097 1687 1175 1750 qui
1197 1686 1345 1733 similis
1362 1688 1546 1751 quidem
1564 1688 1725 1753 speciei
1744 1687 1829 1735 effe
1849 1686 2023 1751 possunt
2037 1721 2052 1740 ,
2077 1687 2153 1735 sed
2169 1689 2250 1754 qui

416 1751 472 1797 ad
488 1750 633 1798 causas
650 1752 674 1797 a
690 1752 762 1799 lue
782 1752 971 1798 venerea
993 1751 1156 1798 alienas
1178 1751 1406 1799 referendi
1426 1753 1540 1801 sunt.

472 1821 507 1863 Ι.
533 1816 743 1863 Exostofis
775 1817 955 1881 proprie
987 1817 1127 1869 dieta,
1147 1817 1234 1863 hoc
1266 1819 1326 1864 est
1353 1817 1639 1865 extuberatio
1663 1834 1771 1863 areae
1797 1813 1920 1864 osseae
1948 1816 1995 1862 in
2021 1832 2246 1865 tumorem

414 1879 799 1944 hemisphaericum
819 1916 831 1934 ‚
863 1881 892 1926 si
913 1881 1091 1934 doleat,
1124 1882 1153 1927 si
1184 1882 1352 1934 caleat,
1386 1899 1460 1929 aut
1485 1883 1517 1929 fi
1546 1898 1646 1929 cute
1674 1880 1806 1927 rubra
1839 1888 1885 1928 δε
1906 1882 2132 1946 phlogode
2161 1883 2248 1930 ob-

415 1947 529 1992 tecta
548 1946 598 1991 sit
614 1980 627 1998 ‚
643 1964 836 1992 venerea
851 1947 1065 2011 perpetuo
1086 1946 1306 1993 censenda
1323 1949 1384 1993 est
1401 1981 1413 1998 ,
1431 1965 1575 2011 neque
1599 1963 1703 1992 tunc
1727 1947 1941 1993 ulteriore
1959 1946 2246 2010 inquisltione

414 2028 524 2073 opus
541 2012 613 2056 est.
639 2011 715 2057 Sin
735 2010 854 2057 secus
868 2045 879 2062 ‚
903 2011 1067 2073 poterit
1087 2010 1237 2056 forsan
1256 2012 1473 2058 confundi
1494 2013 1548 2058 ad
1572 2010 1791 2057 summum
1814 2029 1914 2056 cum
1942 2012 2054 2058 callo
2074 2012 2150 2074 qui
2170 2014 2250 2060 ossi

411 2076 508 2139 post
531 2073 770 2121 fraCturam
787 2075 952 2121 coalito
979 2075 1187 2140 superest3
1206 2093 1307 2121 cum
1325 2077 1506 2122 exostofi
1529 2092 1625 2138 quae
1643 2074 1719 2136 ossi
1749 2076 1912 2121 accidit
1932 2077 2019 2122 istu
2041 2078 2112 2123 vel
2142 2078 2241 2124 casu

413 2139 629 2194 contus03
649 2145 695 2186 δε
715 2158 816 2186 cum
845 2139 1004 2186 vitiosa
1024 2140 1120 2185 offis
1140 2139 1433 2188 diffo‘rmitate
1454 2160 1547 2205 quae
1575 2140 1813 2203 congenita
1838 2139 1916 2194 fit3
1937 2142 1960 2187 a
1989 2142 2150 2205 quibus
2182 2160 2250 2189 ta-

413 2221 520 2252 men
535 2205 627 2252 levi
648 2205 897 2251 attentione
912 2204 1043 2250 facile
1062 2205 1372 2268 distinguetur.

481 2278 542 2315 10.
571 2272 610 2315 A
644 2270 755 2316 callo
783 2269 994 2333 quidem,
1023 2286 1116 2315 tuin
1152 2271 1273 2334 quod
1304 2286 1412 2316 nota
1443 2270 1540 2318 offis
1567 2270 1759 2317 fractura
1796 2268 2013 2333 notusque
2047 2270 2246 2318 fracturae

411 2334 536 2381 locus
554 2335 714 2381 callum
730 2339 775 2380 ὅ(
797 2335 898 2381 calli
912 2333 1040 2380 litum
1065 2333 1241 2381 abunde
1263 2336 1466 2382 indicent
1486 2370 1498 2388 ‚
1519 2352 1614 2382 tum
1632 2336 1755 2399 quod
1774 2335 1907 2381 callus
1925 2335 2021 2381 offis
2037 2336 2246 2401 periphe-

411 2400 524 2446 riam
550 2400 825 2446 circulariter
857 2399 1024 2446 ambiat
1044 2419 1055 2453 3
1076 2400 1234 2446 contra
1260 2400 1369 2447 verb
1392 2401 1595 2448 exostofis
1619 2399 1950 2466 hemisphaerica
1978 2400 2027 2446 sit
2045 2435 2060 2454 ,
2085 2407 2129 2447 ὃς
2159 2403 2249 2448 cir-

413 2465 606 2512 cularem
629 2464 798 2511 tantum
819 2483 968 2511 aream
993 2465 1039 2509 in
1058 2464 1147 2511 offe
1167 2482 1370 2530 occupet.

475 2537 540 2575 2⁰.
573 2529 646 2576 Ab
665 2530 845 2577 exostofi
865 2529 1060 2592 benigna
1084 2547 1177 2593 quae
1194 2529 1243 2575 fit
1267 2531 1315 2576 in
1335 2530 1423 2577 offe
1439 2531 1528 2576 icCtu
1549 2529 1769 2576 validiore
1786 2529 1971 2577 contuso
1986 2563 1998 2582 ,
2015 2530 2135 2593 quod
2154 2531 2250 2577 haee-

410 2594 596 2643 minima
616 2594 666 2640 fit
679 2628 692 2647 ,
713 2612 954 2658 numquam
972 2594 1168 2641 doluerit
1182 2628 1194 2648 ‚
1216 2598 1302 2656 jam
1322 2596 1492 2643 dudum
1512 2613 1631 2658 aegro
1652 2611 1757 2640 nota
1775 2593 1825 2640 fit
1841 2629 1853 2647 ,
1870 2610 2061 2642 externae
2083 2600 2128 2640 &
2146 2614 2245 2642 ina-

410 2659 573 2706 nifestae
595 2658 732 2706 causae
749 2658 996 2707 succefferit
1010 2693 1023 2712 ‚
1046 2659 1202 2706 contra
1223 2660 1359 2723 quam
1385 2660 1476 2706 haec
1497 2661 1652 2707 eadem
1674 2659 1841 2724 singula
1864 2660 1914 2706 in
1942 2660 2124 2707 exostosi
2145 2679 2244 2707 ma-

412 2724 536 2788 ligna
559 2724 647 2772 sive
667 2723 857 2771 venerea
883 2723 1195 2771 observantur.

471 2797 534 2851 30.
580 2788 790 2852 Denique
814 2787 869 2834 ab
902 2788 999 2835 offis
1028 2788 1323 2836 difformitate
1358 2787 1597 2851 congeniti
1626 2821 1639 2840 ,
1673 2786 1794 2851 quod
1831 2787 1963 2836 tuber
1993 2805 2242 2837 connatum

412 2870 656 2918 numquam
675 2854 872 2901 doluerit
891 2884 905 2906 ,
923 2857 1010 2915 jam
1031 2854 1205 2918 pridem
1228 2854 1284 2900 ab
1310 2868 1552 2917 aegrotante
1582 2851 1867 2899 observatum
1898 2852 2033 2899 fuerit
2048 2887 2061 2905 ‚
2083 2859 2127 2900 ὃ(
2149 2856 2242 2918 ple-

409 2936 599 2984 rumque
617 2937 797 2984 compar
822 2917 984 2965 habeat
1001 2919 1283 2966 tuberculum
1308 2937 1361 2966 ex
1384 2917 1584 2984 opposito
1603 2951 1616 2970 ‚
1635 2917 1706 2964 vel
1735 2918 1782 2963 in
1809 2917 1898 2964 offe
1925 2918 2085 2965 eodem
2102 2953 2114 2972 ‚
2131 2918 2161 2964 fi
2190 2937 2242 2968 os

407 2985 590 3031 unicum
613 2983 692 3038 fit,
712 2985 783 3032 vel
808 2984 856 3030 in
886 2983 977 3031 offe
1003 3001 1285 3049 congenere,
1316 2984 1348 3031 fi
1378 2983 1541 3049 duplex
1557 3002 1569 3035 ·,
1585 3000 1680 3047 quae
1707 2981 1808 3030 sane
1835 2982 2019 3031 exostofi
2039 3000 2241 3031 venereae·

407 3065 666 3114 neuthuam
692 3064 985 3096 conveniunt.

482 3120 554 3161 11.
581 3118 788 3173 Quatuor
820 3114 905 3159 alia
932 3113 1277 3177 hyperostofium
1311 3131 1477 3178 genera
1506 3128 1660 3177 praeter
1689 3129 1904 3160 venereas
1930 3110 2241 3174 agnoscimust

409 3193 568 3244 nempe
599 3178 939 3233 rachiticarum,
960 3179 1294 3234 strumosarum-‚
1322 3179 1674 3227 scorbuticarum
1694 3184 1740 3227 δε
1759 3176 2103 3225 arthriticaruin.
2137 3177 2235 3229 Tc»,
