2477 3643
603 133 1598 185 'annn11.CAt’u·rIX.
1932 146 2069 202 *mg

209 269 212 273 ,
231 215 368 287 pertis
386 250 399 272 ,
420 215 469 265 in
499 213 646 265 alieno
667 216 777 266 orbe
804 217 1009 266 institutis
1028 253 1041 273 ‚
1063 235 1158 284 quae
1180 216 1388 284 ambigua
1408 216 1507 265 sunt
1522 250 1534 271 ‚
1564 215 1699 264 fidem
1721 215 1900 265 elevent
1926 237 2062 286 expe·

230 286 530 332 rimentorum
565 299 660 346 quae
699 283 890 348 plurima
923 288 967 330 &
1005 283 1238 331 certissima
1259 282 1386 338 sunt,
1407 299 1500 347 quae
1530 298 1647 328 nunc
1667 314 1679 333 ,
1704 298 1797 346 quae
1822 285 2025 346 quotidie
2043 317 2058 338 ,

222 365 320 413 qua:
342 347 458 413 apud
488 363 567 393 nos
590 347 700 394 fiunt
716 378 729 399 ,
749 352 794 394 &
826 365 920 412 quat
941 365 1095 396 contra
1115 348 1358 395 Guaiacum
1391 346 1651 411 apertissime
1674 348 1896 392 testantur.

287 417 306 459 1
325 417 378 460 V.
419 415 494 460 Ne
516 427 665 458 tamen
684 413 929 459 Guaiacum
948 413 1032 459 suis
1058 412 1263 460 laudibus
1285 411 1560 460 defraudasse
1579 410 1730 458 videar
1746 444 1758 464 ‚
1777 410 1934 457 lubens
1950 428 2055 458 con·
2128 424 2266 472 Casus,
2283 426 2330 465 ια

225 475 391 524 cessero
412 510 424 529 ‚
451 486 511 522 1⁰.
546 479 646 537 Ejus
673 476 908 524 decoctum
927 512 938 529 ,
961 478 1085 542 quod
1107 478 1162 525 de
1189 477 1357 543 ptisana
1383 494 1563 540 quoque
1585 475 1753 522 dietum
1771 476 1906 522 velim
1925 510 1937 528 ‚
1958 494 2054 540 quae
2097 488 2190 527 quos
2218 479 2288 516 de-

224 541 250 588 ὲ
270 541 419 589 (31ιίηᾶ
438 575 449 594 ,
469 541 766 605 Sada-patilla
782 576 795 594 ,
819 542 1020 589 Sass'afras
1041 548 1128 589 &c.
1145 559 1411 607 praeparatur
1430 576 1442 594 ‚
1461 541 1609 589 facere
1622 540 1695 611 ¹‚ad
1716 540 1899 586 morbos
1917 559 2054 589 vene-
2097 530 2250 617 ἕᾶΡΠΞ
2307 577 2317 587 .

226 623 327 653 reos
358 607 518 653 locales
541 611 586 652 &
605 607 867 671 incipientes
886 641 898 660 ,
918 625 966 654 ut
991 608 1047 654 ad
1067 608 1386 671 gonorrhoeam
1405 641 1418 660 ‚
1442 605 1672 653 bubonem
1686 639 1698 658 ‚
1733 604 1952 653 ulcuscula
1971 624 2052 654 ve-
2097 591 2330 671 lenjfkamuu'

225 687 361 717 nerea
378 705 390 723 ,
413 677 459 717 δε
480 689 633 736 porros
649 705 662 724 ,
695 673 742 717 in
767 673 928 736 quibus
955 671 1141 719 seminio
1162 671 1375 718 morboso
1394 672 1658 736 extirpando
1683 670 1943 735 plerumque
1965 670 2055 718 suf-
2205 662 2214 673 .

226 734 319 781 ficit
337 769 350 788 ,
371 733 472 782 cum
495 742 541 782 δε
559 754 747 801 paucum
765 743 811 784 &
830 754 981 783 recens
997 736 1062 782 fit.
1087 739 1234 783 Cauto
1258 754 1403 783 tamen
1425 754 1534 801 opus
1552 738 1612 783 est
1628 770 1641 788 ,
1661 753 1716 783 ne
1735 738 1902 782 temere
1923 736 2053 783 adhi-

222 799 380 848 beatur
404 801 451 848 in
476 801 723 848 macilentis
737 836 749 854 ‚
771 801 965 849 exsuccis
983 836 995 855 ,
1014 801 1247 849 retorridis
1266 836 1278 854 ,
1308 801 1468 848 biliosis
1487 835 1499 855 ,
1528 800 1823 867 picrocholis,
1846 800 1955 848 iisve
1975 802 2054 866 qui

222 865 438 929 pulmone
453 899 465 918 ‚
495 865 673 912 renibus
695 899 706 918 ,
727 866 867 913 vesica
888 871 976 929 jam
996 867 1109 913 male
1132 866 1312 913 habent.

285 938 346 975 20.
381 933 628 976 Dece<stum
650 930 770 977 idem
792 931 1064 978 utilissimum
1081 928 1167 977 effe
1185 964 1197 983 ‚
1216 931 1294 978 sed
1315 929 1390 975 sub
1412 929 1620 976 cautione
1642 928 1799 975 eadem
1818 963 1830 981 ,
1853 929 1907 976 ad
1927 929 2056 976 dolo·

224 1009 293 1039 tes
325 993 592 1060 dissipandos
612 1028 624 1047 ,
654 993 683 1040 fi
709 996 786 1058 qui
820 996 874 1042 ab
900 995 1072 1060 impura
1098 1012 1261 1042 venere
1289 996 1399 1041 olim
1433 994 1614 1040 oriundi
1648 993 1958 1057 hydrargyrofi
1985 993 2056 1040 su-

220 1058 385 1122 persint
402 1093 415 1112 ,
445 1059 533 1106 sive
561 1056 703 1105 solum
756 1060 1027 1107 raescribatur
1046 1094 1058 1113 ,
1084 1058 1171 1106 sive
1192 1060 1348 1105 addito
1379 1058 1487 1104 laCte
1513 1058 1698 1104 vaccino
1725 1075 1778 1104 ex
1816 1075 1908 1106 arte
1938 1075 2057 1106 tem-

222 1139 405 1233 peretur
421 1157 435 1176 ,
463 1142 544 1189 pro
569 1122 675 1169 nota
706 1078 872 1173 (idilicet
892 1125 1205 1189 aegrotantium
1223 1123 1439 1189 temperie
1466 1123 1721 1170 humidiore
1735 1122 1806 1170 vel
1837 1122 2019 1172 ficciore
2036 1157 2053 1178 .

246 1187 440 1235 erofiore
463 1189 535 1236 vel
556 1187 743 1235 salsiore.

297 1261 360 1312 3⁰.
396 1254 604 1316 Denique
637 1253 871 1299 decotstum
897 1251 1008 1297 illud
1046 1251 1286 1299 necessario
1319 1250 1591 1315 quandoque
1619 1250 1926 1299 exhibendum
1967 1251 2055 1300 effe

218 1318 317 1380 post
335 1315 697 1380 hydrargyrofim
722 1317 921 1380 legitime
942 1317 1286 1363 administratam
1305 1349 1316 1368 ,
1334 1315 1364 1361 si
1390 1315 1480 1362 lues
1504 1333 1696 1362 venerea
1716 1335 1817 1362 cum
1842 1317 2057 1363 strumosi

219 1361 568 1428 aut‘fforbutica'i
593 1381 801 1428 cachexia⁴
829 1381 890 1427 ita
920 1385 1154 1441 conjuncta
1171 1381 1308 1428 fuerit
1327 1415 1340 1433 ,
1367 1396 1414 1426 ut
1443 1379 1737 1445 symptomata
1756 1380 1965 1428 morbosa
1997 1381 2056 1427 ab

221 1446 409 1510 utraque
428 1447 553 1492 causa
573 1446 872 1512 dependeant.
900 1447 1153 1493 Mercurius
1182 1447 1304 1493 enim
1323 1479 1335 1498 ‚
1362 1463 1452 1509 quo
1471 1446 1591 1492 virus
1613 1464 1858 1493 venereum
1894 1462 2054 1509 poten-

221 1526 290 1558 ter
323 1512 643 1559 exterminatur
662 1546 674 1565 ,
701 1512 962 1578 plerumque
996 1528 1051 1558 ne
1080 1511 1261 1574 attingit
1283 1511 1466 1574 quidem
1484 1511 1746 1557 strumosum
1775 1511 1846 1557 vel
1867 1509 2054 1557 scorbu-

221 1576 360 1621 ticum
397 1576 631 1623 seminium
650 1610 662 1629 ,
692 1576 817 1640 quod
847 1593 1085 1640 utrumque
1104 1576 1288 1622 Guaiaci
1309 1575 1497 1622 decocto
1518 1573 1691 1622 felicius
1713 1576 1848 1622 cedit.
1876 1576 1946 1620 Sic
1966 1576 2057 1622 ob-

220 1639 397 1688 servavi
419 1640 688 1706 syphiliticos
705 1641 947 1688 nonnullos
966 1674 978 1692 ‚
999 1640 1075 1704 qui
1094 1641 1264 1687 strumis
1286 1641 1357 1687 vel
1384 1638 1595 1686 scor-bufo
1615 1640 1737 1687 fimul
1758 1640 2023 1687 laborabant
2037 1675 2052 1693 .

223 1704 280 1751 ab
320 1705 629 1769 hydrargyrofi
668 1702 865 1769 legitima
893 1704 1096 1770 perfectae
1125 1705 1374 1753 valetudini
1405 1705 1571 1751 restitui
1603 1721 1696 1751 non
1727 1703 1941 1769 potuisse,
1974 1703 2054 1751 nifi

224 1769 454 1835 postquam
471 1789 549 1835 per
570 1768 767 1817 mensem
787 1769 846 1816 ufi
865 1768 1046 1816 fuerunt
1066 1769 1254 1816 decosto
1276 1770 1523 1816 meraciore
1541 1803 1554 1821 ,
1576 1788 1694 1816 nunc
1715 1770 1900 1833 quidem
1921 1769 2058 1816 solius

222 1835 408 1881 Guaiaci
427 1870 438 1887 ‚
473 1852 590 1881 nunc
609 1835 719 1882 vero
737 1835 917 1881 Guaiaci
937 1849 1290 1899 caeterorumque
1308 1834 1535 1897 lignorum
1554 1868 1567 1888 ‚
1601 1853 1701 1882 cum
1731 1834 1893 1881 additis
1924 1835 2056 1899 plan-

222 1899 281 1945 tis
305 1899 572 1963 quibusdam
599 1898 968 1946 anti-scrofulosis
987 1935 998 1952 ,
1031 1915 1104 1945 aut
1131 1898 1528 1946 anti-scorbuticis.

281 1964 462 2028 Opinor
494 1965 548 2011 ad
573 1965 689 2029 prius
709 1965 792 2011 luis
814 1981 1012 2011 venereae
1032 1980 1168 2027 genus
1189 1998 1200 2016 ,
1220 1964 1388 2010 scilicet
1418 1963 1474 2009 ad
1504 1959 1766 2009 strumosum
1784 1996 1797 2016 ‚
1828 1963 2060 2028 pertinere

218 2027 585 2075 observationem
612 2029 732 2075 illam
752 2064 764 2082 ‚
799 2047 932 2092 quam
965 2028 1138 2094 profert
1174 2029 1221 2074 in
1247 2025 1483 2087 Praefiztione
1512 2028 1700 2074 Editioni
1737 2030 2055 2091 Lngdnno-Ba-

218 2108 327 2138 tavae
348 2096 503 2159 Aloysti
532 2092 690 2153 Luistni
716 2093 885 2159 praefixa?
908 2094 977 2140 vir
1001 2091 1268 2140 dofflffimus
1297 2098 1581 2139 Hermannus
1601 2093 1856 2139 Boerhaave
1873 2127 1886 2145 ‚
1914 2092 2054 2158 scrip⁶

223 2158 279 2202 tis
300 2157 382 2204 suis
409 2163 540 2204 aureis
572 2157 622 2205 ῥ’
646 2155 844 2223 perpetua?
865 2160 1020 2223 semper
1041 2159 1269 2222 dignissimis
1300 2157 1394 2203 vitei
1423 2158 1479 2204 de
1501 2176 1549 2204 re
1568 2157 1751 2203 Medica
1770 2191 1782 2209 ‚
1809 2157 1838 2202 fi
1864 2157 1962 2221 quis
1986 2158 2057 2204 al-

224 2236 293 2268 ter
310 2256 322 2274 ‚
350 2223 517 2287 optime
540 2223 751 2276 meritus,
783 2222 1006 2284 cujusdam
1034 2222 1201 2268 scilicet
1225 2226 1314 2284 aegri
1333 2260 1346 2274 ,
1373 2227 1439 2283 qui
1467 2223 1657 2283 incaffnm
1692 2226 1924 2286 optimorum
1946 2227 2058 2268 Me=

227 2288 406 2332 cificorum
427 2289 589 2348 consilia
598 2289 787 2349 ftqizntm
807 2303 926 2349 atque
950 2286 1108 2345 frustra}
1136 2287 1456 2348 hydrargyrostm
1475 2300 1659 2350 expertus
1677 2300 1752 2349 pro
1774 2286 1976 2350 desperato
1994 2305 2057 2332 re⁹

227 2350 495 2410 liffuf‘fizcrat
515 2389 528 2405 ,
562 2349 614 2397 (ξ’
652 2356 722 2414 qui
752 2367 883 2397 tamen
901 2350 1000 2397 νεὲῗὲ
1022 2353 1231 2397 convaluit
1259 2350 1337 2395 usu
1360 2350 1532 2396 det-oen
1555 2350 1736 2395 Guaiaci
1755 2367 1808 2395 ex
1831 2350 2056 2396 Methodo

229 2413 285 2459 ab
306 2416 528 2461 Huttenio
551 2413 770 2479 descripta
790 2415 836 2460 in
860 2414 999 2461 Libro
1036 2415 1106 2460 cui
1137 2415 1287 2460 titulus
1310 2417 1369 2460 est
1397 2419 1465 2460 De
1496 2414 1648 2461 Morbi
1672 2417 1830 2460 Gallici
1851 2419 2058 2460 curatione

223 2492 298 2542 per
322 2478 695 2535 administrationem
715 2482 815 2543 ligni
835 2482 1028 2526 Gummi.
1059 2481 1171 2525 Sane
1194 2495 1241 2525 ut
1261 2475 1450 2542 suspicer
1471 2478 1589 2525 luem
1607 2496 1703 2524 eam
1722 2512 1734 2530 ,
1762 2478 1819 2524 de
1843 2478 1930 2542 qua
1957 2479 2055 2542 agi·

228 2558 328 2595 tur,
362 2542 386 2587 ὲ
422 2542 731 2589 strumosarum
772 2561 937 2606 genere
976 2541 1129 2596 fuiffe,
1163 2544 1211 2589 id
1249 2542 1515 2607 potissimum
1543 2541 1649 2588 facit
1677 2575 1688 2594 ,
1730 2543 1864 2604 quad,
1893 2558 1940 2588 ut
1963 2543 2055 2607 ipse

230 2607 488 2654 Boerhaave
513 2621 661 2652 narrat
677 2641 689 2660 ‚
712 2612 754 2653 in
789 2610 956 2669 diver-fis
992 2612 1167 2670 corporis
1195 2610 1288 2653 locis
1308 2610 1385 2669 offa
1409 2608 1522 2667 effent
1552 2606 1652 2652 adcb
1685 2606 1886 2665 tabefaHa
1907 2645 1921 2660 ,
1941 2623 1983 2652 ut
2013 2612 2057 2653 in

230 2672 354 2735 digito
379 2671 523 2717 manas
541 2674 734 2718 articulus
753 2690 852 2718 unus
873 2674 1067 2719 exciderit
1087 2711 1098 2726 ,
1118 2677 1159 2718 in
1180 2690 1295 2718 crure
1313 2671 1410 2717 verb
1428 2674 1609 2735 plurima
1624 2674 1712 2716 loca
1731 2674 1882 2730 cariosa
1892 2672 2056 2736 spem-

229 2751 381 2781 rentur.
416 2737 541 2783 Licet
570 2738 690 2783 enim
716 2755 768 2783 ea
792 2735 947 2782 offium
978 2736 1095 2782 labes
1129 2736 1191 2782 lui
1223 2753 1421 2782 venereae
1442 2769 1453 2787 ‚
1482 2754 1576 2799 quae
1604 2734 1814 2782 strumosa
1844 2737 1903 2782 est
1921 2775 1934 2790 ,
1962 2753 2055 2783 non

230 2799 281 2845 s1t
302 2805 472 2863 propria
492 2838 507 2854 ,
534 2816 582 2846 ut
613 2802 735 2847 aiunt
752 2836 763 2853 ‚
784 2816 926 2863 quarto
952 2803 1063 2847 modo
1084 2839 1097 2854 ,
1131 2799 1405 2863 experientia
1430 2815 1578 2847 tamen
1610 2815 1888 2864 compertum
1915 2801 1974 2845 est
2006 2800 2055 2844 in

226 2864 301 2911 illa
328 2862 601 2926 frequentius
623 2864 698 2910 usu
722 2866 877 2911 venire
897 2899 908 2915 ‚
932 2864 1066 2927 quam
1086 2865 1132 2909 in
1157 2865 1242 2909 alia
1263 2865 1364 2910 ulla.
1396 2862 1533 2921 Quod
1554 2864 1583 2909 fi
1602 2882 1707 2911 vera
1725 2863 1918 2923 conjicio
1934 2897 1947 2915 ,
1966 2867 2055 2924 jam

228 2928 485 2976 observatio
515 2929 539 2974 εὶ
575 2929 686 2975 Viro
719 2927 963 2974 doctissimo
997 2928 1217 2992 proposita
1253 2925 1546 2974 inefficaciam
1580 2928 1794 2975 Mercurii
1820 2928 1865 2974 in
1896 2928 2055 2992 profli-

226 2992 377 3058 ganda
403 2992 475 3039 lue
507 2992 698 3039 venerea
729 2992 992 3039 nullomodo
1020 2991 1259 3056 probatura
1278 3025 1291 3045 ,
1319 3010 1413 3055 quae
1444 3008 1592 3039 tamen
1624 2992 1714 3039 sola
1745 2993 1791 3038 in
1821 2992 2056 3055 quaestione

231 3056 430 3106 versatur
449 3075 460 3110 3
482 3055 559 3104 sed
595 3057 832 3122 probatura
854 3056 993 3103 solum
1012 3056 1230 3102 Mercurii
1254 3056 1546 3103 inefficaciam
1572 3058 1619 3104 in
1653 3056 1855 3105 curandis
1885 3056 2056 3103 strumis

232 3128 281 3174 &
308 3121 519 3169 strumosa
540 3122 748 3169 cachexia
764 3156 775 3175 ‚
805 3121 862 3169 de
880 3121 966 3187 quii
988 3122 1236 3169 nullatenus
1257 3119 1514 3185 ambigitur.

296 3189 470 3236 Caetera
499 3187 607 3236 verb
637 3203 898 3253 argumenta
916 3220 930 3242 ,
961 3203 1057 3252 quae
1087 3190 1129 3236 in
1155 3184 1390 3249 Praefatione
1410 3186 1549 3235 eidem
1579 3186 1787 3236 adversus
1807 3185 1900 3236 vim
1924 3189 2054 3235 Mer·
2110 3195 2334 3249 Expenditur
