2477 3643
703 123 968 168 ἱππεῖ(
1036 118 1620 166 ΙΙ.ΕΑυυτΙΧ.
1949 133 2061 177 149².

278 207 344 259 70.
379 197 569 263 Expedit
605 214 698 244 non
728 196 783 243 ab
809 213 926 259 aegro
967 195 1247 242 fricationem
1284 195 1379 242 fieri
1399 228 1412 247 ,
1439 210 1487 240 ut
1509 196 1532 240 εὶ
1561 193 1827 258 quibusdam
1863 196 2036 244 suaderi

214 265 355 311 ‘aa-idio
375 297 388 316 ,
417 262 489 309 sed
511 264 534 308 εὶ
557 262 760 308 ministris
779 295 791 314 ,
819 260 894 323 qui
924 260 977 305 ad
998 277 1106 324 opus
1134 259 1370 306 habiliores
1398 265 1443 305 δέ
1475 259 1710 306 alacriores
1741 262 1838 304 sunt
1859 278 1871 312 ·,
1896 262 2036 306 mani-

218 328 387 391 busque
408 327 560 380 nudis‚
582 343 673 373 non
692 324 949 371 chirotecha
970 324 1151 370 munitis
1166 357 1177 375 ‚
1205 339 1251 370 ut
1271 325 1391 371 calor
1423 328 1563 385 major
1595 322 1818 370 fricationi
1842 324 2034 370 accedat.

217 396 331 440 Non
365 392 478 438 clam
513 409 585 438 me
617 391 675 437 est
706 390 952 436 ministrum
980 389 1120 453 ipsum
1155 388 1311 436 venire
1342 390 1389 436 in
1415 388 1651 435 discrimen
1682 386 1952 434 salivationis
1971 421 1982 440 ‚
2009 387 2039 432 fi

215 456 340 503 idem
368 455 565 520 pluribus
592 453 804 500 fricandis
829 454 875 499 in
896 454 967 499 die
991 453 1215 499 vacaverit
1234 472 1245 505 3
1269 470 1312 500 at
1334 454 1505 500 nullum
1525 452 1771 524 periculum
1791 451 1876 497 effe
1899 451 2040 516 probe

218 522 357 574 novi,
383 521 412 566 si
432 521 508 566 uni
529 522 698 566 tantum
723 518 906 571 serviat,
929 516 1168 583 pracsertim
1188 516 1218 562 si
1237 534 1285 564 ut
1305 517 1498 584 primum
1517 518 1642 563 linita
1661 519 1720 564 est
1736 516 1913 563 fricatio
1932 550 1945 569 ‚
1965 534 2043 563 cu<-

219 601 288 634 ret
308 603 460 631 manus
482 584 622 649 probe
652 583 816 630 eluere.

286 656 350 697 8⁰.
383 649 542 696 Oblita
561 667 657 713 pars
676 648 828 694 calidis
858 647 1146 695 femoralibus
1166 645 1447 708 contegenda
1463 679 1475 698 ‚
1498 663 1552 692 ne
1575 645 1737 692 illitum
1764 659 2056 709 unguentum·

217 714 472 777 detergatur
491 733 502 767 3
525 719 570 759 δέ
589 730 701 776 aeger
721 730 798 777 per
821 713 980 758 horam
998 730 1129 758 unam
1152 711 1175 755 a
1192 710 1401 758 frictione
1419 710 1531 757 Ιεᾶο
1551 711 1695 758 calide
1714 709 2012 758 continendus
2026 743 2041 763 ‚

217 795 265 826 ut
285 780 538 826 Mercurius
563 778 609 824 vi
640 777 796 823 caloris
826 776 950 822 altius
980 775 1305 821 introducatur.

294 853 359 900 90.
390 848 500 890 Sunt
526 842 687 906 quibus
717 842 883 906 placeat
923 855 1198 903 unguentum
1221 873 1233 891 ,
1265 839 1389 902 quod
1422 839 1511 885 cuti
1541 840 1702 885 illitum
1735 838 1951 904 superest,
1986 839 2050 886 de

217 906 432 955 industria
461 923 696 970 extergere
722 906 846 952 finita
871 905 1025 968 quavis
1050 904 1260 950 frictione
1278 937 1290 955 ‚
1318 922 1374 950 ne
1402 904 1545 950 odore
1569 922 1700 967 quem
1722 904 1850 967 spirat
1881 904 2047 969 ptoda-·

220 987 291 1018 tur
314 972 499 1019 remedii
527 989 661 1035 genus
679 1005 690 1023 ‚
711 969 834 1034 quod
863 969 1075 1015 occultari
1102 987 1210 1034 opus
1237 970 1296 1014 est
1321 986 1333 1020 ·,
1368 974 1413 1014 δε
1442 968 1488 1013 id
1515 969 1697 1031 quidem
1717 968 1845 1015 facile
1868 970 2048 1015 condo-1

219 1038 418 1083 nandum
434 1038 608 1100 quoties
637 1036 750 1097 justis
770 1035 827 1081 de
848 1033 978 1079 causis
1014 1051 1132 1096 :egro
1170 1032 1342 1079 neceffe
1365 1035 1424 1078 est
1442 1066 1455 1084 ,
1485 1033 1731 1079 adhibitam
1764 1033 2044 1080 Medicinam

218 1102 457 1149 cautiffime
486 1100 750 1146 dissimulare
768 1133 780 1152 ‚
808 1116 856 1144 ac
888 1097 931 1143 se
954 1097 1157 1160 quotidie
1189 1114 1339 1142 coram
1371 1097 1522 1143 amicis
1544 1113 1616 1144 aut
1641 1098 1901 1161 propinquis
1930 1115 2044 1160 prae-

218 1164 386 1212 sentem
406 1166 560 1212 sistere.
603 1168 662 1210 At
686 1163 795 1210 verb
823 1162 946 1207 fimul
972 1160 1292 1208 attendendum
1324 1161 1382 1206 est
1414 1170 1471 1206 10.
1503 1165 1569 1207 Ut
1602 1162 1732 1226 paulo
1757 1166 1898 1221 major
1925 1162 2044 1208 obli-

215 1231 363 1276 niatur
385 1228 598 1292 unguenti
619 1228 729 1273 dosis
749 1226 957 1272 friCtione
988 1225 1211 1288 qualibet3
1237 1234 1299 1271 20.
1325 1228 1390 1269 Ut
1421 1226 1534 1272 dosis
1554 1225 1696 1272 oblita
1723 1226 1852 1290 paulo
1876 1226 2046 1273 diutius

216 1295 443 1340 affricetur
464 1327 476 1344 ,
507 1293 652 1338 donec
686 1306 961 1354 unguentum
995 1290 1200 1336 videatur
1238 1289 1411 1353 penitus
1443 1290 1696 1336 exarescere
1718 1324 1729 1342 ‚
1767 1307 1898 1353 atque
1929 1292 2042 1337 adeo

214 1358 386 1422 duplici
417 1357 490 1404 illa
520 1356 591 1403 via
612 1355 817 1420 pensetur
835 1355 1051 1417 quicquid
1070 1355 1127 1401 de
1149 1354 1338 1401 remedii
1359 1353 1553 1401 efficacia
1578 1354 1827 1402 detrahitur
1849 1373 2046 1420 praepro-

216 1423 323 1486 pera
344 1422 560 1486 unguenti
580 1420 845 1468 detersione.

279 1488 450 1550 Qartb.
493 1485 699 1532 Tandem
732 1484 917 1549 superest
958 1483 1187 1533 novissima
1221 1483 1397 1546 quaestio
1425 1516 1437 1535 ‚
1484 1482 1648 1530 scilicet
1678 1500 1730 1529 an
1770 1483 2042 1545 majoribus,

218 1550 548 1602 crebrioribus,
575 1550 848 1612 quotidianis
874 1548 1205 1594 immffionibus
1230 1548 1340 1593 uber
1360 1546 1612 1611 ptyalismus
1639 1564 1732 1594 arte
1759 1550 2042 1612 proritandus

215 1615 270 1660 vsit
291 1649 303 1667 ,
332 1633 385 1661 an
406 1614 562 1661 contra
582 1614 802 1675 parciores
822 1618 867 1658 &
900 1613 1090 1658 rariores
1114 1612 1391 1658 inunctiones
1422 1611 1478 1657 de
1507 1612 1719 1657 industria
1747 1613 2009 1659 adhibendae
2027 1647 2040 1665 ‚

216 1696 267 1725 ut
287 1679 554 1726 salivationis
573 1679 714 1723 fluxus
733 1692 1027 1742 praecaveatur
1045 1709 1058 1728 ,
1078 1676 1149 1722 vel
1166 1676 1341 1739 parcior
1363 1675 1451 1721 fiat.
1473 1676 1656 1722 Dudum
1676 1676 1832 1722 habuit
1847 1711 1859 1729 ,
1882 1678 2040 1724 habet-

215 1762 305 1808 que
333 1745 577 1790 etiamnum
610 1741 767 1807 opinio
801 1757 987 1804 utraque
1015 1743 1213 1786 auctores
1251 1740 1347 1786 suos
1366 1774 1378 1792 ,
1415 1745 1461 1785 δέ
1489 1757 1673 1804 utraque
1698 1741 1881 1804 quidem
1914 1760 2041 1805 egre-

220 1809 330 1871 gios.
369 1809 640 1854 Facillimum
670 1824 816 1853 tamen
843 1806 967 1851 litem
995 1820 1161 1850 tantam
1196 1821 1473 1868 xcomponere
1492 1839 1505 1857 ,
1529 1805 1558 1850 si
1577 1805 1630 1850 ad
1656 1823 1705 1851 ea
1725 1839 1737 1857 ‚
1773 1824 1866 1869 quae
1895 1807 2043 1853 dnobus

208 1877 367 1919 ultimis
388 1873 686 1936 capitibusfjam
704 1870 892 1917 adducto.
911 1869 1008 1915 sunt
1025 1903 1036 1921 ,
1056 1887 1181 1932 aequo
1205 1869 1354 1914 animo
1383 1867 1648 1915 attendatur.

285 1943 316 1982 Ι.
347 1937 663 1983 Salivationem
684 1970 695 1988 ‚
717 1936 854 1980 modo
880 1935 936 1980 de
964 1933 1148 1979 admissa
1171 1934 1285 1979 intra
1315 1952 1472 1998 corpus
1492 1934 1642 1980 debita
1661 1934 1876 1981 Mercurii
1902 1952 2044 1997 quan-

219 2002 343 2048 titate
376 2001 644 2052 constiterit,
668 2001 723 2046 ad
754 1998 1144 2046 exterminandum
1180 1997 1391 2044 morbum
1420 1998 1616 2045 absolute
1649 1997 1932 2045 necelsariam
1953 2017 2046 2046 non

219 2065 304 2113 elle
324 2099 336 2117 ‚
360 2082 407 2111 ut
435 2065 564 2130 supra
596 2065 882 2129 probavimus
902 2097 914 2116 ,
944 2078 1035 2126 cap.
1063 2064 1231 2126 praeced.
1263 2063 1420 2108 contra
1448 2064 1583 2128 quam
1611 2064 1719 2109 olim
1741 2064 1764 2109 a
1783 2064 1931 2110 multis
1952 2082 2048 2111 cre-

216 2131 361 2177 ditum
381 2129 466 2176 fuit
481 2164 493 2182 ‚
530 2136 574 2175 &
597 2130 842 2175 etiamnum
863 2129 887 2175 a
909 2128 1134 2173 nonnullis
1154 2127 1364 2173 creditur.

269 2200 284 2240 Ι
305 2200 337 2239 Ι.
370 2195 676 2240 Nihilominus
694 2210 841 2239 tamen
860 2192 1170 2239 salivationem
1188 2191 1527 2238 evaciiationem
1548 2192 1632 2238 esse
1655 2226 1665 2243 ,
1680 2192 1766 2255 qua
1786 2209 1866 2237 ceu
1885 2192 1954 2238 vifi
1975 2208 2048 2239 tu-

221 2259 378 2304 tiffima
398 2259 696 2321 facillimaque
719 2258 838 2304 virus
858 2291 869 2309 ‚
889 2255 1012 2319 quod
1033 2257 1078 2302 in
1100 2255 1310 2319 sanguine
1330 2256 1436 2301 latet
1454 2289 1465 2306 ‚
1484 2256 1720 2301 maximam
1747 2272 1916 2318 partem
1941 2275 2048 2302 eva-

225 2340 379 2369 cuatur
408 2342 419 2375 3
449 2339 580 2386 atque
614 2323 726 2368 adeo
758 2323 828 2367 cui
856 2355 868 2373 ‚
903 2321 933 2365 fi
972 2320 1078 2366 defit
1098 2354 1110 2372 ,
1138 2338 1248 2384 opus
1278 2321 1328 2364 fit
1364 2320 1672 2366 evacuationes
1701 2320 1804 2366 alias
1837 2322 2049 2383 quasdam

223 2387 342 2450 quasi
367 2388 552 2433 vicarias
581 2386 777 2431 substitui
799 2419 809 2437 ,
832 2385 985 2430 natura
1021 2384 1205 2448 quidem
1243 2402 1319 2448 per
1348 2384 1554 2429 sudorem
1594 2385 1667 2430 vel
1709 2385 1880 2430 urinam
1914 2405 1926 2438 3
1954 2401 2047 2431 arte

225 2451 336 2499 verb
354 2468 430 2514 per
448 2452 597 2497 alvum
615 2484 627 2502 ‚
657 2466 704 2495 ut
723 2450 844 2495 virus
861 2449 945 2512 qua
971 2448 1071 2493 data
1093 2465 1221 2511 porta
1251 2448 1377 2512 poffit
1397 2447 1588 2493 effluere.

288 2520 305 2560 I
325 2520 340 2560 1
361 2520 393 2560 Ι.
423 2516 519 2560 Imb
539 2516 644 2560 vero
664 2513 969 2559 salivationem
1000 2512 1280 2558 medentibus
1302 2512 1522 2572 cynosurae
1549 2512 1678 2557 instar
1700 2512 1783 2558 effe
1804 2511 1923 2556 unde
1951 2510 2049 2574 pos-

222 2579 305 2625 sint
326 2579 483 2625 certius
504 2579 716 2641 colligere
735 2611 747 2630 ,
768 2593 860 2623 tum
879 2593 1043 2640 quanta
1064 2578 1282 2623 Mercurii
1307 2577 1434 2640 copia
1464 2575 1644 2621 admilla
1669 2575 1717 2620 sit
1734 2610 1745 2627 ‚
1776 2592 1870 2620 tum
1903 2590 2047 2638 quan-

225 2662 313 2690 tam
335 2644 427 2689 vim
447 2643 697 2689 Mercurius
717 2640 919 2687 admissus
941 2657 1090 2687 exerat
1107 2641 1153 2686 in
1178 2641 1432 2701 sanguinem
1449 2659 1460 2692 ·,
1479 2656 1610 2702 atque
1629 2640 1741 2686 adeo
1767 2639 1886 2686 unde
1906 2639 2048 2684 sciant

225 2709 413 2754 remedii
445 2706 684 2754 efficaciam
709 2724 787 2771 pro
816 2705 916 2751 nati
944 2706 1094 2751 morbi
1120 2707 1276 2751 natura
1313 2721 1385 2752 aut
1423 2704 1748 2751 inveteratione
1779 2703 1911 2750 tutius
1948 2722 2049 2750 mo-

226 2772 387 2818 derasi.

301 2841 389 2880 lV.
437 2835 596 2881 Videri
618 2835 808 2899 proinde
834 2851 1024 2896 utroque
1049 2833 1233 2879 nomine
1261 2831 1567 2877 salivationem
1596 2829 1902 2891 proritandam
1932 2831 2016 2876 effe
2032 2863 2049 2884 ‚

226 2900 258 2945 si
285 2917 440 2945 caetera
468 2899 747 2947 consentiant
764 2932 776 2950 ,
797 2915 889 2943 tum
916 2915 961 2942 ut
992 2897 1251 2943 exiturienti
1286 2895 1472 2941 seminio
1495 2893 1704 2939 morboso
1723 2894 1792 2939 via
1814 2894 2047 2956 permitta-

230 2981 301 3010 tur
322 2963 533 3009 facillima
549 2998 560 3015 ‚
583 2969 627 3009 δέ
647 2980 780 3025 quam
802 2961 988 3008 remedii
1007 2962 1073 3005 vis
1088 2960 1167 3006 fibi
1185 2958 1274 3024 ipsa
1291 2959 1446 3023 sponte
1465 2959 1593 3011 facit3
1610 2973 1703 3003 tum
1722 2974 1768 3002 ut
1787 2957 1918 3003 liceat
1938 2958 2046 3005 inde

230 3028 420 3075 Medico
451 3029 672 3087 conjicere
707 3026 816 3088 quid
845 3031 932 3087 jam
954 3028 1097 3070 actum
1130 3023 1206 3076 sit,
1241 3024 1350 3086 quid
1386 3023 1500 3069 ultra
1522 3022 1742 3084 agendum
1769 3021 1854 3068 effe
1889 3022 2046 3069 videa·-

232 3109 304 3141 tur
322 3126 334 3143 ‚
359 3111 414 3138 ne
435 3093 747 3138 andabatarum
765 3108 890 3136 more
910 3090 1020 3137 caeca
1039 3092 1168 3135 nocte
1189 3104 1371 3151 cogatur
1390 3089 1434 3135 in
1457 3088 1663 3133 morbum
1681 3104 1896 3151 pugnare.

294 3162 352 3216 V.
393 3158 708 3205 Salivationem
734 3155 1001 3220 potiffimum
1023 3154 1217 3218 requiri,
1246 3154 1421 3217 quoties
1439 3153 1486 3202 in
1507 3152 1660 3217 gravi,
1689 3151 1867 3221 antiqua
1886 3185 1898 3203 ‚
1919 3150 2045 3208 inve-ff

1720 3219 1760 3263 T
1780 3218 1827 3277 iij

2089 1490 2224 1530 Utrum
2233 1501 2322 1530 utro·

2087 1545 2201 1581 tutius
2218 1545 2258 1583 fit
2276 1570 2290 1588 ,

2086 1596 2280 1634 salivatio-

2087 1661 2168 1685 nem
2186 1659 2320 1685 move-

2088 1712 2124 1736 re
2138 1713 2182 1737 an
2197 1702 2280 1736 nul-

2087 1751 2162 1789 lam
2180 1752 2324 1792 excita-

2089 1817 2125 1843 [C
2152 1812 2163 1840 ἒ
