2477 3643
554 178 1383 230 annnv.s12c'tvtum
1448 182 1617 228 XVI.
1898 201 1987 252 445

161 259 319 373 goffer.
352 259 600 309 Debilitata
620 278 818 309 extrema
836 263 1007 328 scapula
1023 263 1290 311 occalluerat
1310 295 1322 314 ‚
1338 265 1383 307 &
1407 260 1454 306 in
1474 261 1626 308 medio
1655 262 1854 312 musculo
1875 282 1944 313 tu-
1965 288 1990 305 e«

197 346 245 374 er
265 327 343 375 ovi
363 327 670 389 magnitudine
687 363 698 380 ‚
722 328 960 376 imminuto
980 330 1073 376 aliis
1093 328 1288 394 partibus
1309 326 1364 372 ad
1383 325 1538 372 miram
1559 328 1821 374 tenuitatem
1842 331 1940 378 bra·
1961 351 1987 368 τ*

159 393 266 439 chio
304 392 358 438 ad
392 391 529 456 ipsam
563 392 698 456 usque
736 411 913 440 manum
937 413 947 447 3
982 401 1027 440 <Sc
1058 395 1103 440 in
1141 395 1300 440 dextro
1332 393 1468 438 latere
1499 390 1577 436 sub
1611 392 1764 437 infima
1798 396 1938 442 statim
1958 415 1984 434 κ

157 459 270 503 costa
292 457 409 503 ulcus
430 472 525 504 erat
543 455 629 503 fine
652 457 808 504 dolore
830 460 1013 519 quidem
1027 495 1038 512 ,
1058 459 1132 506 sed
1153 458 1323 505 foedum
1342 455 1572 520 quoddam
1595 475 1670 520 pus
1689 456 1907 521 effervens
1922 494 1934 512 ‚
1958 480 1981 495 ··

162 527 207 568 δέ
233 522 381 587 (ΡΜ-εδ.
410 539 591 567 manans
617 521 761 573 sanie,
792 522 937 568 fistulae
964 525 1009 570 in
1037 542 1211 570 morem
1231 524 1409 585 angusto
1432 521 1622 568 exterius
1640 540 1719 568 ote
1739 556 1750 575 ‚
1776 538 1817 568 at
1838 542 1930 569 am-
1956 540 1982 560 ‘⁶

156 587 228 650 pla
249 587 364 633 intus
384 587 589 633 cavitate.
632 591 860 650 Supraque
881 589 1019 653 ipsum
1044 589 1163 634 aliud
1196 588 1358 635 iterum
1379 585 1509 632 tuber
1526 620 1538 637 ,
1559 587 1677 650 quasi
1700 587 1933 652 supernato
1954 605 1980 622 “

158 653 281 698 costae
310 651 504 715 quodam
536 652 600 697 ibi
626 652 730 698 offe.
771 654 979 717 Denique
1007 654 1031 698 a
1058 653 1230 699 summo
1258 653 1375 698 retro
1403 651 1570 698 vertice
1595 652 1736 698 fluxus
1759 652 1853 698 ibat
1879 654 1932 700 ad
1956 669 1980 687 “

154 716 308 762 omnia
325 718 401 762 ista
432 715 661 763 manifesto
693 716 829 763 sensu.
866 718 968 776 Qua
995 718 1237 782 incipiebat
1264 719 1297 763 is
1327 717 1383 762 ad
1410 716 1670 763 lenissimum
1685 718 1820 764 etiam
1842 733 1930 764 tac·
1953 734 1979 753 ‘⁸

159 796 282 834 tum,
313 780 430 845 quali
461 781 645 846 pertuso
683 800 846 828 craneo
888 782 1071 829 dolebat
1099 800 1227 848 caput
1249 816 1262 834 ,
1288 800 1370 829 nec
1397 782 1514 829 verti
1545 782 1592 827 in
1617 798 1820 847 tergum,
1852 783 1930 830 nisi
1954 804 1980 822 et

158 863 261 892 cum
280 846 374 910 ipso
399 864 486 891 una
505 864 691 910 corpore
710 846 843 892 facies
864 847 1023 912 potuit.
1045 869 1068 884 τι

211 911 505 974 profligandas
526 912 628 958 huic
654 911 940 957 affectionum
961 912 1090 959 Iliadi
1118 912 1259 976 impar
1281 911 1365 957 fuit
1394 912 1702 959 inunctionum
1735 912 1978 959 mercuria-

156 974 267 1022 lium
299 977 396 1022 usus
442 977 512 1022 vel
544 976 754 1022 undecies
785 977 994 1041 repetitus
1016 1012 1027 1030 ‚
1057 976 1206 1023 forsan
1234 977 1508 1023 medentium
1535 976 1707 1021 inscitia
1727 978 1797 1023 vel
1833 979 1977 1041 negli-

157 1042 321 1104 gentia.
361 1066 385 1083 n
407 1041 490 1086 His
516 1047 600 1102 (a)
638 1041 839 1093 auxiliis,
874 1046 1002 1104 inquit
1033 1044 1132 1095 ille,
1163 1041 1369 1088 sustinere
1401 1041 1608 1087 morbum
1640 1042 1794 1105 potui,
1830 1044 1977 1090 extin-

155 1121 293 1168 guere
313 1124 404 1151 non
426 1107 550 1167 potui
572 1126 580 1149 :
601 1109 654 1151 Et
675 1105 776 1151 cum
796 1107 938 1152 lenire
962 1107 1168 1153 dolorem
1190 1141 1201 1158 ‚
1217 1124 1309 1152 non
1327 1107 1499 1152 causam
1517 1106 1687 1151 doloris
1703 1106 1932 1154 exscinde·
1953 1129 1978 1147 ec

157 1188 206 1216 re
227 1204 238 1222 ,
269 1171 355 1216 hoc
372 1171 476 1217 esset
491 1170 672 1216 differre
690 1170 935 1234 perniciem
952 1206 963 1224 ‚
984 1189 1076 1217 non
1097 1171 1271 1217 auferre
1291 1205 1302 1224 ,
1322 1171 1570 1235 praesentius
1590 1172 1838 1217 remedium
1857 1172 1932 1219 ha·-
1950 1193 1975 1212 e·

156 1234 235 1280 bui
250 1254 302 1282 ex
320 1236 516 1281 Guaiaco
533 1270 544 1287 ‚
565 1241 676 1293 cnjus
695 1236 763 1294 usn
793 1235 870 1294 (b)
901 1236 1081 1300 depulsa
1098 1236 1224 1282 omni
1243 1236 1549 1283 invaletudine
1562 1237 1624 1281 ita
1639 1236 1753 1283 vires
1768 1239 1931 1303 recepi,
1951 1258 1977 1278 e·

156 1316 206 1348 ut
226 1300 282 1346 de
302 1320 424 1347 novo
446 1301 582 1346 fastus
604 1318 653 1345 ac
671 1316 846 1345 renatus
871 1301 1007 1346 homo
1029 1302 1193 1348 videar.
1217 1321 1238 1336 “

220 1369 326 1410 Haec
354 1382 500 1419 autem
524 1365 580 1410 de
605 1364 647 1410 se
668 1380 793 1410 tanto
816 1365 998 1412 liberius
1018 1366 1240 1412 fatebatur
1257 1400 1271 1418 ,
1292 1365 1413 1429 quod
1435 1366 1514 1412 fibi
1534 1366 1703 1430 probro
1726 1367 1840 1413 verti
1860 1368 1980 1432 posse

157 1449 250 1477 non
278 1429 568 1494 suspicaretur
587 1463 599 1481 ‚
631 1429 731 1474 cum
761 1430 809 1475 ea
835 1446 960 1477 aetate
987 1432 1189 1477 nondum
1218 1433 1498 1495 exploratum
1528 1431 1631 1477 ellet
1664 1432 1782 1477 luem
1812 1431 1982 1478 scorta-

155 1497 279 1542 tione
304 1495 472 1542 tanturn
499 1495 704 1541 contrahi
726 1529 736 1547 ‚
760 1494 835 1541 sed
854 1494 952 1541 satis
985 1497 1139 1542 stolide
1161 1496 1417 1542 crederetur
1445 1497 1536 1542 solo
1562 1515 1708 1542 rerum
1739 1513 1983 1543 non—natu>-

154 1562 314 1607 talium
332 1561 443 1606 vitio
461 1594 473 1612 ‚
505 1559 577 1606 vel
591 1559 646 1605 ad
668 1558 885 1606 summum
906 1561 1135 1625 colloquio
1154 1561 1224 1608 vel
1245 1561 1543 1607 contubernio
1563 1580 1662 1608 cnm
1683 1561 1854 1608 infeffis
1875 1580 1981 1608 con-

154 1627 242 1692 cipi
264 1624 395 1689 posse.
435 1625 546 1671 Inde
575 1624 673 1670 sane
704 1626 762 1671 est
780 1659 792 1677 ‚
820 1626 944 1689 quod
965 1632 1218 1673 Huttenum
1237 1643 1329 1671 non
1352 1627 1515 1690 pudeat
1544 1626 1590 1672 in
1612 1642 1815 1673 extremo
1840 1627 1979 1674 Libro

158 1689 559 1754 Archiepiscopum
580 1695 624 1734 CN:
646 1690 937 1737 Cardinalem
953 1725 966 1744 ,
986 1692 1042 1737 ad
1062 1709 1196 1755 quem
1219 1690 1366 1736 scribit
1389 1725 1399 1742 ‚
1423 1691 1475 1736 fic
1497 1692 1677 1754 alloqui.
1721 1695 1799 1748 (c)
1832 1718 1853 1733 υ
1875 1697 1980 1739 Haec

155 1756 221 1802 ita
240 1754 508 1803 Celsitudini
530 1771 610 1800 tuae
632 1754 867 1819 conscripsi
885 1789 896 1808 ,
916 1773 963 1801 ut
985 1774 1076 1802 non
1096 1756 1256 1803 vellem
1278 1755 1344 1800 his
1364 1756 1548 1818 quidem
1569 1757 1631 1801 uti
1650 1791 1661 1808 ‚
1683 1763 1696 1814 (
1719 1756 1828 1802 faxit
1847 1755 1934 1803 hoc
1955 1780 1979 1797 κ

155 1822 278 1868 enim
296 1820 491 1867 servator
511 1819 708 1865 Christus
723 1853 735 1871 ‚
760 1838 814 1866 ne
833 1838 1028 1884 unquam
1046 1821 1207 1868 debeas
1226 1823 1239 1878 )
1261 1820 1336 1868 sed
1355 1837 1401 1866 ut
1418 1821 1465 1866 in
1485 1821 1556 1867 tua
1573 1821 1662 1868 haec
1680 1821 1777 1867 aula
1795 1820 1936 1868 essent
1958 1845 1981 1862 a

161 1886 365 1932 omnium
386 1884 625 1932 necessitati
649 1885 858 1948 exposita.
881 1907 904 1923 u

221 1956 272 1997 In
303 1950 388 1996 hoc
413 1954 568 2013 Opere
594 1949 811 2013 praemissis
834 1950 890 1996 de
914 1949 1060 1996 morbi
1090 1948 1293 2012 origine,
1328 1950 1483 1995 natura
1500 1983 1513 2002 ,
1542 1954 1589 1995 &
1627 1950 1758 1996 causis
1778 1983 1790 2001 ,
1826 1949 1983 1997 iisdem

156 2033 251 2080 qua:
268 2020 356 2078 jam
375 2013 522 2079 saepius
541 2016 725 2078 repetita
743 2014 868 2066 sunt3
889 2033 936 2060 ac
956 2015 1167 2060 enarratis
1185 2015 1362 2060 torturis
1380 2014 1614 2061 horrendis
1632 2049 1644 2067 ,
1664 2015 1823 2078 quibus
1839 2033 1982 2078 aegro-

157 2096 299 2127 tantes
330 2080 410 2125 hac
445 2095 571 2126 aetate
600 2078 982 2125 discruciabantur
1002 2113 1015 2132 ,
1049 2095 1096 2124 nt
1128 2080 1151 2124 a
1185 2079 1347 2125 morbo
1379 2079 1551 2125 Gallico
1587 2079 1948 2126 convalescerent
1970 2115 1983 2134 ,

159 2150 386 2193 Huttenus
413 2145 562 2208 aperte
595 2161 643 2189 ac
672 2143 850 2190 fortiter
879 2143 1103 2208 improbat
1125 2144 1406 2190 mercuriales
1426 2144 1705 2191 inunctiones
1725 2179 1736 2197 ‚
1760 2148 1882 2190 usum
1905 2145 1985 2193 de-

158 2211 273 2258 εοᾶἰ
290 2228 342 2256 ex
364 2210 488 2272 ligno
511 2208 693 2254 Guaiaci
715 2209 978 2255 mirabiliter
998 2208 1213 2272 approbat
1236 2243 1248 2260 ‚
1281 2211 1443 2254 restam
1464 2208 1660 2270 ejusdem
1682 2209 1986 2256 administran-

157 2277 205 2322 di
230 2273 493 2322 methodum
514 2273 682 2319 summa
703 2273 937 2336 diligentia
954 2273 1231 2337 persequitur
1256 2291 1265 2317 z
1286 2273 1514 2331 Quocirca
1534 2275 1763 2319 Trastatus
1782 2274 1856 2320 ille
1877 2276 1983 2321 vere

158 2342 320 2404 dignus
340 2341 397 2385 est
413 2339 489 2402 qui
507 2339 702 2400 legatur,
723 2342 915 2385 Austore
941 2340 1026 2399 (d)
1048 2337 1139 2402 ipso
1163 2342 1428 2384 Hermanno
1449 2338 1705 2384 Boerhaave
1725 2371 1737 2390 ‚
1763 2338 1844 2385 hac
1865 2339 1912 2384 in
1935 2357 1983 2387 te

158 2407 308 2470 judice
338 2403 526 2449 maxime
555 2403 739 2448 idoneo.

219 2468 443 2516 Caeterum
462 2501 474 2519 ‚
496 2467 621 2530 quod
650 2466 796 2512 notari
818 2465 951 2512 velim
969 2500 981 2518 ,
1004 2481 1411 2529 quantumcumque
1441 2463 1517 2510 fibi
1539 2466 1782 2530 gratuletur
1812 2470 1981 2515 Hutte-

157 2550 238 2580 nus
280 2534 337 2579 de
366 2531 557 2578 restituta
583 2531 839 2577 valetudine
880 2531 956 2576 usu
976 2531 1184 2582 Guaiaci,
1208 2533 1373 2576 constat
1392 2548 1540 2576 tamen
1566 2531 1704 2593 ipsum
1732 2549 1876 2594 neque
1898 2533 1981 2579 hac

159 2598 379 2646 methodo
412 2595 605 2661 perfecte
630 2595 897 2642 convaluiss'e
915 2630 925 2647 ‚
956 2595 1054 2642 cum
1077 2614 1129 2642 ex
1156 2595 1357 2641 rediviva
1377 2595 1447 2640 lue
1469 2596 1658 2642 venerea
1678 2631 1689 2648 ,
1720 2614 1813 2658 quae
1835 2615 1980 2643 reme-

158 2664 237 2710 dio
266 2662 438 2709 tantum
465 2660 606 2724 sopita
624 2660 766 2706 fuerat
782 2694 794 2712 ‚
822 2661 1026 2707 miseram
1052 2677 1241 2707 mortem
1270 2659 1434 2706 obierit
1454 2666 1498 2706 &
1519 2677 1619 2707 ante
1640 2660 1758 2707 diem
1775 2694 1788 2713 ,
1808 2677 1855 2706 ut
1878 2680 1982 2708 nar-

161 2744 228 2776 tat
253 2733 301 2788 (e
320 2735 335 2789 )
363 2725 600 2773 Contadus
621 2724 852 2772 Gesnerus.

226 2859 296 2910 Jo
317 2873 512 2903 ANNES
566 2858 664 2900 MA
684 2871 856 2900 NARD
877 2870 937 2900 us
963 2888 975 2905 ‚
1011 2852 1291 2899 Ferrariensrs
1312 2886 1324 2904 ‚
1357 2870 1480 2899 natus
1503 2855 1567 2912 (f)
1595 2871 1710 2900 anno
1739 2860 1870 2911 1461.
1893 2856 1978 2916 (g)

158 2921 404 2973 Nicolaum
428 2920 731 2967 Leonicenum
761 2920 806 2964 in
831 2917 1057 2964 Medicina
1084 2919 1266 2962 audivit.
1304 2920 1486 2963 Constat
1516 2921 1602 2979 (h)
1628 2935 1679 2963 ex
1700 2923 1789 2979 ejus
1808 2919 1977 2981 Episto‹

159 2989 212 3034 lis
241 2986 516 3031 Medicinam
548 2984 673 3029 illum
709 2983 858 3028 feciffe
889 2982 1091 3027 ferrariae
1126 2983 1181 3027 ad
1214 2999 1377 3026 annum
1411 2982 1545 3044 usque
1582 3000 1718 3043 1513.
1753 2987 1886 3027 Anno
1916 2983 1979 3029 se-

160 3068 328 3116 quente
357 3068 370 3094 1
391 3069 401 3109 ς
422 3068 490 3106 14.
515 3050 560 3093 in
590 3048 869 3106 {dun-gatiam
899 3046 921 3090 a
950 3050 1073 3107 Rege
1098 3046 1297 3090 Ladissao
1319 3052 1356 3090 V
1376 3052 1406 3091 Ι.
1427 3047 1691 3091 advocatum
1712 3045 1836 3093 fuiffe
1857 3081 1868 3099 ,
1902 3053 1976 3108 (ι’)

161 3133 209 3164 ut
233 3114 454 3160 Archiatri
476 3129 660 3157 munere
681 3111 941 3174 fungeretur
960 3128 971 3160 ·‚
992 3127 1136 3171 eoque
1163 3126 1342 3155 mortuo
1371 3128 1487 3156 anno
1523 3128 1536 3154 1
1556 3132 1568 3172 5
1588 3120 1656 3156 16.
1684 3111 1729 3156 in
1752 3112 1980 3174 Hungarizi

162 3181 235 3227 vel
261 3178 430 3225 Austria
450 3180 528 3237 (ll)
558 3194 726 3221 moram
763 3192 911 3220 tamen
938 3173 1084 3219 fecilse
1111 3174 1165 3219 ad
1188 3192 1352 3220 annum
1373 3174 1507 3238 usque
1533 3194 1546 3219 1
1566 3197 1578 3236 ς
1598 3193 1611 3219 1
1626 3182 1663 3221 8.
1692 3176 1826 3222 Unde
1845 3178 1890 3221 in
1913 3197 1982 3236 pa-

164 3246 296 3294 triam
323 3241 535 3308 regressus
556 3244 627 3302 (l)
648 3258 765 3287 anno
790 3258 924 3304 1519.
957 3238 1235 3286 Medicinam
1254 3240 1454 3287 Ferrariae
1483 3257 1584 3287 cum
1610 3240 1739 3286 laude
1769 3239 1982 3306 professus

1545 3302 1689 3351 Kkk
1718 3306 1767 3368 n)

2062 828 2074 876 (
2089 840 2112 866 a
2129 829 2139 879 )
2161 833 2257 881 σῆΡι

2025 893 2066 926 5.

2024 959 2077 1009 ‹b›
2104 967 2146 999 tn
2163 964 2260 1013 Epis-

2021 1013 2094 1050 told
2111 1016 2230 1078 Dfdi-

2023 1076 2173 1104 caloma-

2064 1151 2133 1196 (ι’)
2162 1154 2258 1201 Cap.

2029 1212 2097 1247 27.

2027 1279 2082 1326 (d)
2111 1283 2156 1316 In
2172 1277 2266 1317 Pra-'

2019 1330 2091 1378 ᾔιΐ.
2115 1331 2260 1380 prafixd

2025 1383 2169 1420 editam*

2030 1436 2228 1483 Lugduno-

2031 1490 2181 1524 Batava.

2027 1538 2159 1586 Aloyfii
2170 1542 2265 1585 Lai-1

2019 1588 2106 1636 fini.

2058 1663 2103 1710 (e)
2134 1671 2179 1701 In
2196 1665 2264 1702 Bi·-

2027 1713 2214 1756 bjzothecd.

2071 1788 2139 1834 (f)
2172 1789 2261 1827 Vide

2029 1837 2134 1886 ipsius
2159 1841 2263 1890 Epist.

2035 1898 2072 1927 6.
2090 1893 2165 1927 Ltb.
2194 1908 2208 1930 ι
2221 1900 2263 1932 8.

2061 1966 2097 2007 lg
2136 1964 2265 2002 Petrus

2031 2010 2211 2051 Castella-

2032 2074 2095 2100 nus
2109 2093 2117 2106 ‚
2144 2069 2182 2103 in
2200 2071 2266 2105 vi..

2032 2119 2075 2150 tis
2102 2119 2205 2164 :llus-

2033 2169 2141 2205 trium
2158 2176 2242 2208 Me.

2031 2218 2198 2260 dicorum.

2061 2290 2117 2336 (h2
2139 2295 2264 2343 EFisto-

2031 2341 2070 2378 la
2110 2356 2139 2381 1.
2171 2348 2255 2384 Lib.

2032 2406 2069 2439 4.

2034 2464 2045 2508 ί
2061 2465 2096 2508 ll
2115 2467 2265 2514 Epistn.

2029 2515 2147 2561 Lib.7.
2164 2520 2268 2556 Budd

2029 2566 2117 2602 dam
2140 2583 2176 2613 7,
2207 2571 2269 2611 ld,

2029 2621 2233 2668 Scptembris
2250 2651 2262 2666 ‚

2029 2681 2113 2707 ann.
2135 2685 2176 2720 15
2191 2687 2205 2710 1
2218 2690 2264 2721 4.

2031 2743 2265 2794 (klEpllstol,

2032 2798 2214 2839 3.Lib.2.

2082 2886 2256 2931 1500.—

2080 2951 2211 2998 1⁵25·

2078 3015 2220 3063 ¹532·

2085 3080 2221 3127 ¹535·

2031 3188 2095 3233 (l)
2122 3189 2264 3238 Epfft‘ol.

2038 3254 2072 3279 ι.
2090 3242 2164 3280 Lzh.
2183 3247 2222 3279 3.
