2477 3643
219 31 287 82 Χ

632 113 1600 161 LineRIV.CA1⁹ti·r-VI.
1877 127 1971 183 '3¹53

149 190 448 241 emendentur
466 221 479 241 ,
518 203 612 234 tum
640 204 687 234 ut
709 187 1012 235 admittendus
1031 191 1282 236 Mercurius
1302 187 1482 236 effeetus
1505 189 1600 236 suos
1623 188 1794 238 felicius
1822 197 1976 243 tutius-

155 274 242 321 que
267 255 460 320 praestare
489 253 647 299 valeat.
689 258 840 315 Itaque
860 254 1210 314 Sydenliamium
1230 289 1241 307 ‚
1284 255 1432 301 virum
1461 256 1697 320 caeteroqui
1719 260 1866 319 magni
1898 279 1978 307 no-

156 320 286 367 minis
306 353 319 371 ,
350 318 431 363 hac
450 317 497 362 in
534 334 580 363 re
610 317 794 363 minime
822 318 1095 365 audiendum
1125 320 1211 366 esl'e
1239 319 1396 366 censeo
1418 352 1430 371 ‚
1477 317 1583 365 dum
1620 325 1661 365 in
1695 320 1875 384 Epistola?
1904 330 1978 385 res-

150 383 339 449 ponsbrid
371 401 408 428 2.
450 387 520 428 De
549 381 719 429 Morbis
745 386 938 428 Venereis
957 422 970 437 ‚
1004 385 1242 430 contendit
1270 386 1470 447 praeludia
1497 383 1740 431 istiusmodi
1772 401 1981 450 tanquam

157 449 347 508 damnosi}
382 447 552 510 semper
576 447 791 492 omittenda
818 446 932 500 elle,
956 466 1003 493 ac
1040 451 1234 512 pratl‘rare
1259 447 1368 493 nihil
1395 465 1525 512 agere
1545 482 1557 500 ,
1588 450 1721 512 qnclm
1756 468 1863 497 venae
1888 454 1978 513 fi‘c.

163 517 264 558 tione
292 512 347 559 &¹
377 516 550 557 tenuiore
577 508 691 555 diaetd
719 515 830 556 vires
847 511 1042 575 frangere
1061 552 1074 567 ,
1104 512 1153 559 ό*
1186 513 1403 578 importum&
1415 515 1636 575 satagendo
1656 533 1805 561 nocere.
1848 518 1982 574 Quasi

159 577 270 624 vero
290 575 535 641 periculum
553 574 657 621 esset
678 591 731 621 ne
755 575 869 621 vires
887 578 1194 639 aegrotantium
1222 577 1420 623 missione
1442 577 1661 641 sanguinis
1690 585 1734 625 δι’
1754 582 1984 645 purgatio*

155 651 217 688 'ne
237 641 322 687 una
339 656 413 686 aut
428 639 564 686 altera
585 640 703 685 intra
722 639 816 686 dies
836 640 1094 703 quindecim
1114 642 1174 687 ita
1193 643 1531 688 exliaurirentur
1551 677 1563 696 ‚
1581 660 1627 688 ut
1658 647 1888 692 Mercurio
1917 647 1986 694 fe-

158 705 305 753 rendo
322 705 513 769 impares
532 703 691 750 fierent
710 723 719 749 ε
741 704 859 750 Cum
879 706 901 750 ὲ
921 707 1148 753 contrario
1179 705 1454 753 manifestum
1473 707 1521 752 lit
1540 709 1664 754 cauta
1684 710 1756 755 illa
1777 729 1987 776 praeparaa

159 771 283 817 tione
311 778 371 814 1⁰.
399 769 637 815 Eliminatfi
657 768 896 834 primarum
925 771 1094 816 viarum
1117 771 1370 832 cacochylia
1389 806 1401 823 ,
1430 782 1492 817 2⁰.
1524 775 1760 820 imminuta
1784 774 1986 822 vasorum

158 835 361 899 pletliorfi
380 868 391 886 ,
426 835 485 895 3⁰.
509 834 725 880 Relaxato
747 833 986 880 solidarum
1006 836 1195 899 partium
1218 835 1457 882 erethismo
1478 871 1489 889 ,
1510 840 1723 884 Mercurii
1743 840 1788 884 in
1817 840 1987 905 sangui-

161 917 264 946 nem
298 898 499 945 efficacia:
516 932 528 951 ‚
550 898 772 962 sanguinis
799 915 1149 963 caeterorumque
1171 902 1408 946 humorum
1430 902 1678 955 attritioni,
1705 904 1886 951 demum
1916 906 1986 952 vi-

164 964 382 1010 tiosorum
411 963 651 1010 humorum
690 965 937 1010 excretioni
972 983 1051 1030 per
1083 966 1198 1018 oris,
1226 966 1536 1012 intestinorum
1555 999 1567 1019 ‚
1600 969 1708 1015 cutis
1729 1003 1742 1023 ,
1770 987 1989 1019 renumve

162 1030 262 1076 cola
279 1030 396 1076 viam
416 1027 671 1076 faciliorem
686 1029 844 1098 parari.

163 1168 202 1218 §.
231 1162 320 1206 IV.
362 1159 510 1214 QUAE
545 1160 638 1204 SIT
672 1159 1071 1205 COMPOSITIO
1106 1161 1453 1206 UNGUENTI
1490 1162 1985 1213 MERCURIALIS

719 1223 816 1284 five
867 1227 1384 1270 NEAPOLi’rAni.

226 1354 332 1397 Una
358 1353 417 1398 est
446 1356 492 1397 δε
523 1348 768 1396 admodum
802 1351 978 1416 simplex
1001 1352 1114 1398 ratio
1143 1354 1359 1415 unguenti
1379 1354 1653 1402 mercurialis
1676 1356 1748 1404 seu
1770 1357 1991 1423 Neapoli-

167 1417 259 1463 tani
281 1416 613 1480 componendi,
643 1433 735 1477 quae
767 1433 879 1462 nunc
905 1418 981 1463 usu
1003 1434 1179 1482 recepta
1198 1418 1262 1463 sit.

230 1487 261 1527 Ι.
292 1481 528 1544 Eligendus
557 1482 615 1527 est
642 1481 894 1526 Mercurius
923 1482 1106 1527 minime
1142 1482 1410 1529 adulteratus
1429 1517 1440 1536 ‚
1474 1501 1527 1530 ex
1556 1484 1786 1531 cinnabari
1821 1486 1991 1533 redivi-

163 1564 244 1593 vus
265 1580 278 1598 ,
299 1563 372 1592 aut
404 1545 555 1592 saltem
587 1563 664 1610 pet
699 1546 869 1590 corium
902 1546 1047 1611 saepius
1073 1549 1304 1610 trajeettis,
1335 1564 1466 1612 atque
1499 1548 1612 1595 adeo
1646 1550 1670 1594 εὶ
1704 1551 1993 1616 plumbagine

164 1611 299 1676 quam
321 1611 513 1656 maxime
546 1626 770 1675 purgatus.

230 1680 296 1720 11.
328 1681 377 1720 ln
399 1676 615 1722 mortario
647 1674 944 1720 conterendus
979 1677 1036 1720 est
1056 1676 1206 1722 addita
1228 1676 1476 1741 pauciffimii
1503 1677 1684 1740 quidem
1706 1713 1718 1731 ‚
1744 1677 1820 1726 sed
1845 1695 1993 1728 tamen

167 1737 411 1786 sufficiente
445 1739 755 1786 terebinthina:
788 1740 1033 1803 quantitate
1065 1775 1079 1793 ,
1112 1741 1257 1788 donec
1290 1743 1336 1787 in
1364 1740 1537 1788 fuscum
1567 1743 1804 1806 nigrumve
1839 1746 1994 1809 pulve-

167 1823 264 1852 rem
299 1821 597 1867 extinguatur.

226 1874 332 1914 ΙΙΙ.
370 1872 489 1915 Cum
516 1869 596 1914 illo
618 1868 802 1934 pulvere
831 1867 1058 1914 miscenda
1086 1871 1145 1914 est
1175 1888 1271 1933 pars
1297 1887 1418 1933 atqua
1444 1871 1639 1933 axungiae
1667 1870 1796 1917 suillae
1824 1891 1913 1919 non
1933 1873 1997 1920 sa·-

166 1933 253 1980 litae
274 1967 286 1985 ‚
313 1951 404 1978 non
426 1933 613 1979 rancidae
634 1967 645 1986 ‚
667 1951 757 1978 non
777 1932 1021 1996 liquefadtae
1040 1967 1052 1985 ,
1075 1933 1149 1979 sed
1169 1936 1193 1978 a
1216 1934 1299 1980 suis
1319 1935 1587 1980 membranis
1608 1953 1823 1999 purgatae,
1845 1944 1888 1984 δε
1911 1940 1997 1986 una

168 1997 323 2044 tandiu
344 1998 590 2061 subigenda
614 1998 773 2062 pistillo
796 2032 807 2050 ‚
838 1997 945 2042 dum
977 1999 1119 2061 pulvis
1144 1999 1418 2045 mercurialis
1448 2001 1495 2045 in
1527 2000 1791 2047 tenuissimas
1826 2020 1999 2051 atomos

168 2063 423 2109 distributus
451 2063 500 2109 sit
521 2097 533 2116 ,
554 2081 649 2126 quae
669 2062 787 2108 oculi
815 2062 949 2107 etiam
975 2064 1132 2108 armati
1152 2064 1292 2111 aciem
1313 2063 1528 2128 effugiant
1549 2098 1561 2117 ,
1588 2069 1635 2111 δέ
1656 2083 1734 2130 per
1756 2082 1892 2114 totam
1916 2088 2000 2115 un-

167 2129 323 2192 guenti
343 2128 521 2174 maffam
543 2146 594 2174 ex
614 2145 740 2191 aequo
763 2126 1092 2191 dispertiantur,

230 2197 317 2239 IV.
348 2195 492 2238 Potest
526 2193 659 2238 etiam
681 2227 693 2244 ,
727 2192 756 2236 si
789 2193 850 2236 ita
883 2191 1088 2237 videatur
1113 2226 1123 2244 ,
1151 2206 1244 2238 non
1275 2210 1397 2256 aequa
1419 2191 1491 2239 sed
1515 2193 1649 2256 dupla
1684 2195 1880 2259 axungiae
1902 2216 2000 2262 pars

2027 210 2112 251 alias
2142 209 2252 252 nuxia·

2026 277 2135 317 quarn
2160 265 2227 303 sine

2027 318 2184 368 pcticulo
2208 329 2256 354 o-

2029 369 2122 405 mitti
2139 382 2213 422 po-

2031 421 2108 458 test.

2040 1380 2104 1417 IV.
2123 1380 2176 1421 Ut
2193 1393 2269 1422 una

2038 1446 2218 1486 guenrum

2040 1487 2253 1523 mercuriale

2040 1538 2106 1575 rite
2122 1551 2273 1590 compo·

2042 1603 2161 1627 natur.

2095 1703 2189 1749 Quae
2219 1709 2255 1742 &

2042 1756 2247 1809 quotuplex

2040 1805 2223 1858 diligentia
2238 1809 2274 1846 in

2043 1871 2272 1909 componen-

2043 1909 2091 1946 do
2110 1923 2275 1961 unguem

2043 1974 2083 1998 to
2106 1963 2234 1999 obser-

2045 2017 2215 2055 vandaiit
2236 2020 2249 2052 ἒ

169 2275 270 2303 cum
293 2258 475 2321 pulvere
498 2257 758 2304 Mercuriali
786 2256 959 2302 misceri
980 2290 992 2307 ‚
1014 2258 1133 2303 unde
1161 2257 1290 2303 tertia
1313 2274 1436 2322 parte
1457 2257 1651 2304 debilior
1674 2258 1821 2305 futura
1840 2265 1897 2307 est
1914 2282 2000 2308 un-
2057 2301 2063 2304 ,

170 2323 326 2385 guenti
355 2321 538 2368 facultas
561 2341 575 2374 3
608 2320 680 2368 sed
708 2322 795 2365 liaec
829 2320 1103 2366 medentium
1132 2321 1300 2382 judicio
1329 2323 1627 2386 permittenda
1652 2322 1783 2377 sunt,
1805 2343 1999 2387 quorum

172 2384 372 2431 officium
395 2389 453 2432 est
469 2404 521 2434 ex
541 2387 645 2431 nota
665 2385 819 2448 aegroti
837 2385 1053 2448 temperie
1073 2420 1084 2437 ,
1106 2385 1343 2449 morbique
1367 2388 1551 2433 curandi
1571 2386 1896 2438 inveteratione
1917 2410 2000 2438 un·-

170 2451 328 2513 guenti
350 2484 361 2501 ‚
390 2468 480 2514 quo
503 2451 565 2495 uti
586 2451 803 2514 placuerit
824 2483 834 2501 ,
856 2450 1070 2497 virtutem
1090 2451 1238 2496 metiri
1261 2469 1308 2495 ac
1328 2452 1567 2497 moderari.

236 2521 289 2561 V.
323 2513 466 2560 Usum
495 2515 673 2560 illorum
705 2515 888 2559 minime
916 2514 1050 2560 laudo
1070 2549 1082 2567 ‚
1111 2516 1188 2578 qui
1215 2516 1410 2579 axungiae
1437 2516 1538 2563 loco
1568 2533 1845 2580 unguentum
1877 2538 1999 2566 mer-

173 2579 339 2625 curiale
355 2597 455 2624 cum
475 2578 638 2639 butyro
662 2579 904 2624 conficiunt
925 2597 935 2630 ς
955 2597 1056 2624 nam
1085 2598 1139 2625 eo
1162 2582 1285 2643 paclo
1302 2597 1574 2642 unguentum
1596 2582 1869 2644 colliquescit
1888 2583 2002 2630 faci-

170 2644 253 2690 lius
281 2662 361 2691 nec
391 2645 576 2689 inuncta?
605 2644 715 2708 parti
737 2644 833 2688 satis
853 2643 1045 2689 adhaeret
1066 2663 1075 2688 z
1097 2645 1228 2690 Adde
1249 2646 1531 2691 mercuriales
1553 2662 1723 2692 atomos
1753 2647 1895 2693 minus
1914 2648 1997 2694 dis-

174 2712 328 2755 tracias
346 2715 392 2755 δε
411 2709 642 2769 interjecto
663 2709 904 2771 liquidiore
926 2708 1087 2770 butyro
1108 2709 1242 2754 laxius
1264 2711 1477 2763 coercitas
1493 2711 1539 2756 in
1558 2715 1746 2771 majores
1769 2728 1911 2775 guttas
1930 2712 1998 2759 fa·-

175 2772 300 2820 cilius
328 2774 447 2819 coire
466 2808 478 2825 ‚
508 2791 602 2836 qua‘
622 2773 667 2818 in
695 2774 804 2818 cutis
826 2791 958 2836 poros
986 2773 1108 2818 tanto
1133 2771 1354 2821 difficilius
1378 2791 1667 2839 penetraturae
1693 2775 1804 2822 sunt.

238 2843 278 2883 V
293 2842 327 2882 Ι.
356 2838 532 2883 Censeo
556 2855 704 2884 tamen
728 2836 902 2900 gravius
923 2838 1094 2899 peccari
1113 2872 1123 2889 ,
1146 2837 1174 2882 fi
1192 2857 1244 2884 ex
1264 2840 1566 2901 antiquiorum
1587 2840 1874 2887 Medicorum
1894 2860 1998 2906 pize-⁴

172 2901 343 2965 judicio
359 2935 370 2953 ‚
399 2903 559 2964 quibus
584 2901 832 2965 persuasum
858 2918 952 2947 erat
973 2903 1248 2948 Mercurium
1276 2902 1451 2966 frigidae
1480 2919 1641 2949 naturae
1668 2904 1778 2957 effe,
1800 2923 2002 2969 unguen-

176 2982 223 3012 to
247 2967 497 3012 mercuriali
526 2967 741 3011 calidiora
767 2965 963 3011 remedia
988 2965 1253 3026 adjiciantur
1276 2968 1331 3013 ad
1353 2968 1659 3030 imaginariam
1679 2969 1799 3014 illam
1834 2988 1999 3018 noxam

176 3030 504 3077 emendandam
526 3064 539 3082 ,
573 3046 617 3075 ut
639 3030 787 3075 oleum
807 3030 1029 3074 laurinum
1046 3063 1057 3081 ‚
1080 3031 1459 3078 chamaemelinum
1479 3067 1490 3084 ‚
1519 3033 1682 3079 irinum
1705 3067 1717 3085 ,
1745 3051 1998 3090 rutaceum,

174 3095 437 3141 sesaminum
455 3130 466 3148 ,
488 3095 746 3140 anethinum
765 3113 776 3146 3
795 3111 1073 3156 unguentum
1091 3097 1346 3141 martiatum
1362 3131 1373 3148 ‚
1389 3114 1556 3160 aregon
1573 3131 1584 3150 ,
1603 3098 1827 3144 enulatum
1844 3119 1852 3152 ;
1870 3102 1968 3147 thus
1981 3134 1996 3155 ‚

176 3161 314 3225 styrax
332 3194 345 3215 ,
369 3160 443 3209 iris
465 3160 708 3208 florentina
725 3158 956 3224 pulverata
972 3192 986 3215 ,
1014 3159 1124 3215 cinis
1146 3159 1475 3217 sarmentorum
1484 3195 1503 3232 ἒ
1527 3168 1571 3211 ἃ
1599 3163 1681 3210 alia
1704 3163 1899 3223 ejusdem
1920 3183 1999 3230 ge-

1689 3231 1726 3275 Y
1754 3246 1781 3291 y
