2477 3643
668 102 1651 151 annnHLCAvurus.
1978 121 2064 168 197

234 195 364 234 matae
379 220 390 239 ,
411 183 632 249 sanguinis
655 184 857 232 haerentis
876 185 1005 250 copia
1024 220 1036 238 ‚
1059 183 1320 233 arteriarum
1342 184 1629 230 distentar·um
1646 184 1894 256 pulsatione
1922 189 2059 237 vehe-

233 252 457 297 mentiore
474 284 485 302 ‚
504 268 551 296 ac
577 249 752 296 collesti
771 248 946 296 seminis
967 249 1206 297 virulentia
1226 255 1272 295 δε
1293 248 1538 295 acrimonia
1555 247 1859 295 discindantur
1881 284 1893 303 ,
1924 269 2056 316 atque

235 315 417 361 tandem
448 313 696 379 ptitrefa&o
718 315 929 376 sanguine
949 315 1023 378 qui
1048 316 1070 360 a
1089 314 1266 361 disciffis
1283 312 1421 361 effluit
1455 319 1500 360 &t
1525 313 1751 361 virulento
1782 313 1938 362 semini
1958 335 2058 381 pen¹

231 378 442 425 miscetur
462 413 475 432 ,
497 379 544 424 in
563 396 717 425 verum
744 378 981 425 abscessum
1001 378 1163 427 abeant
1178 380 1223 425 in
1241 379 1432 444 perinaeo
1451 378 1678 425 latentem.

293 443 474 490 Poffimt
494 460 603 505 ergo
620 478 632 496 ‚
654 443 747 489 imo
766 443 933 490 debent
953 443 1040 490 haec
1054 444 1206 490 onmia
1221 445 1337 491 inter
1356 443 1501 489 causas
1516 442 1733 490 abscessus
1747 443 1925 508 perinaei
1945 460 2057 490 enu-

222 509 385 555 merari
402 542 414 561 ,
433 508 510 571 qui
536 507 792 572 supervenit
821 509 1099 571 gonorrhoeae
1115 542 1127 560 ,
1147 509 1336 555 maxime
1356 508 1541 572 quidem
1560 507 1590 552 fi
1607 507 1653 554 in
1671 524 1913 572 aegrotante
1938 508 2055 554 acci-

225 571 363 625 dant,
388 578 509 633 cujus
540 574 683 619 acrior
709 573 758 618 sit
788 572 1011 636 sanguinis
1049 573 1252 619 diathesis
1287 607 1300 625 ‚
1330 590 1402 619 aut
1426 573 1504 635 qui
1538 571 1744 619 veficulas
1775 572 2055 625 seminarias,

220 639 430 698 prostatas
448 671 459 689 ‚
481 636 767 699 glandulasve
790 638 1114 702 Cowperianas
1133 637 1364 702 praegressa
1384 637 1620 701 multiplici
1642 637 1916 701 gonorrhoezl
1933 637 2056 685 labe-

219 699 398 747 sacratas
416 701 592 748 habeat.

282 769 492 812 Attamen
514 766 787 830 experientia
811 762 1090 831 compertum
1114 767 1173 812 est
1199 766 1519 829 gonorrhoeam
1539 765 1724 830 quidem
1751 798 1765 818 ,
1795 783 1890 830 quae
1911 767 1958 812 in
1982 783 2060 813 ve-

217 827 360 876 ficulis
379 831 622 878 seminariis
651 830 820 877 tantum
835 848 909 877 aut
929 830 1128 895 prostatis
1150 830 1299 877 sedem
1323 830 1530 877 habuerit
1546 864 1560 884 ,
1580 830 1714 876 rarius
1740 830 1786 876 in
1816 830 2060 878 abscessum

215 895 519 956 degener-aro,
543 894 631 942 {ive
656 896 778 958 quod
797 900 935 957 major
962 895 1222 957 firmiorque
1245 895 1420 941 illarum
1443 895 1581 942 moles
1603 894 1943 948 dilacerationi,
1967 896 2058 944 fine

216 960 303 1022 qua
330 959 580 1025 suppuratio
616 961 735 1005 nulla
761 960 810 1005 lit
840 994 852 1013 ,
886 962 1024 1022 magis
1062 959 1219 1005 resistat
1249 978 1260 1012 3
1290 960 1379 1007 five
1402 961 1525 1023 quod
1554 959 1692 1005 multa
1713 993 1725 1012 ‚
1753 960 1838 1006 lata
1856 994 1868 1012 ,
1900 960 2058 1008 brevia

220 1024 440 1071 emissaria
457 1059 468 1076 ‚
499 1042 593 1088 quae
611 1043 665 1071 ex
688 1025 772 1069 illis
792 1024 987 1088 partibus
1010 1025 1056 1068 in
1088 1024 1312 1070 urethram
1333 1025 1590 1088 aperiuntur
1607 1057 1619 1075 ‚
1641 1023 1902 1071 liberiorem
1934 1025 2055 1072 viam

223 1087 407 1136 haerenti
424 1096 469 1136 ὃς
489 1105 700 1153 corrupto
722 1088 878 1134 semini
901 1089 1125 1149 praebeant
1144 1122 1157 1140 ‚
1185 1089 1304 1134 unde
1324 1089 1490 1134 minori
1518 1087 1713 1134 efficacia
1734 1089 2054 1138 concludentes

218 1154 398 1199 cellulas
424 1154 558 1200 debet
578 1154 767 1200 erodere
793 1173 802 1198 :
821 1153 992 1199 Contra
1015 1154 1121 1199 vero
1138 1153 1456 1215 gonorrhoeam
1478 1188 1490 1206 ,
1512 1153 1557 1199 in
1575 1152 1661 1216 qua
1676 1153 1893 1215 glandulae
1910 1156 2051 1201 Cow-

214 1218 406 1280 perianae
434 1218 592 1264 affeerae
623 1218 721 1263 suut
738 1251 749 1270 ,
770 1218 816 1262 in
837 1217 1075 1263 absceffum
1106 1217 1384 1280 frequentius
1409 1217 1532 1264 abire
1551 1250 1564 1270 ,
1592 1219 1762 1264 ratione
1787 1219 2010 1265 contrarii
2031 1254 2045 1272 ,

217 1280 304 1328 five
324 1282 444 1345 quod
465 1283 674 1328 minor&
705 1283 885 1328 mollior
911 1282 1086 1327 illarum
1118 1283 1256 1328 moles
1275 1282 1444 1328 facilius
1463 1298 1796 1344 corrumpatur3
1816 1283 1904 1329 sive
1923 1284 2046 1346 quod

211 1345 363 1392 semen
393 1347 506 1393 inibi
539 1347 799 1399 collefihim,
817 1346 918 1392 curn
953 1346 1118 1410 longo,
1140 1346 1327 1411 obliquo
1345 1381 1356 1398 ,
1379 1348 1559 1409 angusto
1589 1347 1722 1392 duCtu
1748 1347 1792 1392 in
1814 1348 2044 1394 urethram

210 1409 467 1457 effundatur
484 1446 496 1465 ‚
517 1410 682 1457 diutius
708 1412 756 1456 in
775 1411 871 1477 ipsis
892 1412 1056 1459 restitet
1074 1445 1086 1464 ,
1107 1428 1239 1476 atque
1261 1412 1373 1459 adeo
1392 1413 1583 1477 ipsarum
1596 1427 1854 1458 contextum
1868 1431 2047 1477 promp-

213 1475 296 1521 tius
321 1476 564 1540 peffundet.

270 1541 491 1587 Caeterum
519 1550 578 1586 10.
609 1544 644 1586 A
664 1540 1087 1604 quacumquecausi
1107 1575 1120 1592 ,
1141 1545 1187 1586 &
1216 1540 1262 1585 in
1287 1539 1566 1603 quacumque
1594 1539 1772 1604 perinaei
1793 1555 1916 1604 parte
1944 1540 2043 1605 sup-

215 1606 392 1669 puratio
414 1606 487 1651 fiat
503 1640 512 1657 ‚
539 1606 830 1670 symptomata
850 1606 1000 1652 omnia
1019 1638 1031 1656 ‚
1050 1623 1143 1667 quae
1173 1605 1489 1668 gonorrlioeam
1521 1605 1791 1664 comitantur
1811 1639 1822 1657 ,
1845 1622 1892 1650 ut
1908 1604 2043 1667 dysu-

211 1670 276 1715 ria
301 1687 430 1716 urens
452 1688 464 1723 3
486 1686 633 1716 tumor
654 1705 665 1722 ‚
689 1670 836 1722 calor,
869 1671 1030 1722 dolor,
1051 1669 1188 1715 tensio
1205 1704 1216 1722 ,
1253 1669 1390 1715 rubor
1421 1669 1627 1734 perinaei,
1646 1669 1738 1714 imo
1764 1668 1890 1732 ipsius
1916 1672 2041 1734 penis

212 1734 401 1779 multum
435 1734 758 1787 intenduntur3
791 1752 872 1781 nec
898 1735 1088 1787 mirum,
1120 1733 1220 1780 cum
1245 1732 1500 1800 suppuratio
1535 1734 1751 1798 incipiens
1783 1733 1831 1779 sit
1862 1735 2040 1782 ultimus

207 1798 573 1845 inflammationis
594 1799 767 1862 gradus.

272 1871 331 1908 2⁹.
364 1865 488 1921 Quin
515 1864 607 1909 imo
626 1863 797 1910 accedit
821 1862 951 1910 dolor
971 1862 1209 1928 pulsativus
1229 1862 1479 1909 manifestus
1495 1897 1508 1914 ,
1529 1861 1743 1925 quoniam
1775 1864 1943 1909 arteriae
1959 1882 2039 1928 per

205 1943 378 1993 partem
406 1929 724 1974 inflammatam
751 1934 796 1974 δε
815 1927 1117 1993 suppurationi
1135 1928 1384 1991 proximam
1405 1926 1643 1973 distributae
1664 1960 1677 1978 ,
1698 1926 1798 1972 cum
1816 1930 2039 1991 stagnante

205 1992 418 2055 sanguine
452 2009 684 2056 turgeant,
723 1991 776 2038 ab
796 2010 851 2038 eo
877 1994 955 2057 qui
973 1993 1136 2056 jugiter
1170 1992 1348 2056 appellit
1374 1991 1574 2055 qualibet
1595 1991 1743 2037 cordis
1772 1992 1956 2053 systole,
1992 2000 2039 2040 &

205 2059 346 2121 magis
375 2064 420 2103 ὃ(
442 2057 628 2105 validius
645 2057 886 2104 dilatantur
901 2093 914 2111 ‚
933 2076 982 2103 ac
1007 2057 1197 2122 proinde
1216 2058 1514 2104 alternatione
1531 2055 1690 2103 eadem
1707 2057 1910 2105 dolentes
1934 2077 2036 2122 par-

204 2138 270 2170 tes
291 2121 596 2169 vehementius
615 2129 660 2169 &
681 2122 916 2169 dolorifice
933 2123 1153 2185 quatiunt.

269 2197 330 2248 3⁰.
365 2190 424 2233 At
443 2189 552 2234 vero
578 2186 690 2233 fasta
711 2187 844 2234 semel
866 2187 1180 2252 suppuratione
1198 2220 1210 2239 ‚
1234 2185 1520 2232 remittuntur
1552 2184 1844 2249 symptomata
1882 2186 2035 2232 omnia

196 2269 298 2316 >quat
329 2253 649 2299 recruduerant
666 2286 678 2304 ‚
700 2252 918 2315 celsatque
947 2251 1186 2316 pulsativus
1213 2251 1346 2296 dolor
1365 2284 1377 2302 ‚
1413 2251 1517 2314 quia
1548 2250 1686 2296 soluta
1707 2251 1911 2296 continui
1936 2252 2035 2298 uni-

205 2332 322 2368 tate,
340 2316 536 2363 sauciatae
571 2323 618 2362 δέ
653 2315 830 2362 disciffae
855 2332 998 2381 partes
1033 2321 1120 2378 jam
1146 2314 1289 2363 minus
1308 2316 1581 2367 tenduntur,
1600 2332 1649 2360 ac
1674 2315 1908 2361 circulanti
1935 2316 2035 2361 san-

205 2381 330 2444 guini
351 2381 542 2428 debilius
568 2381 753 2426 obstant.

267 2454 333 2501 4⁰.
362 2449 444 2491 Pus
468 2447 515 2491 in
536 2445 728 2491 abscessu
746 2446 884 2490 latens
901 2478 912 2496 ,
933 2462 1015 2507 pro
1043 2443 1253 2507 qualitate
1279 2443 1415 2507 magis
1441 2441 1511 2488 vel
1530 2441 1674 2488 minus
1689 2442 1806 2495 acri,
1825 2442 1936 2488 finus
1955 2442 2034 2489 fibi

204 2509 327 2555 cudit
347 2510 492 2556 varios
513 2511 703 2573 partium
722 2511 842 2569 juxta
865 2509 1098 2567 positarum
1118 2509 1320 2554 erosione
1341 2542 1352 2561 ‚
1382 2508 1453 2554 vel
1481 2506 1722 2553 introrsum
1743 2541 1755 2558 ,
1785 2513 1830 2553 ὃ(
1852 2523 1956 2552 tunc
1980 2524 2033 2554 ex

206 2574 387 2620 urethra
410 2574 548 2621 effluit
567 2592 578 2627 3
603 2574 673 2620 vel
688 2574 935 2620 extrorsum
950 2608 962 2626 ,
979 2580 1024 2619 &
1047 2589 1150 2619 tunc
1174 2574 1197 2619 ὰ
1218 2574 1410 2637 perinaeo
1442 2588 1617 2624 manat3
1638 2571 1708 2617 vel
1729 2571 1775 2616 in
1802 2589 2034 2635 utramque

203 2655 399 2701 partem,
428 2645 473 2685 &
507 2655 612 2685 tunc
642 2639 851 2701 utrinque
882 2637 1064 2702 profluit
1090 2672 1103 2689 ‚
1139 2644 1183 2684 &
1217 2638 1271 2683 ab
1304 2636 1510 2689 urethrfi,
1543 2641 1590 2682 ὃ(
1619 2636 1642 2681 εἰ
1666 2636 1872 2700 perinaeo.
1907 2637 2033 2695 Quin

202 2704 337 2748 etiam
364 2704 556 2750 vidimus
596 2720 688 2749 non
718 2702 850 2749 semel
882 2703 1109 2748 cuniculos
1138 2702 1382 2748 istiusmodi
1404 2703 1448 2747 in
1472 2701 1652 2747 urethra
1687 2706 1732 2746 &
1768 2701 1815 2746 in
1839 2701 2029 2765 perinaeo

201 2767 515 2830 multiplicati,
545 2768 636 2813 imo
663 2767 768 2813 verb
800 2767 978 2832 pertusis
1008 2767 1114 2814 re&i
1147 2767 1307 2813 tunicis
1341 2767 1388 2811 in
1423 2766 1630 2829 podicem
1662 2766 1857 2828 aperiri,
1888 2765 1950 2810 ita
1980 2781 2029 2811 ut

204 2831 395 2876 urethrae
413 2826 631 2895 principio
665 2838 709 2878 ὃ(
735 2832 806 2877 ani
825 2849 1026 2877 extremo
1050 2849 1149 2876 cum
1169 2831 1361 2894 perinaeo
1388 2848 1463 2894 per
1499 2830 1590 2875 vias
1610 2829 1797 2875 latentes
1823 2847 2028 2874 commu-

201 2895 453 2941 nicantibus
471 2930 482 2948 ,
505 2899 633 2942 urina
648 2929 659 2947 ‚
690 2914 768 2958 pus
788 2929 799 2946 ‚
832 2895 957 2941 faeces
987 2896 1140 2941 alvinae
1159 2895 1424 2957 liquidiores
1441 2928 1452 2946 ,
1477 2894 1691 2955 flatusque
1721 2893 1900 2940 urethrzi
1914 2927 1928 2946 ,
1946 2912 2028 2958 po⁶

199 2960 301 3006 dice
320 2994 332 3012 ,
354 2977 427 3005 aut
447 2961 625 3023 perinaei
647 2959 791 3005 fistulis
805 2958 1052 3022 promiscue
1074 2975 1437 3005 excernerentur.

264 3033 330 3087 5⁰.
362 3025 479 3070 Calli
511 3025 623 3071 varii
654 3024 824 3069 sinuum
859 3023 997 3070 latera
1029 3023 1119 3068 cito
1149 3022 1387 3076 obsident,
1419 3022 1632 3086 quoniam
1670 3021 1874 3068 haerentis
1908 3021 2026 3086 puris

200 3089 421 3153 particulae
443 3108 534 3135 non
560 3107 702 3153 paucae
720 3087 932 3152 limpham
955 3106 1038 3152 per
1066 3088 1259 3134 confinia
1291 3088 1577 3133 circulantem
1615 3087 1673 3131 ita
1700 3086 1923 3150 inspiffant
1941 3121 1954 3139 ‚
1980 3103 2028 3132 ut

200 3155 411 3200 inassueta
439 3155 623 3200 durities
644 3153 748 3200 inde
768 3153 1032 3199 concilietur
1048 3188 1061 3207 ‚
1077 3153 1201 3219 quod
1217 3152 1463 3219 promptius
1482 3152 1592 3201 solet
1607 3151 1810 3198 accidere
1826 3185 1838 3203 ,
1856 3150 1886 3196 fi
1904 3151 2029 3200 urina

199 3234 276 3266 aut
299 3218 425 3269 faeces
444 3220 492 3270 in
508 3218 620 3268 sinus
640 3219 740 3267 illos
753 3219 1013 3284 irrumpant.
1659 3220 1691 3262 B
1705 3215 1734 3262 b
1761 3216 1810 3277 iij

2131 445 2239 491 Quot
2251 447 2332 488 loca

2104 491 2236 535 soleant
2261 500 2334 536 ab·

2103 546 2248 585 scedcre
2274 552 2310 588 in

2107 611 2253 648 gonor-

2102 649 2209 689 rhoezi
2221 656 2255 688 δε
2267 658 2342 689 cuc'

2101 702 2292 740 abscedant
2314 710 2334 741 ἓ

2135 1556 2322 1607 sympto-

2089 1619 2191 1645 mata
2222 1608 2291 1645 ab-

2091 1659 2224 1699 scessus
2257 1661 2293 1697 in

2091 1715 2256 1763 perinaeO.

2124 1796 2156 1819 1-
2177 1787 2319 1823 Recru-

2090 1834 2239 1872 descunt

2089 1886 2320 1939 symptoma-

2090 1952 2126 1976 ta
2146 1954 2292 1988 gonor-

2089 1992 2215 2032 thoe'ae,

2137 2079 2170 2102 2.
2195 2066 2316 2106 Dolor

2085 2118 2303 2169 pulsativus.

2145 2201 2159 2235 3
2204 2188 2314 2225 Facta

2086 2236 2317 2289 suppuratio-

2085 2303 2125 2325 ne
2145 2303 2269 2327 omma.

2086 2343 2289 2381 remittun-

2088 2405 2161 2430 tur.

2086 2477 2110 2507 4
2146 2464 2315 2504 Cuniculi

2083 2514 2117 2550 in
2132 2517 2235 2553 vatia
2247 2517 2312 2554 lo-.

2081 2581 2138 2607 ca.

2143 3040 2177 3071 5.
2208 3025 2305 3069 Calli·

2075 3078 2195 3117 multi.
