2477 3643
226 217 389 263 Curatio.

460 130 554 178 '188
803 127 920 176 DE
989 126 1374 176 MORBIS
1440 125 1973 174 VENEREIS.

452 221 462 230 ·
521 205 709 251 carasio.
745 207 888 252 Omni
906 205 1042 271 opera
1072 205 1366 252 annitendum
1385 207 1443 251 est
1464 222 1510 251 ut
1548 205 1821 270 phlegmone
1841 207 1913 255 vel
1933 205 2290 272 erysipelatodaess

460 267 685 334 phlogosis
714 269 959 317 resolvatur
981 286 1054 316 aut
1086 271 1314 332 mitigetur
1337 287 1347 320 ·,
1375 269 1604 317 edulcetur
1629 272 1762 324 urinae
1791 271 2034 318 acrimonia
2052 304 2066 325 ,
2106 276 2152 318 δε
2175 288 2284 321 con-

462 349 735 398 temperetur
762 334 1016 382 affedtarum
1035 335 1226 399 partium
1244 335 1376 379 aestus.

532 407 593 443 10.
626 399 699 444 Ad
719 399 835 451 hunc
855 400 989 446 finem
1010 399 1186 463 prodest
1205 398 1419 462 praecipue
1448 396 1667 462 sanguinis
1686 399 1824 446 miffio
1842 400 1961 462 larga
1981 404 2026 445 ὃς
2044 397 2280 463 frequens,

460 467 506 509 ὃ(
541 464 672 508 initio
699 463 849 510 saltem
869 464 1024 526 quarta
1051 463 1225 526 quaque
1255 463 1363 509 hora
1384 462 1676 517 celebranda3
1697 482 1842 528 neque
1873 466 1993 510 enim
2016 464 2134 510 aliud
2156 467 2282 527 quic-

458 545 592 590 quam
621 529 882 591 praestantius
914 544 985 574 aut
1010 527 1228 574 efficacius
1245 529 1451 574 novimus
1466 528 1520 573 ad
1537 528 1938 576 inflammationem
1957 529 2246 576 minuendam
2263 563 2280 582 ,

459 598 507 638 δε
545 592 748 638 haerentis
774 592 995 655 sanguinis
1022 593 1342 639 resolutionem
1362 593 1737 655 promovendam.

525 665 587 701 20.
626 656 804 703 Debent
834 657 1076 720 genitalia,
1112 658 1235 722 penis
1255 693 1266 709 ‚
1300 656 1494 703 scrotum
1516 691 1528 709 ‚
1565 658 1802 721 perinaeum
1841 656 1996 705 foveri,
2028 656 2279 705 identidem

454 720 564 767 lacte
593 720 827 784 subrepido
856 722 929 767 vel
957 722 1145 768 decocto
1179 722 1337 767 radicis
1375 722 1533 767 althaeae
1555 728 1601 768 δε
1624 721 1799 767 seminis
1822 719 1934 774 lini5
1963 721 2073 784 quin
2102 722 2194 767 imo
2224 740 2277 769 ex

454 785 565 832 lacte
584 819 597 838 ‚
624 786 694 831 vel
717 803 769 832 ex
790 786 874 831 hoc
895 785 1081 832 decocto
1103 786 1269 833 debent
1294 786 1531 850 semicupia
1559 785 1634 832 seu
1658 784 1832 832 inseffiis
1862 787 2016 849 parari.
2274 836 2278 840 ,

518 859 581 911 30.
611 849 727 895 Cum
752 866 967 914 aegrotans
998 869 1080 897 nec
1103 851 1346 915 semicupio
1367 851 1537 915 semper
1568 850 1757 897 infidere
1778 850 1934 914 poffit,
1961 867 2041 895 nec
2072 849 2277 896 dolentes

449 930 597 977 partes
614 914 773 961 fovere
792 915 963 980 semper
985 949 996 967 ,
1017 916 1282 980 apponenda
1309 915 1407 960 sunt
1435 915 1740 978 cataplasmata
1761 914 1966 976 anodyna
1984 949 1995 967 ,
2017 929 2065 958 ut
2086 913 2142 960 de
2160 915 2276 960 mica

447 979 572 1041 panis
601 996 702 1024 cum
730 980 841 1026 latite
877 986 922 1026 &
956 982 1034 1026 ovi
1063 981 1248 1033 vitello;
1284 981 1356 1027 vel
1381 981 1437 1027 de
1464 980 1585 1025 lacfftis
1614 997 1734 1026 crem
1847 982 2015 1027 recenti
2047 983 2091 1023 δέ
2123 978 2274 1027 subte-

446 1042 557 1108 pido
590 1061 601 1095 3
634 1044 706 1090 vel
734 1045 791 1091 de
825 1045 1019 1093 medulla
1045 1045 1176 1091 cassiae
1207 1051 1293 1091 δίε.
1321 1063 1416 1108 quae
1451 1043 1623 1091 affectas
1652 1062 1728 1108 par
1783 1093 1787 1096 ,
1816 1043 1912 1090 ‘late
1938 1059 2274 1106 contegantsat-

449 1125 537 1170 que
560 1110 944 1173 comprehendant
963 1144 976 1164 ‚
998 1115 1044 1156 δε
1075 1128 1168 1173 quae
1200 1126 1428 1157 mutentur
1453 1108 1600 1174 saepius
1626 1110 1674 1154 in
1700 1110 1772 1157 die
1791 1144 1804 1162 ,
1836 1126 1892 1156 ne
1927 1110 2119 1157 siccitate
2142 1109 2273 1157 nimis

443 1171 729 1220 indurentur.

503 1245 570 1294 40.
600 1238 736 1284 Alvus
769 1239 916 1303 saepius
950 1239 1168 1287 abluenda
1200 1254 1405 1286 enemate
1433 1238 1726 1302 refrigerante
1754 1244 1798 1285 δε
1831 1240 2043 1301 anodyno
2062 1271 2075 1289 ,
2108 1255 2164 1285 ex
2190 1238 2271 1285 den

445 1304 575 1347 coesto
603 1304 763 1349 radicis
790 1304 951 1350 althaeae
971 1311 1015 1351 δε
1039 1304 1216 1351 seminis
1236 1305 1318 1350 lini
1341 1321 1443 1350 cum
1462 1304 1592 1351 cassiae
1612 1304 1803 1351 medulla
1818 1336 1831 1356 ‚
1851 1305 2007 1352 addito
2034 1321 2176 1370 pauco
2198 1304 2268 1350 ni-

444 1381 517 1412 tro
550 1367 782 1430 purificato
800 1403 811 1421 ,
836 1370 909 1415 vel
937 1369 1023 1416 sale
1044 1369 1262 1433 prunellae.

513 1440 573 1492 50.
609 1433 731 1479 Licet
749 1434 900 1479 mietio
921 1435 1156 1480 dolorilica
1172 1434 1221 1479 sit
1242 1439 1288 1479 δε
1308 1431 1527 1486 difficilis,
1558 1439 1604 1480 δε
1637 1434 1742 1480 ideo
1771 1451 1864 1480 non
1895 1432 2100 1480 videatur
2134 1431 2265 1478 adaua

446 1497 593 1558 genda
624 1497 758 1543 urinae
794 1499 921 1562 copia
941 1533 952 1553 ‚
984 1501 1149 1563 praestat
1189 1516 1336 1544 tamen
1373 1500 1545 1545 urinam
1581 1499 1753 1546 diluere
1777 1504 1822 1544 δε
1849 1514 2125 1563 temperare,
2157 1515 2213 1543 ne
2237 1496 2267 1542 si

444 1561 592 1607 acrior
612 1563 716 1608 esset
737 1563 942 1609 rodendo
972 1563 1179 1609 morbum
1199 1563 1456 1610 intenderet
1475 1563 1580 1608 dum
1602 1564 1896 1610 emitteretur.
1930 1563 2160 1609 Conducit
2182 1563 2267 1608 ita-

444 1642 532 1687 que
565 1625 775 1688 frequens
809 1628 978 1692 potatio
1017 1628 1190 1692 ptisanae
1225 1627 1528 1690 refrigerantis
1558 1644 1716 1691 paratae
1747 1645 1800 1673 ex
1833 1626 1981 1673 infuso
2012 1628 2171 1674 radicis
2202 1628 2267 1673 al-

444 1689 562 1734 thaeae
582 1725 594 1742 ,
626 1690 802 1738 seminis
825 1693 935 1744 lini,
966 1693 1127 1739 florum
1150 1692 1301 1738 malvae
1331 1699 1417 1738 ἃς.
1450 1696 1571 1754 cujus
1600 1693 1723 1739 libris
1738 1692 1916 1756 fingulis
1933 1710 2068 1755 grana
2098 1693 2265 1757 aliquot

432 1753 552 1799 -nitri
583 1755 784 1827 depurati
807 1757 877 1803 vel
907 1756 1001 1803 salis
1021 1757 1229 1822 prunellae
1248 1757 1354 1802 addi
1372 1758 1562 1821 poss'unt.

506 1827 571 1863 60.
604 1821 849 1881 Injrcienda
878 1822 924 1866 in
952 1824 1178 1869 urethram
1218 1822 1283 1867 lac
1317 1823 1550 1868 vaccinum
1589 1822 1700 1885 aqua
1738 1822 1929 1868 dilutum
1957 1856 1970 1874 ‚
2010 1822 2081 1869 vel
2119 1822 2264 1872 serum

439 1881 561 1929 laetis
575 1917 586 1936 ‚
603 1885 673 1930 vel
692 1886 926 1932 decoctum
945 1887 1103 1933 radicis
1125 1886 1283 1932 althaeae
1316 1884 1597 1949 subtepidum
1615 1920 1628 1938 ,
1648 1886 1718 1932 vel
1744 1905 1856 1950 aqua
1884 1887 2106 1950 spermatis
2132 1906 2263 1935 rana-

439 1963 541 1991 rum
557 1982 568 1999 ,
590 1950 727 1994 modo
746 1949 873 2013 possit
892 1951 1071 2012 injecstio
1095 1951 1259 1997 institui
1280 1949 1368 1997 fine
1385 1950 1544 2014 infigni
1558 1951 1728 1998 doloris
1746 1967 1986 2014 augmento
2001 1984 2014 2004 ,
2033 1953 2157 2015 quod
2171 1955 2260 2002 levi

442 2015 490 2056 &
515 2010 714 2076 suspensa
737 2032 868 2059 manu
888 2016 1213 2079 explorandum
1231 2015 1304 2060 est.

503 2085 568 2131 70.
606 2077 802 2124 Demum
821 2080 1047 2126 narcotica
1075 2079 1330 2126 adhibenda
1350 2076 1450 2124 sunt
1468 2112 1480 2130 ‚
1504 2094 1551 2124 ut
1570 2077 1750 2142 syrupus
1769 2079 1996 2142 papaveris
2017 2080 2135 2134 albi,
2163 2082 2260 2128 lau-

435 2137 603 2187 vdanum
623 2175 634 2193 ,
655 2143 843 2188 &netum
864 2144 1071 2205 anodyna
1095 2151 1181 2191 &a
1214 2142 1306 2190 dosi
1332 2144 1632 2190 conveniente
1651 2175 1662 2195 ‚
1690 2160 1785 2206 quae
1816 2144 1993 2191 dolores
2011 2146 2260 2194 intoleran-

437 2203 520 2248 dos
549 2207 828 2271 compescant
846 2241 859 2260 ‚
886 2210 1214 2256 constricstiones
1242 2207 1430 2258 urethrae
1456 2207 1731 2255 convulsivas
1758 2207 1999 2256 cohibeant
2016 2243 2030 2262 ,
2065 2216 2110 2256 &
2142 2211 2259 2259 libe-

438 2266 604 2315 riorem
634 2272 937 2318 remediorum
958 2273 1083 2319 usum
1111 2274 1386 2339 permittant.

493 2338 573 2378 30»
592 2340 689 2382 Hac
721 2336 944 2401 therapeifi
965 2371 976 2389 ‚
999 2338 1026 2383 si
1051 2340 1176 2385 caute
1198 2344 1243 2384 δε
1262 2337 1466 2387 celeriter
1494 2336 1784 2389 adhibeatur,
1808 2335 1957 2383 morbi
1984 2336 2155 2384 ferocia
2186 2340 2262 2396 int

434 2412 506 2442 tra
540 2415 625 2446 tres
651 2417 899 2464 quatuorve
920 2402 1014 2448 dies
1047 2405 1120 2450 vel
1154 2404 1208 2449 ad
1240 2402 1459 2451 summum
1481 2402 1597 2447 intra
1621 2402 1694 2448 sex
1716 2401 1941 2464 mitigata,
1980 2402 2049 2448 vel
2084 2420 2258 2468 optatus

434 2461 631 2510 succedit
651 2466 826 2512 seminis
847 2467 1012 2530 putridi
1028 2469 1169 2517 fluxus
1187 2502 1200 2520 ,
1220 2468 1297 2531 qui
1326 2466 1516 2531 partium
1536 2466 1910 2513 inflamma-tarum
1938 2469 2257 2518 relaxationem

433 2527 620 2598 denotat
637 2564 650 2582 ,
680 2532 753 2578 vel
777 2530 866 2578 sine
895 2530 1016 2578 fluxu
1043 2533 1134 2590 ullo
1161 2533 1238 2596 qui
1269 2531 1528 2596 conspicuus
1554 2531 1602 2576 sit
1623 2565 1637 2584 ,
1671 2531 1891 2596 plilogosis
1927 2532 2079 2579 sensim
2116 2536 2260 2593 resolff

433 2608 568 2637 Vrtur.

501 2665 566 2713 90.
594 2660 653 2702 At
674 2658 782 2704 verb
815 2658 843 2703 si
872 2659 1053 2705 morbus
1086 2672 1242 2707 tenore
1273 2659 1433 2707 eodem
1461 2658 1709 2722 eademque
1737 2659 2020 2706 vehementia
2052 2661 2123 2709 sex
2160 2666 2252 2731 sep-

434 2737 581 2767 temve
609 2721 701 2766 dies
721 2723 904 2769 excedat
918 2758 929 2775 ‚
951 2723 1198 2787 periculum
1217 2725 1422 2772 imminet
1438 2758 1451 2777 ,
1477 2742 1535 2772 ne
1553 2725 1847 2771 inflammatio
1869 2725 1916 2770 in
1937 2725 2220 2792 suppuratum
2236 2765 2252 2785 ,

433 2801 507 2831 aut
534 2786 758 2850 phlogolis
778 2787 822 2832 in
843 2805 1122 2850 gangraenam
1144 2789 1404 2851 degeneret.

505 2868 520 2895 1
534 2859 596 2896 00.
615 2851 921 2907 Quamobrem
945 2869 1047 2898 tunc
1065 2888 1078 2906 ‚
1096 2852 1125 2898 si
1154 2872 1239 2917 qua
1260 2868 1496 2919 appareant
1517 2852 1840 2917 suppurationis
1857 2853 2111 2918 incipientis
2127 2859 2254 2906 indi-'

431 2916 498 2962 cia
519 2949 531 2967 ,
561 2916 751 2979 perinaeo
790 2916 1074 2964 admovenda
1112 2919 1419 2983 cataplasmata
1458 2919 1724 2965 maturantia.
1754 2925 1799 2964 &
1830 2919 2168 2982 putrefacientia
2193 2941 2247 2970 ex

428 2979 560 3043 pulpa
581 2979 780 3025 radicum
800 2982 995 3028 liliorum
1014 2983 1218 3029 alborum
1237 2989 1283 3029 δε
1301 2983 1461 3029 althaeae
1478 2988 1565 3029 δίε.
1592 2981 1808 3029 foliorum
1833 2984 2013 3031 acetosae
2031 3020 2043 3039 ‚
2064 2989 2213 3034 malva:
2230 3021 2243 3040 ,

431 3045 539 3092 betae
566 3048 651 3089 &c.
684 3062 785 3089 cum
814 3047 916 3092 oleo
942 3048 1140 3094 liliorum
1161 3081 1173 3098 ,
1202 3047 1362 3111 quibus
1390 3047 1660 3094 fermentum
1694 3048 1836 3094 acrius
1867 3049 1938 3095 vel
1969 3068 2245 3114 unguentum

430 3108 654 3156 bafilicum
681 3108 811 3168 adjici
838 3128 1048 3173 poterunt
1067 3146 1079 3164 ,
1106 3112 1134 3156 sl
1160 3113 1220 3157 ita
1248 3113 1270 3158 ὲ
1297 3130 1343 3158 re
1361 3112 1446 3158 effe
1466 3112 1684 3158 videatur,

494 3188 510 3220 i
529 3181 587 3218 ιο,
626 3174 967 3239 Quamprimum
993 3192 1138 3224 autem
1166 3177 1237 3226 vel
1257 3175 1467 3231 leviffima
1493 3177 1674 3228 latentis
1694 3176 1814 3240 puris
1846 3175 2070 3227 fluctuatio
2096 3180 2246 3244 perci-4
