2477 3643
175 207 259 238 mos
297 196 404 236 &ete-

178 264 305 288 mrum
326 263 379 287 xe-

178 304 328 356 gionum
345 328 355 346 ‚
376 301 409 337 in

178 355 312 407 quibus
334 354 410 391 lues

177 419 333 446 venerea

177 458 337 495 cuditur
351 470 408 495 en-

182 510 301 549 demia
321 507 414 550 fuis-

176 561 224 615 ge,

218 1677 349 1724 Neque
364 1668 425 1707 ad·

191 1727 361 1764 versatur

194 1784 350 1828 Europae

192 1828 400 1880 exemplum
415 1854 426 1871 ,

193 1885 257 1922 ubi
274 1895 317 1918 ex
336 1879 427 1916 fimi-

193 1938 289 1974 libus
308 1931 426 1969 mori-

195 1989 264 2025 bus
281 1984 392 2022 simile

196 2039 336 2078 malum
355 2035 426 2073 nfi-

197 2103 311 2141 quam
334 2101 425 2141 pro-

197 2143 279 2182 dut.

470 102 550 166 ῖς
818 101 924 149 DE
989 99 1952 151 MoRB1stNERE1s

463 184 641 249 fingulae
669 184 788 231 intra
816 182 992 231 Zonam
1018 183 1261 231 Torridam
1293 181 1381 229 sitae
1409 182 1492 229 fint
1511 216 1523 236 ‚
1550 184 1598 229 in
1623 183 1801 249 singulis
1829 182 2181 233 idemfuita'e’ris
2205 184 2299 234 fer:

465 269 550 298 vor
583 256 630 297 &
659 252 776 297 aestus
808 267 857 296 ac
883 250 932 295 in
963 247 1225 313 Hispaniolfi.
1249 249 1477 312 :Compar
1507 266 1688 312 quoque
1716 249 1803 296 fuit
1831 249 1879 295 in
1907 248 2084 313 singulis
2103 252 2303 315 impudi-

461 315 590 368 citia,
622 316 741 380 aeque
769 314 923 379 spurca
950 320 996 361 δε
1025 314 1074 359 in
1097 331 1311 361 venerem
1340 312 1634 376 promiscuam
1665 315 1785 377 aeque
1809 332 1964 379 prona.
2006 317 2104 367 Jam
2125 315 2307 363 abunde

461 396 619 427 notum
651 379 762 444 quid
792 382 849 425 de
879 378 1175 425 calidioribus
1205 378 1422 423 Americae
1452 378 1638 423 climatis
1667 378 1862 425 referant
1877 381 2120 432 Androtes,
2141 381 2218 444 qui
2246 381 2308 427 de

461 445 672 493 Amet-ica
699 444 831 506 primi
858 442 1086 508 scripsere.
1128 443 1288 506 Liquet
1321 441 1519 489 similiter
1549 460 1631 489 nec
1666 444 2017 490 continentiores
2046 443 2156 490 olim
2180 444 2310 492 fuisse

461 510 700 557 Africanos
713 543 725 561 ,
742 509 819 571 qui
836 507 1052 554 interiora
1068 507 1328 553 incolebant
1343 540 1356 559 ,
1374 524 1474 552 cum
1496 509 1673 553 testetur
1691 508 1854 554 Plinius
1872 508 2029 566 Histor.
2049 509 2146 554 Lib.
2165 526 2199 570 5.
2213 525 2308 573 cap.

463 580 500 621 8.
536 580 813 620 Garamantas
847 576 1184 618 matrimoniorum
1206 586 1356 616 exortes
1372 573 1512 635 paffim
1535 589 1620 618 cum
1646 574 1821 629 foeminis
1846 575 2001 637 degere.
2042 573 2111 619 Sic
2150 589 2304 619 narrat

463 638 737 703 Pomponius
771 635 892 681 Mela
907 670 920 688 ,
943 641 1011 682 De
1028 638 1112 695 fita
1129 635 1232 681 orbis
1255 635 1350 680 Lib.
1369 653 1399 681 1.
1418 650 1508 698 cap.
1527 643 1561 684 8.
1596 637 1733 699 Apud
1765 642 2044 682 Garamantas
2063 672 2073 682 .
2097 674 2108 684 .
2128 671 2138 682 .
2162 670 2172 682 .
2194 640 2304 685 nulli

463 719 616 752 certam
645 719 808 748 uxorem
839 702 908 761 effi:
927 720 940 744 .·
958 705 1034 746 Ex
1063 702 1124 746 his
1156 705 1225 762 qni
1252 715 1335 745 tam
1362 701 1514 760 confitfh
1535 714 1748 763 parentum
1780 705 1879 746 caim
1904 702 2044 765 paffim
2080 705 2303 764 incertique

466 769 686 828 nasi-untur
705 804 715 819 ,
747 782 839 827 qnos
870 779 944 827 pro
968 766 1053 823 sitis
1084 766 1242 817 colant,
1268 765 1404 823 forma
1424 765 1687 825 fimilitnoi'ine
1725 767 1953 828 agnoscunt.
1997 765 2120 812 Idem
2150 765 2299 812 ibidem

468 834 529 879 ait
556 833 805 892 Augilarum
815 828 1171 888 foeminisfhlemne
1193 830 1261 889 effe
1282 867 1296 881 ‚
1329 830 1436 874 noble
1456 827 1538 891 qud
1568 827 1720 873 mabam
1739 867 1752 882 ‚
1774 833 1945 874 omnium
1972 830 2106 894 stupro
2130 845 2274 894 patere
2288 868 2306 885 ,

470 900 540 960 qui
560 913 646 941 cum
664 909 825 939 munere
847 893 1106 938 advenerint.
1133 896 1329 938 Demum
1352 892 1408 938 de
1427 892 1651 954 indigenis
1671 926 1683 944 ,
1706 892 1782 954 qui
1802 893 2030 956 plagarum
2051 910 2125 939 aut
2140 894 2308 940 Insula-

470 978 569 1006 rum
588 957 890 1005 Orientalium
914 955 1020 1002 Asia:
1042 990 1053 1008 ,
1080 975 1172 1020 quse
1193 961 1327 1002 Zona:
1351 957 1556 1002 Totriclae
1578 956 1775 1014 subjectae
1804 956 1901 1002 sunt
1920 991 1932 1008 ,
1950 958 2166 1019 judicium
2187 957 2307 1006 ferre

471 1026 578 1071 licet
596 1022 650 1068 ab
671 1022 876 1086 exemplo
898 1038 1052 1067 eorum
1068 1056 1080 1072 ,
1100 1021 1176 1084 qui
1193 1022 1240 1066 in
1255 1021 1410 1066 Infulis
1423 1055 1435 1073 ,
1455 1021 1668 1067 Marianis
1686 1021 1811 1067 dictis
1825 1055 1837 1073 ,
1861 1022 2114 1068 inhabitant
2131 1057 2144 1075 ,
2165 1028 2209 1069 &
2227 1024 2304 1086 qui

473 1091 578 1136 teste
600 1092 654 1134 R.
673 1090 719 1133 P.
747 1087 787 1132 le
810 1085 988 1133 Gobien
1006 1120 1018 1138 ‚
1036 1086 1233 1149 ‚Histoire
1247 1087 1312 1131 des
1328 1089 1422 1146 Ifles
1438 1090 1664 1133 Marianes
1683 1120 1695 1139 ,
1713 1091 1820 1132 Liv.
1843 1103 1879 1132 2.
1899 1087 2146 1151 complures
2162 1121 2174 1140 ,
2197 1088 2308 1134 initii

474 1152 762 1199 contubernii
792 1149 1030 1203 societate,
1058 1150 1353 1196 communi&
1375 1150 1531 1196 eadem
1553 1151 1738 1196 muliere
1760 1151 1824 1196 uti
1859 1150 2016 1198 solent.
2051 1152 2169 1197 Cum
2198 1170 2307 1216 ergo

471 1220 519 1264 in
539 1216 747 1263 omnibus
760 1232 883 1262 terrae
904 1215 1012 1260 locis
1028 1248 1040 1267 ‚
1064 1214 1138 1260 ubi
1161 1215 1253 1261 lues
1272 1232 1462 1261 venerea
1477 1216 1717 1278 antiquitus
1731 1215 1939 1262 endemia
1956 1215 2081 1263 fuisse
2101 1216 2278 1264 videtur
2294 1252 2308 1270 2

473 1283 686 1329 eumdem
703 1280 813 1326 a‘e'ris
832 1278 1070 1326 fervorem
1085 1298 1186 1325 cum
1201 1280 1296 1343 pari
1314 1280 1564 1325 incolarum
1577 1279 1858 1343 impudicitia
1879 1283 2162 1342 conjunctim]
2182 1282 2310 1329 fuisse

471 1345 754 1393 manifestum
773 1344 823 1390 fit
838 1378 850 1396 ,
874 1343 992 1390 haud
1009 1344 1149 1390 inanis
1177 1344 1281 1390 inde
1303 1344 1424 1390 locus
1441 1346 1501 1391 est
1519 1343 1760 1407 colligendi
1780 1344 1987 1390 morbum
2005 1346 2161 1391 natura
2179 1364 2304 1393 eum-

473 1412 579 1458 dem
593 1446 608 1464 ‚
622 1429 711 1474 quo
743 1410 948 1472 regiones
968 1408 1216 1471 longissime
1237 1409 1383 1454 diffitae
1400 1442 1414 1462 ,
1436 1415 1480 1455 &
1500 1409 1616 1455 inter
1634 1426 1739 1471 quas
1771 1409 1890 1454 nulla
1917 1409 2003 1455 fuit
2034 1412 2298 1457 commercii

482 1475 746 1523 communio
764 1508 776 1527 ,
794 1473 922 1518 simili
951 1473 1091 1518 modo
1120 1472 1436 1519 infestabantur
1457 1508 1468 1526 ,
1488 1473 1511 1518 :i
1531 1473 1659 1518 fimili
1678 1473 1899 1519 caularum
1918 1475 2175 1522 earumdem
2196 1494 2308 1521 con-

478 1540 607 1587 cursu
626 1575 639 1593 ,
658 1540 706 1585 in
740 1556 832 1602 quo
862 1536 1034 1583 tantum
1065 1539 1388 1590 convenirent,
1411 1554 1670 1600 generatum
1703 1537 1811 1583 olim
1838 1536 1962 1586 fuiffe
1980 1573 1995 1592 ,
2027 1545 2072 1586 &
2100 1542 2310 1603 generari

473 1608 717 1653 etiamnum
739 1637 752 1655 ‚
772 1602 803 1647 fi
823 1603 1043 1665 indigenae
1070 1601 1227 1648 iisdem
1256 1603 1456 1648 moribus
1489 1603 1656 1648 vivant.

539 1668 781 1716 Videbitur
799 1666 951 1713 forsan
982 1667 1110 1712 allata
1131 1667 1285 1731 opinio
1305 1667 1548 1729 objecfitioni
1562 1684 1713 1731 patere
1737 1701 1749 1719 ,
1770 1684 1930 1732 nempe
1950 1668 2074 1729 quod
2091 1669 2305 1718 debuiffet

476 1735 525 1781 in
555 1736 636 1780 hac
662 1731 892 1797 hypothesi
917 1732 1010 1777 lues
1035 1749 1226 1778 venerea
1250 1732 1296 1778 in
1314 1732 1488 1796 Europa
1509 1733 1748 1796 antiquitus
1764 1731 1916 1796 sponte
1930 1735 2135 1795 generari
2155 1769 2166 1787 ‚
2199 1735 2307 1782 sicut

476 1802 523 1846 in
544 1797 688 1845 Insula
715 1797 840 1843 Haiti
864 1795 951 1842 five
972 1795 1234 1860 Hispaniolci
1253 1831 1264 1849 ,
1297 1796 1550 1860 creterisque
1579 1797 1690 1842 locis
1713 1797 1850 1843 modo
1868 1797 2100 1861 propositis
2121 1833 2131 1850 ‚
2166 1818 2307 1862 quan-

479 1864 725 1928 doquidem
755 1879 900 1925 neque
920 1861 967 1906 in
986 1860 1161 1925 Europa
1190 1880 1359 1908 novum
1386 1864 1445 1907 est
1471 1880 1569 1908 cum
1595 1862 1868 1908 menstruatis
1890 1879 1982 1907 rem
2000 1862 2177 1909 habere.
2217 1865 2305 1910 Sed

478 1931 567 1976 esto
588 1948 599 1982 3
621 1928 775 1974 demus
807 1927 853 1971 in
891 1925 1067 1989 Europa
1088 1943 1299 1972 venerem
1332 1927 1451 1989 aeque
1488 1927 1706 1991 impuram
1744 1926 1972 1979 exerceri3
2007 1945 2153 1989 neque
2185 1929 2305 1975 enim

479 1993 634 2040 contra
664 2008 862 2056 pugnare
881 1990 1054 2054 placet,
1082 2008 1349 2052 quamquam
1371 2009 1422 2037 ea
1440 2007 1587 2036 tamen
1609 1991 1745 2036 nimia
1767 1991 2017 2036 videantur.
2064 1992 2190 2048 Quid
2211 2009 2306 2039 tum

478 2059 585 2105 inde
607 2071 620 2104 Ξ
659 2062 795 2103 Luem
823 2072 1060 2101 veneream
1085 2054 1279 2100 debuiffe
1307 2056 1354 2100 in
1381 2055 1555 2118 Europa
1585 2054 1771 2119 perinde
1798 2055 1998 2117 generari
2019 2060 2062 2101 &
2082 2057 2202 2117 :eque
2223 2075 2306 2103 an-

479 2125 648 2186 tiquam
666 2120 749 2167 esse
766 2138 812 2166 ac
827 2120 873 2164 in
889 2118 1148 2182 Hispaniolzi
1163 2132 1176 2165 Ξ
1192 2121 1466 2182 Neutiquam
1483 2119 1579 2166 sane
1593 2153 1606 2171 ,
1624 2136 1768 2182 neque
1787 2120 1907 2165 enim
1923 2120 1970 2164 in
1984 2121 2159 2183 Europa
2175 2155 2187 2172 ,
2204 2121 2306 2170 cuin

480 2186 768 2252 temperatior
783 2185 833 2230 fit
847 2218 859 2236 ‚
874 2183 992 2229 adest
1007 2183 1163 2229 eadem
1177 2185 1222 2228 in
1239 2184 1438 2230 virorum
1457 2183 1620 2235 semine
1636 2184 1880 2229 acrimonia
1891 2218 1906 2237 ‚
1923 2185 2078 2230 eadem
2092 2185 2138 2229 in
2158 2186 2303 2232 mens·

479 2269 582 2299 truo
600 2250 810 2314 sanguine
827 2248 1066 2294 virulentia
1082 2281 1094 2299 ,
1119 2248 1238 2294 idem
1256 2248 1301 2293 in
1317 2265 1445 2295 utero
1465 2249 1702 2294 mulierum
1716 2246 1871 2294 fervor
1891 2282 1903 2301 ,
1934 2248 2082 2312 quales
2097 2249 2144 2294 in
2161 2250 2305 2297 Insula

478 2317 606 2365 Haiti
627 2313 808 2361 adfuisse
824 2313 1060 2377 probatum
1078 2314 1136 2358 est
1151 2347 1162 2365 ‚
1185 2313 1303 2360 uncle
1322 2332 1403 2360 nec
1418 2313 1575 2360 eadem
1590 2312 1830 2377 utrobique
1850 2313 2139 2376 symptomata
2156 2314 2304 2361 fimul-

480 2398 612 2428 raneo
630 2379 853 2426 causarum
873 2375 1087 2424 concursu
1104 2377 1293 2423 suboriri
1308 2397 1503 2441 unquam
1519 2394 1773 2442 potuerunt.
1791 2378 1986 2424 Proinde
2001 2412 2016 2428 ,
2031 2393 2077 2422 ut
2093 2396 2186 2425 rem
2205 2398 2308 2443 pau-

480 2448 542 2492 cis
560 2443 938 2509 comprehendam
956 2475 968 2493 ,
984 2441 1038 2487 de
1054 2442 1220 2488 morbis
1237 2443 1561 2489 &morborum
1579 2442 1711 2488 caufis
1726 2442 1817 2488 dici
1834 2442 1999 2488 debent
2017 2441 2173 2489 eadem
2187 2477 2200 2495 ,
2213 2462 2308 2507 quae

479 2511 538 2557 de
569 2510 826 2557 animalium
851 2523 953 2552 ortu
975 2540 988 2558 ,
1025 2521 1097 2551 aut
1116 2507 1363 2570 plantarum
1380 2508 1702 2571 germinatione
1721 2506 1798 2552 sub
1818 2505 1995 2553 diverso
2014 2508 2142 2553 coelo.
2183 2509 2308 2555 Sicut

481 2592 592 2637 ergo
624 2575 669 2620 in
697 2573 871 2636 Europa
899 2588 980 2617 nec
1007 2569 1157 2616 leones
1178 2589 1420 2633 generant,
1442 2590 1522 2618 nec
1544 2572 1671 2617 simiae
1703 2571 1873 2634 prolem
1893 2571 2042 2617 ferunt
2060 2604 2073 2623 ,
2101 2589 2182 2618 nec
2210 2573 2306 2635 psit-

481 2639 569 2684 taci
584 2638 815 2683 nidificant
831 2670 843 2689 ‚
862 2653 943 2682 nec
958 2634 1163 2699 pleraque
1177 2636 1423 2700 plantarum
1439 2637 1692 2683 Indicarum
1708 2652 1781 2681 aut
1796 2636 2161 2682 Americanarum
2177 2635 2306 2682 semi-

481 2720 539 2748 na
557 2736 569 2754 ,
601 2702 677 2749 etsi
703 2701 797 2747 solo
825 2700 1091 2746 mandentur
1110 2733 1122 2752 ,
1153 2700 1179 2745 ὲ
1207 2701 1321 2747 terra
1349 2717 1585 2765 erumpunt
1607 2735 1618 2752 ‚
1649 2716 1722 2745 aut
1750 2699 1901 2746 saltem
1935 2697 2219 2752 adolescunt3
2245 2700 2304 2748 fic

481 2785 568 2815 nec
596 2766 688 2813 lues
716 2783 904 2812 venerea
928 2763 1072 2827 potuit
1096 2782 1291 2826 unquam
1318 2765 1366 2809 in
1391 2763 1567 2828 Europa
1585 2764 1729 2812 enasci
1755 2781 1806 2809 ex
1840 2762 1998 2808 iisdem
2017 2762 2148 2809 causis
2164 2799 2176 2816 ,
2206 2766 2307 2828 qui,-

481 2830 565 2877 bus
592 2830 701 2877 olim
720 2831 767 2876 in
786 2826 1044 2893 Hispaniola
1067 2830 1264 2889 genitam
1281 2828 1407 2874 fuisse
1429 2830 1688 2891 conjicimus
1706 2862 1719 2881 ,
1754 2827 1856 2889 quia
1874 2827 2112 2890 unicuique
2138 2829 2304 2876 climati

483 2896 560 2942 sua
587 2897 696 2942 inest
724 2894 949 2958 singularis
979 2893 1223 2955 proprietas
1244 2927 1256 2945 ‚
1290 2893 1393 2956 quia
1423 2912 1516 2956 quae
1549 2897 1597 2940 in
1631 2911 1720 2939 uno
1753 2891 1906 2955 sponte
1940 2892 2156 2944 veniunt,
2188 2893 2307 2940 null&⁵

487 2977 581 3005 arte
606 2959 780 3024 possunt
808 2961 854 3005 in
883 2958 1022 3004 altero
1049 2958 1289 3019 provenire
1306 2990 1319 3012 ‚
1351 2975 1440 3005 uno
1464 2959 1632 3013 verbo,
1655 2974 1702 3006 ut
1724 2975 1822 3004 cum
1847 2955 1982 3003 Poeta
2003 2956 2308 3012 concludam,

486 3028 584 3088 quia
602 3042 676 3071 non
695 3025 910 3086 omnisfert
932 3024 1062 3068 omnia
1079 3025 1208 3070 tellus.

634 3165 682 3213 m
1849 3212 2109 3261 CAPUT
2175 3217 2303 3261 xri.
