2477 3643
681 141 1697 193 L1ntn1V.CA1³u·rIIL‘
1930 134 2028 215 '⁵307

195 224 289 275 ti'nt
303 228 315 278 ,’
331 223 434 274 hinc
448 219 730 270 fimultaneus
745 220 920 270 futurus
935 223 994 271 est
1008 224 1387 273 rheumaticorum
1402 231 1447 273 &
1464 225 1805 275 arthriticorum
1819 229 2029 280 dolorum
2076 246 2170 284 lores
2193 246 2304 283 rheu-

198 288 437 338 concursus
455 321 469 342 ‚
490 287 610 334 unde
632 287 813 334 dolores
833 288 1359 339 rheumatico-arthritici
1375 326 1388 344 ‚
1407 292 1565 340 tenfivi
1582 326 1594 345 ‚
1616 292 1847 357 pulsativi,
1878 313 1999 346 acres
2015 332 2029 353 ,
2076 300 2305 336 manico-at-

197 354 422 420 pungitivi
438 386 450 405 ‚
469 351 807 400 inflammatorii
821 387 834 406 ,
855 354 927 401 vel
946 372 1038 401 non
1055 353 1393 405 inflammator-ii
1410 375 1464 404 ex
1483 356 1617 404 causis
1635 357 1868 422 praeditstis.

261 424 281 465 1
297 425 351 468 V.
389 418 584 464 Dolores
609 419 835 482 osteocopi
852 452 864 470 ,
896 419 1057 482 quibus
1077 419 1169 467 ossa
1195 419 1345 486 frangi
1374 422 1612 474 videntur,
1643 422 1807 487 triplici
1828 423 1885 470 de
1905 425 2037 472 causa

196 481 329 530 ἥψω
367 485 428 529 1⁴².
462 482 508 530 Si
526 482 780 546 periostium
801 484 855 529 ab
874 484 1067 531 haerente
1093 485 1290 550 limth
1315 504 1410 551 quae
1428 487 1505 552 ipsi
1559 487 1707 551 roptia
1735 490 1820 541 est,
1848 490 2032 538 infletur

198 553 248 594 δε
265 548 480 613 praecipiti
499 546 720 610 sanguinis
740 549 950 595 confluxu
968 548 1270 597 inflammetur
1286 584 1301 604 ,
1327 551 1447 600 unde
1466 506 1600 599 dollor
1621 569 1749 599 atrox
1767 587 1781 607 ,
1812 555 2003 603 tenfivus
2018 589 2033 609 ,

195 629 275 659 aut
303 612 541 677 pulsativus
570 629 669 658 cum
690 613 839 660 calore
871 613 1058 660 summo.
1101 616 1166 660 2⁰.
1189 616 1235 662 Si
1263 615 1318 662 ab
1338 616 1546 665 effluente
1572 617 1742 683 limpha
1763 618 1922 666 ez‘ldem
1951 621 2031 669 sed

195 677 371 724 acriore
401 678 659 742 periostium
680 676 906 725 fodicetur
936 684 979 724 ὃ(
1010 679 1223 726 erodatur
1242 714 1255 733 ,
1288 682 1408 729 unde
1438 682 1570 729 dolor
1590 700 1687 728 acer
1708 688 1755 730 δε
1774 685 2035 748 pungitivus

197 739 278 788 sed
296 759 396 788 cum
416 742 564 789 calore
583 742 726 789 minus
747 759 917 790 urente.
958 744 1019 804 3⁰.
1051 744 1096 790 Si
1115 744 1169 790 ab
1201 745 1290 792 offe
1321 746 1474 794 subtus
1491 750 1539 794 in
1560 747 1803 796 exostosem
1823 750 2031 799 celeriter

198 805 504 855 succrescente
521 807 779 872 periostium
799 808 843 856 vi
863 808 1135 855 distendatur
1156 814 1202 856 δε
1223 810 1488 860 distrahatur
1507 847 1521 868 ‚
1545 829 1593 861 ut
1609 811 1728 859 infra
1747 813 2000 864 videbimus
2014 850 2031 871 ,

200 871 324 921 unde
345 872 478 920 dolor
503 871 748 919 terebrans.

596 1012 636 1062 §-
699 1007 754 1050 v.
821 1003 1154 1050 MORBI
1238 1007 1636 1054 OSSIUM.

261 1131 426 1176 Succus
444 1130 701 1177 medullaris
718 1163 729 1182 ‚
751 1128 827 1193 qui
846 1129 1006 1176 offibus
1023 1129 1257 1194 peculiaris
1274 1133 1333 1178 est
1346 1166 1358 1184 ‚
1381 1134 1638 1183 tenuiffimis
1654 1170 1667 1189 ,
1687 1137 1857 1203 exiguis
1877 1144 1922 1185 δέ
1940 1157 2032 1187 arao

200 1193 443 1241 chnoidaeis
467 1195 664 1242 vesiculis
694 1194 939 1241 secernitur
972 1200 1018 1240 δε
1050 1194 1242 1242 secretus
1272 1197 1527 1246 continetur
1547 1235 1560 1253 ,
1592 1219 1684 1264 quae
1715 1203 1820 1250 sicut
1849 1204 1999 1251 sedem
2017 1239 2030 1258 ‚

198 1258 255 1304 fic
285 1258 479 1305 formam
499 1278 679 1323 quoque
699 1260 922 1324 triplicem
940 1259 1150 1306 obtinent
1168 1278 1178 1313 3
1213 1278 1374 1326 nempe
1396 1263 1444 1307 in
1472 1267 1715 1326 majoribus
1735 1270 1889 1315 ollium
1906 1271 2031 1316 cavi-

197 1323 362 1369 tatibus
395 1326 653 1371 racematim
684 1326 898 1388 congesta:
930 1330 974 1370 δε
1007 1325 1238 1371 communi
1269 1327 1531 1374 membrana
1561 1333 1722 1377 vestitae
1749 1335 1795 1378 in
1828 1335 2034 1381 candelas

197 1387 339 1434 veluti
367 1385 571 1436 sebaceas
600 1391 974 1454 compinguntur3
1004 1390 1050 1435 in
1081 1390 1292 1437 extremis
1320 1393 1430 1438 vero
1454 1396 1721 1442 eorumdem
1749 1398 1964 1462 capitibus
1984 1401 2031 1446 in

198 1467 353 1499 tenues
374 1453 539 1500 floccos
566 1454 806 1501 distributae
827 1453 1015 1516 singulas
1043 1455 1218 1501 cellulas
1247 1456 1422 1519 replent
1437 1492 1450 1510 ‚
1479 1459 1640 1523 quibus
1659 1459 1933 1509 foraminosa
1957 1463 2032 1509 os-

196 1515 307 1562 fium
326 1519 491 1564 cavitas
520 1520 673 1582 pervia
693 1521 775 1572 est3
799 1518 981 1566 demum
1005 1520 1052 1565 in
1072 1519 1315 1566 densissima
1336 1521 1490 1568 offium
1510 1523 1745 1572 substantia
1771 1528 1818 1573 in
1844 1527 2031 1575 frustilla

197 1582 484 1629 minutissima
506 1584 766 1648 disgregatae
790 1583 976 1648 spatiola
1005 1584 1278 1647 exiguisfima
1299 1586 1418 1633 inter
1437 1587 1632 1636 lamellas
1655 1590 1782 1653 spisse
1803 1593 2030 1654 interjecta

197 1664 434 1709 occupant.
465 1649 754 1712 Caeteroquin
788 1664 945 1693 natura
960 1647 1076 1694 succi
1110 1650 1366 1696 medullaris
1392 1652 1549 1699 eadem
1567 1655 1626 1700 est
1640 1655 1833 1718 ubique,
1866 1675 2030 1719 nempe

198 1711 350 1757 oleosa
372 1717 417 1757 δέ
452 1713 700 1776 unguinosa
719 1731 730 1765 3
748 1712 844 1758 usus
867 1713 989 1758 idem
1004 1747 1016 1765 ‚
1039 1712 1128 1759 olla
1148 1712 1312 1761 scilicet
1340 1716 1599 1764 emolliendi
1616 1737 1671 1764 ne
1685 1721 1891 1768 ariditate
1909 1722 2031 1769 diffi-

196 1774 305 1822 liant
322 1795 335 1830 ·,
351 1776 507 1823 eadem
519 1795 697 1841 quoque
713 1795 815 1823 cum
829 1776 1056 1824 fermento
1074 1795 1272 1825 venereo
1285 1779 1471 1827 affinitas
1485 1814 1498 1834 ,
1512 1799 1604 1845 quo
1618 1783 1728 1831 solet
1741 1784 1873 1832 facile
1890 1787 2029 1841 infici,

196 1841 326 1887 citius
356 1858 505 1889 tamen
536 1842 727 1889 seriusve
755 1857 888 1906 prout
919 1844 1237 1906 conceptacula
1264 1860 1455 1891 externae
1483 1846 1664 1910 frigoris
1692 1849 1862 1909 injuriae
1891 1854 2033 1916 magis

197 1904 402 1952 minusve
430 1923 612 1971 patent:
651 1912 805 1970 Itaque
833 1906 1183 1970 frequentissime
1210 1908 1362 1955 succus
1380 1942 1392 1962 ‚
1413 1910 1490 1973 qui
1517 1912 1564 1957 in
1590 1912 1784 1960 frustillis
1809 1916 2031 1966 medulla-‚-

194 1971 254 2017 ris
281 1969 523 2016 substantiae
546 1972 728 2018 lamellis
754 1971 881 2017 osseis
907 1971 1208 2036 interspersae3
1235 1973 1355 2021 unde
1380 1976 1596 2023 exostoses
1623 1978 1849 2043 cariesque
1874 1981 2030 2029 ostium

196 2035 460 2090 duriorum3
494 2037 631 2084 rarius
649 2070 659 2087 ,
686 2036 764 2100 qui
792 2036 839 2081 in
869 2036 1023 2083 floccis
1052 2036 1195 2101 capita
1219 2037 1375 2084 offium
1403 2041 1679 2101 replentibus
1698 2078 1710 2096 ,
1739 2045 1856 2091 unde
1883 2044 2031 2108 anky-

195 2099 310 2146 loses
327 2133 339 2151 ,
366 2102 592 2165 cariesque
618 2101 773 2147 ossium
803 2102 1093 2155 molliorum3
1118 2103 1321 2149 omnium
1348 2104 1556 2153 rarissime
1576 2140 1589 2158 ,
1617 2109 1694 2171 qui
1720 2108 1766 2154 in
1792 2110 2031 2158 medullari

195 2163 432 2211 substantia
451 2167 707 2213 continetur
726 2165 881 2212 ossium
902 2171 1119 2226 majorum
1143 2168 1352 2215 cavitates
1371 2186 1619 2235 occupante
1637 2207 1649 2225 ‚
1672 2174 1791 2221 unde
1813 2174 2031 2223 abscessus

197 2229 424 2292 cariesque
442 2230 489 2275 in
507 2231 695 2278 internis
712 2231 865 2277 offium
887 2231 1165 2278 cavitatibus.

260 2294 332 2341 Sic
351 2312 472 2358 ergo.
502 2300 532 2341 Ι.
551 2295 749 2357 Exostofis
764 2329 776 2348 ,
806 2311 854 2341 ut
869 2300 1019 2342 Graeca
1035 2315 1120 2342 vox
1140 2296 1265 2342 sonat
1278 2330 1289 2348 ,
1307 2311 1456 2344 tumor
1472 2300 1534 2345 est
1548 2299 1702 2347 offium
1717 2336 1729 2354 ‚
1745 2303 1823 2366 qui
1841 2304 2031 2353 circum-

196 2357 361 2422 scripto
379 2360 535 2407 tubere
555 2359 684 2424 supra
701 2360 947 2420 confiniu·n
966 2362 1155 2425 partium
1177 2360 1373 2407 libellam
1388 2364 1635 2411 extrorsum
1653 2369 1892 2430 prominet.

259 2424 530 2471 Exostofium
551 2425 641 2470 ahae
662 2425 812 2488 spuriae
830 2425 928 2470 sunt
944 2459 956 2476 ,
976 2442 1070 2488 quae
1088 2425 1324 2472 submolles
1344 2429 1565 2490 prementi
1587 2430 1731 2493 digito
1752 2432 1917 2479 cedunt
1943 2435 2029 2481 ali-

195 2487 457 2550 quantulum
475 2522 486 2540 ‚
513 2491 764 2552 acriterque
792 2489 950 2535 dolent
968 2523 979 2541 ‚
1006 2490 1099 2535 imo
1126 2490 1262 2536 etiam
1282 2491 1512 2538 interdum
1542 2494 1795 2549 lancinant3
1819 2498 2028 2561 legitimae

197 2553 290 2599 alia:
310 2587 321 2605 ,
354 2571 448 2616 quae
480 2552 597 2600 durae
627 2559 672 2599 ὃς
704 2554 947 2602 renitentes
978 2572 1070 2602 non
1100 2555 1267 2602 cedunt
1298 2561 1345 2602 &
1376 2557 1500 2603 nullo
1531 2559 1603 2606 vel
1635 2560 1726 2607 levi
1761 2562 1921 2611 dolore
1952 2566 2028 2611 sti-

198 2635 376 2682 pantur.

263 2685 323 2727 1⁰.
360 2684 656 2743 Compei-tum
673 2682 859 2745 quidem
881 2685 940 2730 est
960 2683 1117 2730 iterata
1138 2680 1454 2731 observatione
1470 2684 1633 2749 spurias
1654 2687 1808 2735 induci
1828 2690 1915 2738 sine
1939 2692 2025 2740 ulla

198 2745 297 2791 oss'is
317 2746 415 2794 labe
436 2782 447 2799 ‚
471 2747 566 2794 solo
587 2765 761 2793 tumore
783 2749 975 2812 periostii
996 2767 1048 2795 ex
1074 2750 1200 2794 causa
1223 2749 1348 2808 supra
1370 2751 1590 2813 proposita
1607 2788 1618 2804 ,
1635 2757 1904 2816 paragrapho
1917 2772 2026 2820 prae-

198 2812 356 2856 cedente
373 2850 386 2864 ,
408 2830 449 2855 n.
473 2834 516 2870 42
544 2812 645 2857 duri
662 2846 673 2863 ,
696 2811 950 2859 skitrhodis
973 2819 1017 2859 δε
1038 2814 1160 2876 quod
1195 2811 1486 2876 offi‘subjecro
1509 2817 1569 2862 ita
1590 2806 1889 2865 atihtri·eat⁴ut
1921 2839 2027 2867 con⁵

199 2875 375 2920 tinuum
398 2876 483 2921 elle
514 2877 731 2923 videatur.
771 2878 891 2923 Hinc
915 2895 1024 2939 ergo
1046 2894 1164 2940 patet
1186 2878 1298 2923 ratio
1319 2894 1412 2924 tum
1430 2897 1566 2941 quare
1585 2881 1801 2928 exostoses
1821 2883 1904 2928 illae
1924 2885 2025 2931 sub-

198 2939 357 2986 molles
385 2939 466 2984 lint
484 2973 496 2991 ‚
524 2957 571 2985 ut
599 2958 693 3002 qure
713 2941 761 2985 in
786 2957 909 3002 parte
936 2942 1063 2985 molli
1088 2942 1222 2993 fiant3
1245 2957 1338 2987 tum
1357 2960 1493 3005 quare
1515 2945 1672 2990 acriter
1699 2945 1881 2991 doleant
1899 2982 1909 3000 ,
1929 2950 2026 2999 imo

198 3005 310 3050 vero
329 3004 557 3051 lancinent
574 3010 619 3049 &
637 3004 1025 3051 carcinomatodes
1046 3004 1152 3051 fiant
1168 3038 1182 3058 ,
1202 3021 1248 3051 ut
1266 3024 1359 3070 quae
1394 3006 1441 3052 in
1460 3026 1584 3072 parte
1613 3008 1717 3056 fiant
1742 3010 1888 3058 sensus
1917 3031 2026 3061 acu-

184 3068 366 3116 ,tiffimi.

289 3137 309 3155 0

261 3153 284 3180 2
313 3169 323 3178 .
361 3131 588 3195 Legitimae
617 3132 726 3178 vero
755 3131 1100 3179 subdividuntur
1126 3132 1173 3178 in
1201 3132 1292 3179 duo
1322 3152 1512 3198 genera,
1545 3138 1732 3185 alterum
1764 3141 1950 3204 quidem
1976 3144 2023 3191 in

196 3215 292 3263 quo
321 3215 371 3246 os
398 3214 572 3247 tumens
595 3198 644 3246 in
674 3197 899 3248 fornicem
926 3215 1085 3249 cavum
1113 3214 1317 3249 arcuatur
1346 3199 1496 3251 subter
1526 3221 1659 3269 quem
1692 3208 1935 3259 numerosae
1959 3210 2023 3257 la·-

1653 3270 1751 3336 ‚Qq
1778 3271 1808 3333 ij

2079 351 2234 390 thritici.

2096 447 2161 483 IV.
2180 447 2307 485 Dolo-

2080 509 2135 533 res
2153 500 2287 556 ‘osteo-

2079 560 2174 603 coph

2095 2329 2123 2355 ι.
2141 2316 2303 2357 Exosto-

2076 2368 2134 2416 sis,
