2477 3643
587 117 1526 169 annn1.CA1›u·rX1.
1928 134 1988 184 39

153 205 345 256 totidem
364 202 492 249 focos
511 236 524 255 ‚
548 201 704 251 infesta
726 198 970 264 antiquitus
993 196 1189 244 habuisse
1210 214 1264 243 ex
1286 195 1414 243 causa
1441 195 1702 249 communi,
1727 197 1785 244 de
1808 199 1896 263 qua
1919 200 1988 247 in..

155 270 292 319 ferius
309 302 321 322 ‚
341 267 461 314 unde
478 268 523 315 in
543 268 784 315 viciniores
807 264 1013 327 regiones
1033 259 1212 326 grassari
1238 261 1421 324 quidem
1447 260 1643 324 potuerit
1674 277 1829 309 mutuo
1860 282 1990 312 com-

158 334 328 383 mercio
341 365 354 386 ,
373 332 403 378 si
423 332 546 396 quod
566 329 748 378 fortass'e
768 327 1059 376 intercesserit
1080 361 1093 380 ,
1115 325 1191 373 sed
1211 329 1394 391 Europae
1415 325 1564 370 nostrae
1583 343 1824 388 numquam
1850 329 1990 375 inno-

162 397 286 446 tuisse
303 431 315 451 ,
342 396 540 460 quandiu
576 397 711 442 media
742 410 943 440 terrarum
963 407 1090 457 pars,
1128 409 1209 454 quae
1235 391 1333 450 fhlis
1365 389 1497 435 orbita
1524 388 1574 448 est
1593 428 1607 443 ,
1640 405 1687 435 ut
1714 408 1814 436 cum
1842 393 1989 439 Plinio

162 465 349 527 loquar,
379 461 541 515 Histor.
577 463 787 507 Natural.
817 457 914 506 Lib.
938 475 974 502 2.
1004 471 1097 521 cap.
1132 460 1199 501 68.
1230 461 1273 501 δέ
1303 455 1380 501 ubi
1405 453 1602 500 latebant
1626 455 1774 500 morbi
1804 456 1990 502 incuna-

164 528 267 576 bula
288 560 302 579 ‚
335 525 471 585 exusta
487 527 669 587 flammis
711 526 761 574 ὠ·
793 536 971 572 cremata
1000 525 1172 568 cominus
1205 535 1361 585 vapore
1393 523 1543 566 torreri
1574 522 1732 566 credita
1757 519 1836 578 est,
1871 536 1991 585 atque

163 594 263 640 adeo
300 591 492 652 inacceffa
521 592 622 651 fuit.

165 902 460 974 conjecfzara·
477 902 536 955 de
558 901 708 971 causts
724 921 804 954 cur
824 906 878 954 in
900 899 1198 974 Hispaniold
1215 941 1230 961 ‚
1252 901 1527 970 caeterisque
1544 898 1732 968 Infidis
1751 895 1961 951 Amillis
1975 932 1995 958 ,

429 979 538 1030 lues
561 996 767 1030 venerea
791 980 907 1028 olim
916 978 1198 1048 familiaris
1221 974 1279 1033 ὠ
1310 976 1531 1027 endemia
1549 974 1734 1045 fiterit.

318 1106 371 1148 If
390 1119 409 1147 F
429 1120 443 1147 1
463 1120 487 1147 c
505 1120 518 1147 1
538 1120 588 1148 Lx
609 1119 626 1147 s
658 1105 703 1146 δε
729 1099 998 1164 perobscura
1025 1097 1203 1162 quaestio
1224 1103 1310 1159 jam
1329 1097 1489 1143 incidit
1503 1131 1515 1148 ,
1534 1113 1695 1160 nempe
1713 1094 1832 1141 unde
1854 1092 1997 1158 prima

171 1110 294 1221 D
319 1165 457 1213 fuerit
474 1167 603 1229 origo
622 1166 703 1211 luis
726 1181 924 1211 venereae
951 1164 997 1210 in
1016 1161 1171 1209 Infulis
1194 1162 1370 1207 Antillis
1387 1196 1398 1213 ,
1424 1179 1472 1206 ac
1497 1159 1736 1226 praesertim
1769 1160 1817 1204 in
1849 1154 1997 1203 Insulfi

174 1231 330 1281 Haiti,
369 1230 456 1277 sive
489 1228 775 1295 Hispaniolri,
807 1246 903 1291 quae
931 1245 1049 1273 nunc
1085 1227 1228 1272 §aneti
1261 1226 1490 1272 Dominici
1528 1226 1707 1271 dicitur⁴
1751 1227 1998 1284 Utcunque

172 1296 294 1342 enim
321 1310 491 1341 certum
509 1294 559 1340 fit
581 1293 788 1340 morbum
821 1293 875 1338 ab
906 1309 1074 1356 aegroto
1100 1292 1149 1336 in
1171 1290 1325 1337 sanum
1351 1292 1620 1352 contagione
1646 1288 1845 1352 serpere,
1868 1302 2002 1349 atque

172 1360 223 1407 ezi
241 1360 413 1406 ratione
434 1359 480 1405 in
499 1360 645 1424 plures
670 1358 942 1404 disseminari
963 1391 976 1410 ‚
1004 1373 1199 1402 attamen
1228 1354 1306 1401 nisi
1337 1354 1592 1401 succeffivus
1616 1354 1692 1400 ille
1718 1351 2000 1414 contagionis

172 1424 418 1489 progressus
447 1424 493 1469 in
524 1423 749 1470 infinitum
784 1422 1037 1485 retrogradi
1073 1421 1359 1473 crederetur,
1380 1419 1505 1483 quod
1543 1421 1744 1482 ineptum
1775 1423 1820 1463 <Sc
1850 1415 2001 1461 absur-

173 1489 283 1535 dum
310 1487 426 1535 foret
445 1523 458 1541 ,
492 1489 548 1534 ad
575 1489 746 1552 aliquos
772 1488 954 1534 tandem
981 1486 1316 1535 deveniendum
1353 1487 1413 1530 est
1432 1519 1445 1537 ,
1480 1485 1558 1548 qui
1590 1483 1680 1531 sine
1712 1481 1804 1528 ullo
1839 1480 2003 1544 praevio

176 1553 388 1616 contagio
421 1569 495 1599 aut
521 1553 620 1600 labe
648 1552 734 1599 ulla
758 1551 1027 1599 extrinsecus
1055 1549 1388 1596 communicat&
1406 1583 1419 1602 ,
1438 1549 1648 1596 morbum
1675 1547 1874 1612 primitus
1899 1563 2005 1591 con-

175 1621 375 1682 ceperint
400 1618 613 1683 peculiari
643 1618 884 1664 humorum
913 1615 1126 1679 dyst-rasi&
1156 1621 1201 1662 δι’
1232 1615 1552 1679 depravatione
1571 1649 1586 1667 ‚
1610 1614 1924 1673 undecumque
1953 1627 2006 1657 ea

178 1682 427 1731 advenerit.
785 1687 788 1689 ’

244 1746 456 1793 Credidit
480 1747 664 1811 quidem
696 1746 1017 1808 Sydenham-ius
1042 1743 1225 1810 Epistola}
1245 1740 1425 1804 secunda?
1451 1740 1711 1805 Responsorid
1734 1779 1747 1795 ,
1775 1740 1896 1787 luem
1926 1756 2005 1786 ve-

178 1829 361 1859 neream
387 1812 433 1856 in
456 1811 552 1875 ipsis
577 1829 755 1876 quoque
776 1812 928 1858 Infulis
946 1810 1125 1857 Antillis
1149 1807 1371 1872 hospitem
1407 1805 1493 1853 effe
1528 1811 1574 1851 δε
1601 1806 1895 1869 alienigenam
1917 1837 1929 1856 ,
1957 1809 2005 1850 <Sc

179 1876 284 1923 illuc
303 1876 531 1923 advectam
553 1875 679 1924 fuisle
700 1877 723 1922 εὶ
742 1877 935 1939 Nigritis
952 1911 963 1928 ‚
986 1875 1061 1939 qui
1082 1893 1135 1922 ex
1154 1872 1329 1919 Guinea
1349 1887 1422 1917 aut
1449 1870 1543 1916 aliis
1571 1869 1838 1934 quibusdam
1858 1868 2005 1915 Medi-

179 1942 394 1989 terraneis
427 1940 584 1987 Africae
617 1942 866 1989 Provinciis
894 1941 1076 1987 Guineae
1102 1937 1392 1985 conterminis
1428 1935 1482 1981 ad
1506 1954 1643 1982 novas
1671 1934 1887 1981 Americae
1906 1936 2007 1979 Co-

178 2007 320 2052 lonias
356 2005 412 2052 ab
442 2006 649 2071 Hispanis
673 2005 864 2072 primum
901 2005 1081 2053 deduffi
1107 2003 1319 2055 fuerunt,
1353 2006 1398 2047 δε
1433 2000 1550 2065 apud
1579 2018 1690 2063 quos
1718 1999 1903 2046 morbus
1930 1999 2006 2046 ille

182 2071 421 2119 endemius
442 2087 555 2117 erat,

252 2136 339 2182 Sed
375 2144 435 2180 ιο.
467 2134 791 2197 Sydenhamius
807 2169 818 2188 ,
847 2135 951 2181 licet
974 2151 1081 2181 vera
1102 2132 1240 2180 essent
1257 2165 1269 2184 ‚
1289 2131 1561 2195 quaecunque
1582 2128 1691 2175 dicit
1710 2163 1721 2182 ‚
1751 2128 1858 2175 inde
1876 2125 2008 2191 quaes-

183 2200 355 2247 tionem
377 2200 565 2247 solveret
596 2200 782 2246 minime
804 2234 816 2252 ‚
840 2199 916 2247 sed
952 2199 1006 2244 ad
1043 2197 1265 2243 summum
1299 2195 1525 2242 versuram
1553 2194 1733 2240 faceret.
1760 2191 2011 2257 Supereffet

183 2266 307 2315 enim
338 2265 649 2330 explicandum
678 2283 756 2312 cur
792 2264 983 2328 Nigritae
1018 2261 1096 2327 ipsi
1131 2261 1250 2308 luem
1285 2277 1524 2307 veneream
1563 2258 1757 2322 primum
1794 2274 2012 2321 concepe-

188 2333 277 2378 rint
295 2363 306 2381 ,
340 2348 473 2394 quam
501 2329 667 2377 deinde
694 2330 743 2375 in
772 2328 1081 2394 Hispaniolam
1112 2323 1409 2391 deportavere
1441 2343 1451 2370 :
1481 2327 1646 2387 Neque
1675 2323 1751 2369 ille
1778 2323 1925 2370 nodus
1954 2321 2014 2369 de

185 2395 380 2458 Nigritis
405 2393 576 2441 facilius
604 2393 802 2458 expediri
824 2393 962 2466 potest
985 2392 1116 2457 qudm
1135 2391 1191 2437 de
1212 2388 1504 2437 Americanis.

255 2469 318 2506 20.
355 2463 416 2505 Ea
450 2459 739 2519 Sydenhamii
767 2459 920 2524 opinio
950 2475 1050 2503 cum
1078 2456 1263 2502 veritate
1297 2452 1519 2500 Historicfi
1548 2452 1701 2517 aperte
1725 2467 1892 2515 pugnat
1911 2485 1924 2504 ,
1958 2450 2012 2496 fi-

188 2524 372 2589 quidem
399 2525 564 2570 constat
590 2524 791 2587 Nigritas
823 2523 878 2570 ad
911 2520 1217 2586 Hispaniolam
1247 2518 1390 2566 nullos
1420 2518 1627 2565 devectos
1653 2515 1779 2563 fuisse
1805 2531 1904 2561 ante
1935 2533 2013 2562 an-

189 2607 298 2637 num
328 2607 342 2633 1·
361 2607 462 2651 503.
495 2591 553 2634 At
573 2589 682 2635 verb
700 2603 978 2654 compertum
1001 2588 1162 2647 estjam
1188 2603 1307 2631 anno
1329 2602 1464 2644 1493.
1494 2581 1703 2628 morbum
1731 2579 1785 2625 ab
1805 2579 2014 2644 Hispanis

186 2656 235 2701 in
254 2651 513 2717 Hispaniolfi
549 2655 822 2700 conti-aetum
842 2688 854 2706 ‚
879 2653 927 2698 in
955 2650 1216 2715 Hispaniam
1252 2649 1322 2697 vel
1347 2649 1508 2695 eodem
1540 2647 1610 2693 vel
1647 2645 1858 2708 sequente
1893 2662 2014 2690 anno

189 2718 472 2769 traductum,
500 2733 629 2781 atque
669 2718 774 2765 inde
807 2736 922 2764 anno
963 2735 1100 2774 1494.
1134 2715 1207 2760 vel
1248 2732 1387 2775 1495,
1425 2713 1473 2759 in
1510 2712 1681 2758 Italiam
1719 2708 2013 2755 transmissum

191 2780 276 2830 esse
307 2816 321 2834 ,
356 2782 434 2829 ubi
469 2783 793 2845 Neapolitanos
820 2789 865 2829 δε
897 2783 1047 2828 Gallos
1075 2779 1232 2826 infecit
1254 2813 1270 2832 ,2
1297 2779 1321 2824 ὁ.
1352 2777 1513 2842 quibus
1547 2777 1595 2823 in
1622 2790 1763 2822 totam
1789 2777 2014 2838 Europam

193 2847 324 2895 brevi
348 2846 607 2893 dimanavit.

258 2915 414 2973 Itaque
460 2911 703 2975 posthabita
742 2909 1029 2968 Sydenhamii
1076 2906 1329 2969 conjectura
1366 2907 1533 2970 praestat
1570 2904 1756 2950 credere
1787 2899 2014 2947 Gonsalvo

193 2974 448 3023 Fernandez
472 2976 526 3020 ab
547 2975 731 3022 Oviedo
760 2975 841 3020 hac
860 2974 917 3020 de
937 2991 983 3019 re
1003 2975 1096 3020 testi
1124 2972 1313 3018 maxime
1331 2970 1499 3016 idoneo
1513 3004 1525 3021 ‚
1546 2985 1593 3014 ut
1612 2968 1687 3031 qui
1708 2966 1850 3030 plures
1879 2983 2014 3012 annos

194 3041 242 3088 in
262 3038 520 3104 Hispaniolst
544 3054 843 3086 commoratus
862 3036 998 3084 fuerit
1015 3071 1027 3089 ,
1055 3038 1132 3100 qui
1159 3054 1259 3082 cum
1286 3034 1508 3097 indigenis
1533 3032 1819 3079 domesticam
1843 3030 2012 3076 habue-

193 3105 251 3161 rit
284 3103 647 3152 consuetudinem
679 3137 690 3156 ‚
718 3103 798 3166 qui
824 3102 940 3157 adeo
972 3101 1168 3166 ipsorum
1201 3099 1383 3146 morbos
1417 3100 1489 3145 vel
1519 3098 1573 3145 ab
1605 3097 1691 3145 illis
1718 3095 1888 3143 discere
1907 3129 1919 3148 ,
1944 3094 2014 3142 vel

197 3168 295 3234 ipse.
313 3169 498 3235 praesens
525 3168 764 3235 observare
800 3183 1013 3234 potuerit.
1046 3172 1085 3217 Is
1122 3182 1270 3214 autem
1298 3165 1543 3212 constanter
1578 3161 1723 3211 affer-it
1752 3161 1884 3208 variis
1905 3160 2017 3209 locis

1701 3231 1745 3273 H
1769 3227 1800 3291 ij

2088 1746 2202 1783 Luem
2220 1743 2285 1784 ve*-

2050 1809 2196 1835 neream
2212 1799 2247 1835 in

2054 1849 2193 1886 Insulas
2213 1857 2284 1888 An-

2053 1901 2150 1938 tillas
2179 1914 2223 1940 ex

2052 1954 2190 1991 Guineii·
2217 1954 2287 1990 de·-

2053 2005 2202 2042 dustam
2216 2018 2286 2043 non

2052 2056 2215 2105 fuiss'e,ut
2232 2058 2288 2094 vi-

2056 2113 2132 2148 sum
2155 2111 2204 2147 est
2222 2112 2288 2161 Sy-

2057 2162 2265 2206 denhamio.

2101 2919 2168 2961 Sed
2180 2920 2212 2957 in
2224 2921 2295 2961 iuis

2063 2974 2191 3010 Infulis
2223 2987 2292 3011 an·-

2062 3026 2215 3077 tiquitus
2232 3038 2290 3064 en-

2061 3078 2220 3116 demiam

2061 3129 2176 3168 fuisse.
