2477 3643
146 219 354 276 phelidibus

153 274 297 319 fimiles.

161 699 231 734 J‘v.
245 693 397 746 Ophia-

162 747 211 806 ἧς
228 753 261 786 &
273 747 398 797 alope-

162 810 235 843 m·

201 1794 244 1830 V.
256 1786 412 1841 Unguis]

179 1844 268 1882 viria
291 1846 326 1881 &
344 1852 410 1880 ca-

179 1894 249 1949 giis.

202 2559 268 2595 v1.
285 2555 415 2594 Pastu-

188 2607 229 2650 1ae
248 2620 417 2649 cutaneae.

431 130 531 194 ’⁴304‘
760 120 869 174 DE
934 107 1886 171 MoRss'1stNERE1s‘

429 209 506 257 seu
523 207 635 256 areis
664 207 827 254 intasta
859 211 904 252 δε
923 204 1053 252 ὶΠκεᾶ
1073 202 1263 250 cuticula
1281 235 1294 254 ‚
1315 201 1419 248 vasa
1447 203 1557 250 cutis
1590 200 1868 249 semi-lacera
1885 203 2020 267 guttis
2039 204 2113 253 seu
2142 201 2269 255 stillis

432 274 610 340 pauculi
635 272 859 335 sanguinis
890 286 1093 318 toratura
1120 268 1245 320 sunt,
1266 284 1357 329 quo
1385 267 1537 314 nativa
1560 267 1761 314 humoris
1790 268 1955 315 mucofi
1986 270 2282 334 pellucidit'as‘

431 337 742 403 inquinabitur
766 357 775 383 :
795 337 915 384 Hinc
937 352 1046 397 ergo
1068 333 1188 379 cutis·
1204 332 1384 377 maculae
1405 332 1539 396 planae
1561 366 1574 385 ,
1593 350 1685 378 non
1720 333 2029 381 extuberantes
2048 368 2061 388 ,
2091 335 2266 399 epheli-

433 404 567 451 dibus
586 403 741 450 similes
758 436 769 454 ,
796 401 992 448 discretae
1009 433 1020 450 ‚
1043 397 1072 442 fi
1095 398 1143 443 in
1163 395 1364 443 discretis
1386 397 1496 442 cutis
1518 398 1627 443 locis
1648 397 1807 444 humor
1830 398 2032 445 mucosus
2050 400 2233 449 vitietur
2247 419 2265 453 3

434 468 565 516 latius
591 466 786 532 expansae
802 500 815 518 ,
833 465 863 510 fi
886 465 934 510 in
953 462 1152 527 pluribus
1173 461 1282 507 locis
1303 460 1524 507 continuis
1541 481 1552 515 3
1585 461 1846 509 livescentes
1864 496 1877 516 ,
1911 481 2138 528 purpureae
2157 498 2170 517 ,
2190 483 2269 510 ro·-

436 532 516 581 seae
534 568 546 586 ,
568 533 689 579 flavae
710 536 797 578 δίε.
828 546 910 593 pro
932 527 1121 573 rorantis
1147 524 1368 590 sanguinis
1403 526 1533 591 copia
1563 531 1730 587 majore
1763 528 1835 574 vel
1861 529 2036 576 minore
2056 563 2070 582 ,
2099 528 2268 576 aut-di·-

436 598 570 647 verso
589 596 784 660 ejusdem
813 593 966 639 colore
980 626 993 645 ,
1016 591 1148 655 nigro
1164 625 1178 643 ,
1196 592 1335 637 rubro
1349 625 1361 643 ,
1383 590 1512 638 roseo
1529 625 1540 643 ,
1561 591 1680 637 flavo
1709 597 1798 637 &c.

516 669 607 710 IV.
657 660 838 706 Constat
864 658 976 723 pilos
1003 655 1274 721 capillosque
1303 656 1494 719 singulos
1520 655 1568 701 in
1596 656 1796 702 rotundo
1823 656 1895 702 vel
1930 657 2051 703 ovali
2074 656 2268 722 capitulo

440 727 728 790 cartilagineo
748 724 865 769 intra
893 738 1040 769 cutem
1061 723 1228 768 latente
1247 755 1259 774 ,
1282 721 1406 768 velut
1429 721 1476 767 in
1497 720 1597 767 testa
1619 719 1761 768 florali
1784 720 1972 766 radicari
1991 740 2003 775 3
2024 723 2047 767 ὲ
2072 721 2276 786 pluribus

440 792 628 842 exilibus
650 824 662 842 ,
683 788 892 835 mollibus
911 821 924 841 ,
946 787 1252 850 mucilagineis
1280 785 1452 833 fibrillis
1479 785 1567 832 sive
1587 785 1792 832 radiculis
1812 803 1910 831 cum
1928 786 2109 850 capi-tuli
2124 786 2271 835 fundo

435 855 663 904 continuis
694 851 839 901 enasci
865 871 876 906 3
899 852 1103 916 gradaria
1141 851 1219 897 secl
1255 851 1422 898 latente
1455 850 1614 896 harum
1651 850 1946 897 radicularum
1993 851 2274 905 acci-ctione,

437 940 571 985 quam
600 919 776 983 limphae
803 918 958 983 pingui
990 922 1036 963 <Sc
1069 917 1255 963 mucosae
1289 931 1514 980 acceptam
1549 915 1756 968 debent,
1778 913 2052 961 succrescere
2086 920 2133 960 δε
2167 934 2277 979 pto-

439 986 574 1034 mitti.
603 984 712 1031 Inde
744 983 1018 1046 consequens
1053 983 1111 1028 est
1145 979 1263 1045 posse
1291 981 1402 1045 pilos
1431 979 1698 1045 capillosque
1718 980 1883 1044 triplici
1913 979 2039 1025 causa
2065 979 2281 1027 morbose

441 1050 657 1097 defluere.
695 1052 755 1093 1⁹.
785 1048 828 1094 Si
867 1047 1036 1111 limpha
1067 1046 1154 1109 qua
1186 1047 1441 1091 nutriuntur
1471 1079 1483 1097 ‚
1518 1045 1744 1091 contracta
1769 1045 1824 1090 ab
1852 1044 2035 1089 admisto
2063 1046 2276 1109 contagio

441 1114 687 1162 acrimonia
703 1147 715 1166 ‚
740 1112 1005 1159 tenuissimas
1026 1112 1290 1175 capillorum
1310 1110 1493 1156 fibrillas
1517 1109 1795 1156 transverslm
1830 1107 2025 1155 succidat
2055 1109 2279 1156 demetat-

439 1198 529 1245 que
551 1215 563 1234 ,
585 1177 719 1226 illae-fis
750 1194 899 1224 tamen
931 1176 1152 1223 radicibus
1173 1175 1342 1240 primis.
1382 1183 1445 1221 20.
1476 1176 1522 1221 Si
1541 1175 1686 1220 acrior
1706 1180 1753 1220 &
1782 1173 1921 1236 magis
1942 1174 2163 1221 virulenta
2182 1176 2278 1240 pri-

442 1264 536 1292 mas
566 1244 677 1309 ipsas
701 1243 894 1308 pilorum
914 1248 959 1289 δε
987 1241 1249 1306 capillorum
1281 1240 1497 1286 radiculas
1530 1240 1687 1286 erodat
1715 1246 1760 1286 δε
1788 1240 1992 1303 extirpet.
2040 1247 2101 1300 30.
2138 1240 2181 1287 Si
2214 1240 2283 1286 ul-

444 1309 619 1362 cuscula
646 1309 756 1354 cutis
787 1307 991 1372 ipsasmet
1030 1306 1258 1369 glandulas
1282 1304 1357 1351 seu
1393 1305 1584 1369 capitula
1611 1305 1784 1356 ovalia,
1815 1304 1933 1350 unde
1964 1303 2043 1368 pili
2073 1304 2281 1369 capillive

442 1375 670 1440 prodeunt
686 1408 698 1424 ,
721 1372 1010 1436 depascantur
1034 1377 1079 1416 δε
1108 1369 1310 1416 funditus
1333 1368 1610 1434 pesstmdent.
1654 1369 1772 1415 Hinc
1789 1386 1896 1414 ateae
1914 1401 1925 1419 ‚
1944 1368 2130 1432 ophiafis
2149 1403 2160 1421 ,
2181 1369 2277 1415 alo-

442 1440 570 1504 pecia
589 1473 600 1492 ‚
628 1438 783 1502 capitis
809 1437 1040 1486 calvitium
1054 1469 1066 1488 ,
1088 1435 1180 1480 imo
1198 1435 1333 1480 etiam
1367 1434 1594 1497 glabrities
1632 1431 1969 1498 superciliorum
1990 1466 2003 1484 ,
2031 1450 2245 1496 genarum
2264 1467 2283 1486 2

443 1504 587 1550 menti
608 1519 954 1566 caeterarumque
974 1501 1178 1546 omnium
1200 1498 1439 1564 pilosarum
1463 1497 1663 1562 corporis
1685 1497 1876 1561 partium
1898 1516 1909 1549 3
1929 1514 2022 1560 quae
2055 1499 2162 1545 vitia
2181 1498 2280 1545 sunt

444 1570 586 1616 modo
612 1568 797 1632 quidem
818 1567 974 1612 natura
997 1564 1070 1612 vel
1101 1581 1194 1611 arte
1217 1563 1506 1628 reparabilia,
1525 1578 1573 1607 ut
1600 1561 1700 1607 cum
1733 1562 1756 1607 ἐι
1785 1562 1927 1624 primfi
1950 1563 2076 1607 causa
2109 1563 2281 1626 deperi-

446 1634 557 1680 dent
590 1652 602 1686 3
640 1632 777 1679 modo
816 1631 925 1679 vero
957 1648 1011 1678 ex
1040 1645 1138 1676 toto
1173 1627 1554 1680 immedicabilia,
1589 1642 1636 1674 ut
1666 1626 1766 1673 cum
1795 1626 1818 1671 a
1849 1625 2019 1672 duabus
2051 1628 2285 1690 postremis

449 1699 739 1746 inducuntur.
1318 1698 1321 1699 ⁷

514 1770 569 1812 V.
614 1762 830 1811 Similiter
860 1775 1142 1824 compertum
1172 1761 1230 1806 est
1261 1776 1456 1823 ungues,
1475 1759 1550 1823 qui
1586 1773 1811 1806 extremos
1825 1756 2003 1820 -digitos
2033 1772 2193 1803 ornant
2214 1775 2291 1805 ar·-

453 1845 665 1891 mantque
683 1861 695 1880 ,
716 1828 739 1872 ὲ
764 1825 933 1890 papillis
964 1826 1138 1872 nerveis
1164 1824 1443 1871 tendineisve
1470 1824 1580 1869 cutis
1610 1824 1749 1869 stricte
1784 1823 1981 1868 invicem
2014 1823 2147 1868 unitis
2176 1842 2283 1869 coa-

453 1893 618 1941 lescete
637 1927 649 1944 ,
669 1891 879 1938 mollibus
899 1890 946 1935 in
977 1890 1153 1953 origine
1167 1922 1179 1941 ,
1199 1889 1388 1954 pulposis
1405 1923 1417 1941 ‚
1449 1894 1494 1935 &
1518 1888 1742 1942 retitulari
1756 1887 1866 1933 cutis
1881 1904 2068 1950 corpore
2092 1887 2283 1933 circum-

451 1958 569 2005 datis
586 1992 598 2010 ,
618 1957 761 2003 donec
782 1955 1042 2000 firmitatem
1062 1954 1229 2016 adeptae
1255 1953 1334 1998 lint
1355 1973 1364 1998 ε
1386 1954 1674 2015 Caeteroquin
1694 1969 1859 2014 ungues
1880 1951 1956 1996 ubi
1973 1951 2284 2006 induruerint,

456 2021 723 2070 accretionis
754 2020 878 2084 plane
901 2017 1072 2064 nescios
1108 2017 1199 2063 sola
1225 2018 1436 2063 harumce
1471 2017 1672 2063 radicum
1714 2016 1974 2060 molliorum
2002 2015 2284 2070 nutritione,

458 2106 554 2152 quae
589 2086 761 2150 limpha:
794 2082 1023 2129 viscidiori
1053 2082 1273 2133 debetur,
1306 2081 1458 2127 sensim
1489 2081 1670 2127 extendi
1703 2085 1748 2125 &
1783 2079 2030 2126 extrorsum
2063 2081 2289 2141 promitti..

459 2154 599 2216 Igitur
623 2152 650 2196 sl
678 2148 887 2196 visciclior
912 2148 985 2192 illa
1004 2147 1196 2211 limpha,
1219 2150 1338 2207 cujus
1363 2144 1635 2209 appositione
1653 2145 1868 2206 unguium
1890 2143 2285 2214 radicegcrescunt
2305 2159 2308 2164 “

462 2223 508 2265 &
528 2216 802 2281 explicantur
818 2247 830 2266 ,
849 2211 1050 2276 spiffirate
1082 2211 1154 2258 vel
1185 2210 1430 2257 acrimonia
1459 2210 1596 2255 nimia
1628 2225 1807 2273 peccet,
1824 2226 1928 2271 quas
1953 2209 1975 2253 a
1998 2209 2183 2259 seminio
2203 2229 2290 2257 ve-

461 2300 600 2328 nereo
631 2278 931 2329 contraxerit,
950 2276 1101 2322 molles
1129 2282 1174 2321 δῑ
1208 2274 1409 2340 pulposas
1441 2274 1641 2320 radicum
1668 2273 1800 2325 fibras
1825 2272 2075 2319 distraC’cura
2093 2308 2105 2326 ,
2139 2290 2288 2321 tume-

462 2347 629 2393 factura
644 2381 656 2398 ,
678 2342 911 2390 corrosura
927 2376 938 2395 ,
960 2341 1263 2388 exulceratur-a
1294 2342 1366 2386 est.
1394 2339 1514 2385 Hinc
1533 2339 1747 2402 unguium
1775 2337 2001 2384 scabrities
2016 2373 2029 2391 ,
2051 2339 2253 2386 craffities
2273 2359 2293 2394 ς·

460 2413 563 2457 hinc
595 2413 648 2457 ad
687 2409 901 2472 unguium
936 2406 1104 2452 radices
1124 2406 1318 2452 reduviae
1342 2404 1431 2451 five
1452 2403 1731 2468 paronychia:
1747 2437 1759 2455 ,
1780 2401 2155 2450 inflammationes
2175 2438 2188 2457 ‚
2210 2422 2290 2469 pa-

461 2476 621 2523 natitia
636 2510 648 2528 ,
668 2475 814 2520 ulcera
830 2491 841 2525 3
858 2472 961 2517 hinc
978 2470 1160 2516 demum
1177 2469 1310 2517 erosis
1328 2469 1552 2515 radicibus
1579 2468 1795 2532 unguium
1818 2466 1951 2514 casus.

528 2546 617 2587 VI.
662 2540 720 2587 Si,
746 2538 906 2584 humor
938 2535 1145 2581 sebaceus
1165 2568 1176 2586 ,
1197 2535 1275 2598 qui
1301 2534 1486 2581 vasculis
1516 2533 1585 2580 seu
1616 2533 1780 2580 lacunis
1810 2533 1928 2579 intra
1949 2547 2096 2579 cutem
2127 2550 2291 2579 recon-

462 2605 580 2653 ditur
597 2639 609 2657 ‚
628 2619 677 2650 ut
707 2602 897 2649 stillatim
920 2599 1079 2645 affusus
1102 2599 1380 2663 epidermida
1402 2599 1572 2644 molliat
1595 2603 1640 2644 δε
1667 2597 1840 2643 oblinat
1860 2632 1873 2650 ,
1892 2615 2068 2645 veneno
2091 2616 2297 2644 venereo

462 2671 685 2717 inficiatur
704 2701 716 2720 ‚
743 2675 805 2712 10.
830 2664 1129 2729 Inspiffabitur
1146 2697 1159 2715 ,
1178 2663 1297 2709 unde
1333 2663 1648 2726 conceptacula
1679 2662 1889 2709 haerendo
1924 2663 2183 2708 dilataturus
2201 2665 2297 2716 est,

463 2740 511 2782 δέ
532 2735 635 2779 hinc
659 2731 891 2777 tubercula
915 2745 1100 2774 cutanea
1117 2762 1128 2780 ,
1149 2746 1283 2791 parva
1299 2760 1312 2778 ,
1342 2727 1529 2773 discreta
1544 2761 1555 2779 ,
1576 2728 1686 2772 dura
1703 2761 1715 2779 ,
1736 2727 1928 2772 rotunda
1943 2760 1956 2779 ,
1985 2726 2141 2790 parum
2170 2727 2293 2774 fasti-

463 2800 599 2864 giata.
637 2805 698 2843 20.
720 2795 880 2841 Acrior
899 2793 975 2839 fiet
991 2827 1002 2845 ,
1026 2792 1145 2838 unde
1172 2790 1392 2837 summum
1420 2792 1588 2855 apicem
1609 2792 2031 2854 conceptaculorum
2063 2793 2109 2836 in
2140 2792 2293 2838 tuber·-

466 2864 564 2911 cula
589 2862 876 2908 dilatatorum
901 2859 1089 2904 latente-r
1110 2856 1313 2903 erosurus
1336 2858 1395 2904 est
1411 2891 1422 2908 ,
1443 2863 1486 2902 ὃ(
1510 2856 1614 2902 hinc
1632 2856 1804 2920 pustulae
1824 2874 2019 2903 venerea:
2047 2856 2121 2903 seu
2149 2855 2293 2902 ulcus·

468 2929 565 2975 cula
582 2943 765 2973 cutanea
779 2959 790 2977 ‚
814 2924 924 2970 dura
942 2956 954 2975 ‚
975 2921 1156 2974 callosa,
1179 2921 1408 2967 circularia
1428 2955 1438 2973 ,
1460 2922 1718 2985 plerumque
1738 2920 1847 2965 sicca
1865 2926 1909 2967 δέ
1939 2921 2028 2968 fine
2049 2939 2158 2985 pure
2176 2954 2190 2973 ,
2212 2920 2290 2965 ali-

468 2992 650 3056 quando
686 3007 833 3036 tamen
873 2988 1057 3033 humida
1086 2993 1132 3032 &
1158 2987 1382 3032 manantia
1411 3020 1424 3038 ,
1458 2986 1684 3049 squamosa
1704 3019 1715 3037 ‚
1736 2984 2018 3038 furfuracea,
2053 2986 2166 3032 flava
2200 2990 2289 3029 &ca

468 3075 564 3120 quae
593 3056 639 3100 in
658 3053 948 3100 commissuris
975 3052 1196 3098 labiorum
1214 3085 1226 3103 ‚
1248 3051 1324 3096 alis
1348 3051 1458 3103 nafi,
1478 3066 1576 3096 toto
1594 3050 1806 3114 capillitio
1829 3046 2288 3114 partibusqueomni-

468 3121 553 3167 ‘bus
581 3119 724 3183 pilosis
753 3117 1008 3182 frequentia
1035 3116 1133 3164 sunt
1164 3150 1178 3173 ,
1221 3115 1299 3165 ubi
1330 3116 1469 3182 magis
1500 3115 1727 3164 abundant
1763 3114 1980 3181 glandulae
2010 3114 2085 3162 seu
2124 3113 2296 3158 lacunae·

475 3185 680 3236 lebaceae‚
1769 3186 1772 3188 ’

2115 3250 2153 3298 ς.
2183 3245 2299 3290 1110
