2477 3643
644 122 1608 191 LinianV.CA1³u1·111.
1910 141 2050 196 ’ξος

217 209 334 278 'passa
361 204 494 257 fuerit
513 208 715 274 paralysis
732 243 745 263 ,
768 210 859 255 cuti
890 209 1052 257 leviter
1079 209 1234 256 attritae
1254 207 1412 274 herpes
1440 214 1526 256 &c.
1559 228 1614 258 ex
1635 209 1878 277 improviso
1908 214 2043 263 subo-

220 277 405 324 riantur.

275 339 411 386 Haud
437 337 605 384 inficias
635 337 847 385 iverimus
872 338 980 402 quin
1007 338 1159 384 forsan
1185 337 1330 403 plures
1365 338 1457 386 aliae
1485 339 1671 402 reperiri
1699 340 1858 405 possint
1883 359 2041 408 excep-

219 404 367 451 tiones
394 402 466 450 seu
492 404 714 450 anomaliae
740 402 1014 456 istiusmodi,
1050 403 1125 450 sed
1146 422 1251 467 quas
1276 403 1353 469 ipfi
1373 404 1580 452 novimus
1599 406 1789 453 candide
1811 407 2043 471 proposui-

220 486 333 516 mus.
376 471 565 515 Caeteras
592 469 667 514 alii
697 469 954 532 impertiant
976 501 989 520 ‚
1019 467 1048 512 s1
1066 469 1177 531 quid
1211 470 1423 516 noverint
1458 471 1615 516 redtius
1653 470 1739 516 istis
1768 505 1781 523 ,
1805 472 1877 518 vel
1905 471 2046 517 allatis

221 550 401 581 utantur
420 567 432 586 ,
452 551 575 596 aequo
598 533 748 579 animo
769 533 1002 579 nobiscum
1023 533 1297 598 expostando
1316 568 1327 586 ‚
1349 535 1455 580 dum
1475 535 1747 600 experientia
1777 554 1872 599 quae
1904 537 1952 582 in
1973 554 2045 583 re⁴

205 598 303 644 -bus
331 598 514 645 medicis
543 617 691 645 rerum
718 597 920 661 magistra
945 599 1004 643 est
1023 630 1036 649 ‚
1071 597 1264 644 certiora
1291 599 1544 646 doceamur.
1589 601 1829 648 Fatendum
1858 601 2043 646 interim

220 663 360 708 allatis
379 663 608 709 anomaliis
629 664 820 726 regulam
840 696 851 715 ‚
873 663 1039 709 nedum
1069 662 1167 707 ullis
1184 663 1401 711 infirmati
1416 698 1428 716 ‚
1447 663 1522 710 sed
1541 666 1748 712 omnibus
1768 665 1912 730 potius
1931 683 2045 711 cona

221 727 390 773 firmari
408 729 587 791 egregie
604 763 617 780 ‚
637 729 736 774 cum
765 728 838 775 vel
860 745 912 773 ex
932 727 1161 772 anomaliis
1181 727 1555 792 ipsismetliqueat
1572 734 1791 777 Naturam
1822 730 1885 776 sui
1916 730 2046 776 cons-

222 806 393 839 tantem
413 810 617 839 normam
639 793 810 857 semper
828 793 1030 837 affecitare
1047 825 1060 843 ,
1079 808 1160 837 nec
1180 791 1233 837 ab
1253 792 1327 838 illa
1348 811 1544 857 unquam
1562 796 1632 841 vel
1653 795 1873 841 tantillum
1897 794 2044 842 disce-

220 856 331 904 dere
363 858 411 902 in
437 860 675 904 anomalias
694 892 705 910 ‚
731 857 809 902 nisi
843 857 887 903 vi
923 873 1121 918 cogatur.
1152 857 1273 902 Hinc
1307 875 1415 921 ergo
1447 859 1660 922 colligere
1690 862 1748 906 est
1775 860 2043 925 propositam

221 919 486 967 affinitatum
506 922 664 968 scalam
685 922 771 968 sive
798 921 1004 966 tabellam
1021 953 1033 972 ‚
1062 922 1264 984 quamvis
1298 921 1395 968 satis
1425 939 1544 969 certa
1575 941 1666 971 non
1690 924 1765 976 fit,
1791 942 1837 971 ut
1867 925 2045 988 plenam

220 991 269 1032 &
302 1003 560 1051 perpetuam
590 987 724 1033 fidem
751 988 960 1050 impetret
978 1019 991 1037 ,
1011 1002 1054 1030 at
1087 986 1237 1032 saltem
1263 985 1360 1032 satis
1379 1005 1531 1034 veram
1551 989 1721 1041 videri,
1743 1006 1791 1034 ut
1811 990 1834 1035 εἰ
1856 990 2045 1036 Medico

220 1053 329 1097 artis
346 1069 484 1114 gnaro
511 1052 707 1115 ignorari
728 1068 821 1096 non
841 1050 1002 1096 debeat
1021 1082 1033 1101 ‚
1061 1050 1162 1095 cum
1181 1051 1337 1114 poslint
1359 1052 1598 1115 aliquando
1621 1052 1770 1099 futura
1790 1053 2050 1118 incipientis

219 1116 449 1180 -sypliilidis
470 1115 762 1181 symptomata
779 1115 885 1160 inde
906 1113 1156 1179 praesagiri,
1183 1116 1276 1160 imo
1302 1117 1437 1175 etiam
1469 1116 1661 1165 feliciter
1692 1120 1912 1183 praeverti.
1946 1120 2051 1165 Pla-

218 1182 315 1227 cuit
342 1180 446 1227 ideo
478 1187 524 1227 &
552 1183 598 1227 in
620 1179 902 1228 recensendis
932 1179 1014 1224 luis
1034 1196 1233 1225 venerea*
1257 1179 1586 1245 symptomatis‚
1608 1189 1654 1228 δε
1674 1183 1721 1228 in
1741 1183 1898 1231 iisdem
1928 1201 2050 1230 nunc

223 1245 498 1309 explicandis
527 1246 628 1291 huic
657 1263 821 1291 normae
841 1242 986 1308 potius
1005 1243 1192 1290 insistere
1221 1262 1303 1291 ceu
1333 1245 1648 1294 observatione
1682 1249 1802 1294 certa
1827 1248 2049 1313 probatae,

220 1311 356 1371 quam
374 1309 583 1358 ordinem
602 1309 724 1375 sequi
748 1309 1034 1356 arbitrarium
1063 1308 1197 1355 alium
1227 1310 1475 1374 quemlibet
1495 1345 1507 1364 ,
1530 1317 1577 1358 ὃς
1607 1312 1731 1359 nullo
1762 1313 1916 1360 nixum
1947 1312 2052 1370 fun-5

215 1375 449 1421 damento.

763 1593 1244 1648 CA‘PUT
1348 1595 1559 1648 III.

608 1717 937 1784 symptomata
973 1715 1090 1765 Lais
1129 1723 1341 1767 Venereae
1375 1714 1676 1781 confirmata„

507 1849 629 1905 §.L
692 1850 998 1895 MORBI
1091 1850 1738 1895 GENITALIUM.

225 1968 281 2080 I
304 1963 351 2010 N
384 1962 651 2026 genitalibus
685 1979 877 2027 quatuor
912 1964 1122 2011 humores
1156 1963 1439 2030 peculiariter
1478 1963 1776 2026 distinguendi
1812 1963 1938 2017 sunt,
1970 1961 2055 2029 qui

305 2045 481 2074 veneno
514 2046 710 2075 venereo
734 2028 891 2082 infici,
922 2035 968 2076 δε
1001 2029 1155 2078 ἰηῖεᾶἰ
1185 2031 1349 2076 locales
1376 2029 1636 2092 genitalium
1665 2029 1849 2076 morbos
1880 2031 2050 2077 inferre

224 2091 413 2158 possunt.
448 2103 507 2138 1⁰.
534 2098 696 2141 Semen
717 2093 964 2158 prolificum
989 2095 1160 2141 testium
1183 2096 1380 2140 virilium
1409 2112 1420 2146 ·,
1457 2102 1520 2139 2⁰.
1549 2097 1711 2140 Semen
1735 2094 2050 2142 infoecundum

220 2158 452 2221 utriusque
484 2158 606 2205 sexus
623 2192 635 2211 ‚
659 2157 827 2205 scilicet
853 2162 1139 2223 prostatarum
1160 2193 1171 2211 ‚
1198 2158 1506 2223 glandularum
1535 2160 1941 2223 Cowperianarum
1959 2193 1972 2212 ‚
2002 2165 2050 2206 δε

218 2223 482 2269 {aminarum
508 2223 694 2270 urethrae
721 2225 768 2269 in
796 2224 928 2276 viris3
958 2225 1003 2270 in
1027 2225 1222 2270 foeminis
1251 2223 1357 2271 vero
1389 2225 1675 2287 prostatarum
1694 2257 1706 2275 ‚
1737 2224 2049 2286 glandularum

214 2289 629 2352 Cowperianarum
648 2321 661 2340 ‚
694 2294 739 2334 &
765 2288 1072 2351 glandulatum
1094 2289 1293 2352 vaginae3
1330 2297 1393 2349 30.
1418 2292 1597 2334 Humor
1626 2287 1833 2334 sebaceus
1859 2289 2049 2351 glandu-

223 2352 367 2399 larum
402 2370 689 2400 cutanearum
710 2387 723 2405 ‚
751 2371 844 2415 qua:
875 2353 1085 2399 balanum
1121 2359 1175 2399 δε·
1201 2354 1426 2400 internum
1447 2353 1724 2417 (praeputium
1752 2353 1800 2398 in
1831 2353 1938 2400 viris
1955 2387 1968 2406 ,
1999 2354 2047 2399 in

224 2417 421 2463 foeminis
450 2418 560 2464 vero
590 2417 795 2470 vulvam,
816 2418 862 2462 in
887 2433 1079 2481 utroque
1107 2417 1209 2465 sexu
1236 2418 1307 2463 ani
1341 2418 1535 2463 confinia
1565 2417 1770 2463 obfident
1800 2435 1812 2470 3
1845 2426 1911 2474 4⁰.
1944 2422 2047 2463 Hu-

221 2498 323 2527 mor
350 2482 552 2527 mucosus
571 2516 581 2533 ‚
600 2481 677 2544 qui
699 2482 814 2528 inter
833 2482 1126 2529 tenuissimam
1149 2483 1384 2528 cuticulam
1406 2481 1576 2546 glandis
1593 2515 1605 2534 ‚
1629 2481 1830 2545 praeputii
1849 2498 1924 2528 aut
1950 2482 2046 2529 vul-

224 2562 312 2597 vae‚
333 2562 570 2609 cutemque
588 2545 824 2606 subjectam
843 2547 1076 2608 interjacet
1095 2581 1107 2600 ,
1132 2546 1238 2593 ficut
1259 2548 1306 2593 in
1337 2546 1506 2610 reliqua
1532 2546 1731 2610 corporis
1751 2562 1865 2592 cute.

294 2615 450 2672 Itaque
473 2616 506 2656 Ι.
535 2610 577 2657 Si
603 2610 876 2673 gonorthoea
897 2629 1048 2658 recens
1066 2613 1255 2676 antiquae
1273 2611 1481 2676 syphilidi
1507 2610 1823 2671 superaddatur
1860 2610 2039 2668 impuro

220 2675 464 2720 concubitu
482 2710 495 2728 ,
524 2673 698 2727 semen,
721 2674 814 2720 tum
834 2677 957 2738 quod
977 2677 1001 2722 a
1028 2676 1204 2723 testibus
1233 2678 1278 2724 in
1308 2675 1514 2723 vesiculas
1544 2674 1797 2721 seminarias
1825 2675 2039 2727 confluit,

221 2738 315 2783 tum
341 2739 465 2802 quod
494 2740 542 2785 in
567 2739 769 2803 prostatis
803 2744 848 2786 δέ
882 2741 1101 2804 glandulis
1132 2741 1448 2806 Cowperianis
1481 2740 1754 2792 secernitur,
1785 2740 2038 2786 adventitio

219 2803 335 2847 vitio
364 2808 450 2864 jam
473 2821 734 2867 corruptum
761 2804 886 2851 fimul
913 2806 1048 2853 etiam
1077 2806 1197 2852 virus
1219 2806 1382 2869 jugiter
1407 2806 1656 2852 hausturum
1687 2806 1745 2851 est
1769 2804 1792 2849 ὰ
1827 2804 2038 2867 sanguine

220 2871 307 2929 jam
333 2868 505 2929 pridem
540 2868 720 2914 infesto.
752 2869 871 2913 Hinc
898 2887 1007 2932 ergo
1031 2869 1243 2931 gliscente
1272 2872 1318 2915 in
1351 2871 1444 2916 dies
1473 2869 1621 2915 morbi
1646 2868 1883 2915 virulentia
1904 2887 2037 2931 prop-

217 2947 285 2977 ter
303 2930 507 2977 fomitem
527 2933 789 2977 continuum
810 2934 1079 2994 gonorrhoea
1094 2934 1330 2997 malignior
1347 2935 1702 2998 pertinaciorque
1719 2938 1763 2978 &
1781 2932 1942 2978 diutius
1960 2932 2038 2979 flu-

220 3014 330 3042 xura
349 2997 407 3041 est
427 3003 470 3041 δε
495 2996 638 3060 saepius
662 2997 933 3042 renovanda.

274 3065 345 3109 ΙΙ.
386 3061 527 3106 Simili
551 3061 606 3106 de
629 3060 755 3105 causa
773 3060 1055 3108 diuturniore
1086 3061 1263 3109 seminis
1289 3062 1402 3108 vitio
1420 3096 1432 3114 ‚
1463 3061 1586 3125 quod
1615 3061 1638 3107 :i
1667 3060 1878 3123 sanguine
1908 3060 2038 3108 fove-

216 3139 286 3170 tur
305 3159 315 3174 ‚
335 3124 502 3184 limpha
527 3125 727 3189 perluens
751 3124 924 3172 seminis
953 3128 1267 3191 conceptacula
1291 3126 1338 3171 in
1357 3127 1489 3172 callos
1510 3124 1771 3190 inspiffinda
1790 3128 1847 3172 est
1865 3161 1875 3179 ‚
1897 3128 1971 3189 qui
1991 3128 2038 3173 in

214 3189 311 3244 dies
332 3195 519 3254 majores
537 3196 581 3237 δε
604 3191 808 3238 duri-ores
832 3190 970 3239 futuri
1002 3191 1099 3239 sunt
1114 3226 1130 3251 ,
1159 3198 1204 3240 δε
1239 3192 1419 3239 tandem
1454 3193 1503 3238 in
1536 3193 1800 3257 apostemata
1818 3225 1831 3243 ,
1861 3192 2008 3241 ulcera
2026 3227 2041 3248 ‚

1670 3255 1825 3319 Ppfij

2117 2617 2147 2654 1.
2166 2619 2325 2656 Gonora

2089 2668 2197 2708 rhoea
2213 2672 2237 2709 si
2250 2684 2323 2723 qua

2085 2720 2176 2758 alsit
2191 2751 2198 2763 ,
2235 2737 2324 2763 ma-

2087 2772 2147 2824 ligi
2163 2775 2218 2810 ior
2259 2779 2296 2812 &

2086 2838 2215 2863 cutatu
2229 2826 2324 2868 diffi-

2087 2879 2202 2916 ciliot.

2135 3062 2174 3099 11
2206 3064 2288 3102 Ῑιῃὸ
2306 3090 2320 3108 ,

2086 3115 2184 3164 qnod
2205 3119 2318 3167 pejus,

2086 3179 2128 3202 ca
2145 3168 2219 3204 losa
2251 3173 2284 3205 &

2089 3219 2266 3262 ulcerosa.
