2477 3643
215 475 292 513 111.
326 473 412 527 Epi-

180 525 415 620 {iizssiiiz'a‘iph'

186 933 412 986 Iv.A1bugi-

181 999 242 1023 nes
260 1015 270 1030 ‚
286 986 413 1038 phlyc-

183 1051 280 1075 ωτι-,κ
305 1067 315 1083 ,
336 1041 411 1076 sta-

180 1090 386 1141 phyloma-

178 1152 233 1183 ga.

184 2094 252 2131 VI.
281 2091 415 2131 Fistula

182 2146 376 2197 lacryma-

180 2198 225 2235 lis
244 2199 316 2235 five
340 2212 392 2237 ae-

182 2250 324 2305 gilops.

203 2639 296 2677 vu.
318 2637 414 2675 Hae-

177 2692 335 2741 malops‚
353 2690 412 2725 in-

181 2742 389 2780 flammatio

178 2793 391 2845 interna‚hy

179 2859 345 2897 Popyon-

181 3067 413 3104 VHIGutta

184 3119 321 3161 setena,
339 3130 412 3156 cae·

188 3171 360 3222 eiusque.

458 147 552 196 3¹¹4
837 129 1955 181 DEMORBISVENERE18;

458 227 580 259 turus
599 211 659 260 est
673 245 687 266 ,
713 212 834 261 unde
857 213 1072 278 glandula:
1093 212 1293 276 ejusdem
1325 208 1611 258 exulceratio.
1651 214 1863 278 Utroque
1885 209 2075 261 nornine
2091 227 2143 263 ea
2162 212 2292 280 glana

457 277 561 324 dula
575 311 588 330 ‚
610 277 639 323 si
654 279 816 324 malum
838 278 1123 342 protrahatur
1140 311 1153 330 ,
1172 275 1391 341 inl'piffata
1414 275 1583 341 limpha
1607 278 1791 324 nutriri&
1818 276 2007 324 nimium
2028 280 2288 328 excrescens

457 341 515 388 ad
533 342 745 407 pupillam
765 342 918 390 sensim
936 341 1264 408 exporrigentia
1283 346 1329 387 δε
1347 356 1500 405 praeter
1516 339 1686 389 foedam
1703 342 2042 390 deformitatem
2060 343 2172 397 visui
2190 363 2284 393 non

457 407 614 472 parum
631 406 845 455 offetstura
863 441 875 460 ‚
895 409 1015 454 unde
1034 405 1263 453 encanthis
1275 440 1288 458 ‚
1307 406 1468 469 unguis
1486 404 1576 454 five
1597 409 1863 472 pterygium.

520 477 621 519 111.
664 474 877 519 Similiter
896 471 924 516 s1
942 471 1106 517 humor
1130 470 1407 518 subviscidus
1427 476 1473 517 &
1495 472 1729 536 pituitosus
1745 506 1758 524 ,
1778 474 1855 538 qui
1876 474 1900 520 ὲ
1922 472 2155 520 vasculofis
2176 492 2288 521 con-

457 539 659 599 junstivae
686 537 853 584 lacunis
879 537 1100 601 erumpit,
1131 554 1309 584 veneno
1334 536 1594 600 inquinetur
1610 569 1624 589 ,
1653 537 1923 602 spissitudine
1941 539 2126 602 quidem
2150 540 2288 587 emis-

459 601 568 648 saria
598 603 858 648 dilataturus
887 604 945 647 est
973 602 1020 649 in
1050 601 1280 648 tubercula
1312 602 1532 654 miliaria,
1565 602 1677 648 dura
1700 635 1713 655 ,
1747 605 1987 651 renitentia
2005 638 2018 656 ,
2048 604 2253 652 conferta
2272 636 2291 658 ,

457 685 554 732 quae
571 666 792 730 sanguinis
811 667 903 712 vias
922 667 1194 729 angustando
1213 666 1558 713 inflammationi
1577 666 1727 713 locum
1745 668 1902 714 datura
1921 668 2034 721 sunt,
2050 669 2170 716 unde
2189 671 2289 734 Epi-

458 733 598 797 phora
617 738 660 778 ὀί
682 730 975 796 Ophthalmia
997 751 1006 776 2
1034 732 1234 779 Acritate
1261 732 1370 778 vero
1393 731 1614 778 summum
1637 732 1973 779 tuberculorum
1994 734 2165 797 apicem
2183 752 2290 782 ero-

457 796 578 843 surus
622 798 668 842 in
712 795 933 842 ulcuscula
965 795 1249 843 minutissima
1276 830 1289 849 ‚
1341 796 1692 862 phlthaenoidea
1721 830 1736 851 ,
1769 797 2085 863 phagedaenica
2111 833 2127 853 ,
2166 801 2287 849 unde

458 861 736 926 ophthalmia
762 860 961 908 ulcerosa
978 863 1181 908 omnium
1202 861 1594 909 contumacissima.

519 932 608 974 IV.
647 931 750 974 Nec
779 926 941 992 dispari
974 926 1114 973 modo
1141 927 1303 973 humor
1328 927 1523 974 viscidus
1553 943 1807 991 congener,
1839 926 1917 990 qui
1937 927 1961 973 ὲ
1992 926 2160 975 lacunis
2189 946 2291 975 cor-

458 1007 550 1037 neae
580 1008 757 1038 emanat
775 1026 788 1044 ,
823 1010 1000 1039 veneno
1030 991 1160 1038 fimili
1187 991 1377 1039 infectus
1397 1027 1411 1046 ‚
1442 991 1472 1037 fi
1502 992 1670 1056 spiffior
1699 993 1819 1039 lente
1847 992 2039 1046 haereat,
2071 992 2287 1041 emissaria

458 1055 521 1102 ita
541 1058 799 1122 oppleturus
827 1059 886 1105 est
903 1091 914 1109 ,
934 1073 983 1103 ut
1010 1057 1281 1122 opacitatem
1308 1057 1379 1104 vel
1410 1073 1503 1103 tota
1532 1075 1696 1104 cornea
1721 1057 1792 1104 vel
1809 1057 1934 1103 varia
1961 1075 2133 1105 corneae
2150 1076 2291 1123 punc-

459 1135 504 1168 ta
531 1125 808 1169 contractura
825 1122 908 1168 fint
923 1156 937 1174 ,
957 1122 1076 1170 unde
1104 1122 1381 1174 leucomata,
1410 1122 1642 1185 albugines
1659 1156 1672 1175 ‚
1702 1121 1790 1168 five
1811 1122 2038 1169 nubeculae
2064 1123 2153 1170 :Si
2176 1124 2288 1171 vero

456 1187 670 1252 copiosius¹
687 1187 957 1251 celeriusque
975 1189 1142 1251 stagnei:
1157 1221 1170 1240 ‚
1189 1185 1407 1234 emissaria
1425 1187 1582 1235 eadem
1604 1189 1665 1234 ita
1681 1187 1929 1240 inflaturus,
1950 1204 1999 1233 ut
2016 1187 2182 1252 singula
2203 1188 2292 1234 fas-

456 1252 658 1316 tigianda
676 1252 757 1298 fint
776 1253 824 1298 in
846 1253 1072 1299 tubercula
1095 1251 1380 1299 minutissima
1400 1252 1475 1300 seu
1502 1253 1696 1300 miliares
1721 1253 1899 1318 papulas
1923 1271 2025 1299 cum
2047 1254 2137 1300 levi
2164 1254 2289 1318 phlo-

455 1317 549 1381 gosi
571 1323 616 1364 δε
642 1318 838 1365 uredinis
860 1317 983 1364 sensu
1002 1352 1015 1370 ‚
1034 1318 1155 1364 unde
1176 1317 1424 1382 phlthcenae
1445 1335 1620 1364 corneae
1640 1337 1650 1363 ε
1682 1317 1876 1364 Demum
1897 1318 1927 1362 fi
1948 1319 2091 1364 acrior
2109 1320 2290 1383 papulas

457 1382 634 1430 easdem
662 1382 816 1430 sensim
843 1382 1026 1429 ulterius
1050 1383 1234 1435 erodat,
1262 1384 1449 1448 pustulas
1480 1382 1671 1429 totidem
1700 1382 1966 1435 circulares,
1993 1401 2119 1429 cavas
2138 1417 2149 1436 ‚
2179 1385 2290 1448 pha-

458 1447 704 1511 gedaenicas
729 1448 1022 1512 produsturus
1050 1449 1110 1494 est
1127 1482 1139 1500 ,
1166 1466 1261 1512 quae
1287 1448 1336 1493 in
1366 1448 1515 1494 ulcera
1544 1449 1738 1511 maligna
1758 1454 1801 1494 δέ
1829 1447 2070 1494 cacoethea
2089 1482 2102 1501 ‚
2127 1448 2221 1495 imo
2239 1449 2289 1495 in

457 1513 778 1577 staphylomata
796 1531 889 1559 non
909 1513 1010 1558 raro
1029 1512 1227 1559 defiturae
1249 1511 1346 1559 sum
1365 1546 1378 1565 ,
1400 1512 1478 1559 nisi
1501 1513 1724 1559 medicina
1741 1512 1829 1558 cito
1849 1528 2043 1577 paretur.

520 1583 574 1624 V.
613 1577 856 1624 Fatendum
882 1577 982 1624 sane
1012 1576 1299 1639 lacrymalem
1327 1594 1510 1641 quoque
1542 1577 1783 1623 humorem
1816 1577 2039 1623 recensitis
2056 1577 2290 1642 palpebra-

455 1657 556 1687 rum
574 1642 771 1694 ‚adnatae
799 1647 845 1689 &
874 1659 1044 1688 corneae
1073 1642 1192 1689 vitiis
1222 1641 1469 1704 symbolam
1498 1658 1582 1688 nec
1612 1640 1839 1689 efficacem
1869 1641 2136 1689 collaturum
2167 1641 2253 1689 effe
2271 1676 2286 1694 ‚

456 1705 813 1771 quotiescunque
846 1707 1034 1754 seminio
1065 1725 1261 1754 venereo
1289 1706 1502 1771 gravidus
1528 1706 1702 1754 futurus
1729 1708 1819 1759 est,
1850 1723 1898 1753 ut
1925 1707 2005 1770 qui
2032 1722 2175 1771 partes
2194 1706 2291 1754 illas

455 1771 727 1819 madefaciat
753 1772 966 1837 perpetuo
985 1806 998 1824 ,
1027 1788 1158 1835 atque
1179 1773 1292 1819 adeo
1313 1789 1478 1818 noxam
1501 1771 1669 1819 eisdem
1693 1770 1865 1819 inferre
1895 1772 2020 1818 tanto
2041 1772 2181 1835 magis
2211 1790 2291 1819 va·-

456 1836 559 1882 leat.
603 1841 662 1883 At
695 1837 802 1884 verb
831 1837 1106 1902 experientia
1127 1839 1295 1884 constat
1325 1836 1612 1898 lacrymalem
1642 1837 1881 1884 humorem
1916 1841 2081 1883 caeteris
2124 1837 2294 1883 humo-

457 1900 608 1953 ribus,
644 1901 702 1948 de
737 1902 897 1965 quibus
926 1901 1163 1954 ha&enus‚
1196 1908 1242 1948 <Sc
1277 1902 1445 1948 tardius
1465 1908 1510 1948 &
1537 1902 1682 1948 minus
1700 1902 1822 1948 infici
1842 1919 2039 1949 venereo
2070 1900 2258 1948 seminio
2274 1935 2292 1956 ‚

457 1966 672 2028 quoniam
701 1966 801 2012 cum
829 1966 1005 2012 tenuior
1033 1966 1083 2012 sit
1113 1965 1415 2032 serosiorque,
1448 1968 1647 2030 contagii
1671 1965 1921 2013 viscidioris
1940 1966 2164 2014 miscelam
2182 1985 2289 2032 per-

457 2029 645 2077 tinacius
665 2030 829 2095 respuit
849 2037 893 2077 &
915 2029 1094 2094 refugit.

522 2102 560 2141 V
576 2101 610 2140 Ι.
644 2096 688 2142 si
708 2096 825 2160 puris
844 2096 1027 2142 acrioris
1045 2094 1268 2160 particulae
1288 2094 1341 2141 ab
1359 2095 1493 2142 erosis
1506 2130 1518 2148 ‚
1534 2094 1781 2160 suppuratis
1796 2128 1808 2146 ,
1826 2093 2034 2141 ulcetofis
2051 2094 2292 2160 palpebris,

459 2160 621 2206 adnata
642 2194 654 2213 ‚
675 2161 838 2207 cornea
855 2161 1075 2225 decerptae
1102 2161 1188 2206 una
1208 2179 1309 2206 cum
1329 2159 1556 2221 lacrymali
1575 2160 1716 2206 fluido
1735 2161 1782 2206 in
1802 2158 1974 2205 saccum
1995 2161 2187 2207 nasalem
2207 2161 2290 2207 cle-

455 2224 656 2271 ferantur
673 2259 685 2278 ,
705 2226 928 2272 internam
944 2226 1058 2271 sacci
1074 2224 1238 2273 faciem
1257 2225 1386 2272 brevi
1404 2225 1591 2271 erosurae
1610 2225 1709 2271 sunt
1725 2258 1738 2278 ,
1757 2224 1878 2270 unde
1913 2224 2046 2270 fistula
2074 2225 2292 2287 lacryma-

459 2290 511 2337 lis
530 2290 615 2337 sive
646 2291 839 2355 aegilops.
875 2293 1019 2338 Potest
1038 2306 1186 2337 tamen
1204 2289 1387 2336 morbus
1403 2290 1526 2336 idem
1544 2290 1637 2336 aliis
1655 2306 1837 2354 quoque
1855 2289 1986 2334 caulis
2009 2295 2053 2335 &
2076 2289 2165 2336 fine
2182 2307 2289 2354 pra:-

460 2355 537 2402 vio
566 2356 801 2401 oculorum
819 2355 967 2403 ulcere
987 2354 1144 2402 inferri
1160 2389 1172 2408 ‚
1203 2372 1364 2419 nempe
1386 2356 1542 2419 papulfi
1564 2355 1756 2402 venere&
1776 2355 1893 2400 intra
1915 2354 2025 2399 sacci
2042 2355 2197 2400 nasalis
2217 2373 2294 2401 ca-

458 2421 643 2468 vitatem
665 2420 794 2466 enata
812 2455 825 2473 ,
846 2438 940 2484 quae
957 2421 1244 2485 supputetur3
1266 2419 1462 2468 exostose
1479 2420 1636 2466 offium
1657 2419 1742 2465 nasi
1760 2453 1771 2471 ,
1789 2436 1884 2482 quae
1901 2417 2073 2465 saccum
2094 2420 2292 2484 compri-

458 2486 628 2533 mendo
662 2486 956 2547 lacrymarum
988 2486 1250 2549 stagnationi
1266 2491 1311 2531 δε
1332 2485 1636 2549 putrescentia:
1655 2484 1804 2531 ansam
1821 2484 2039 2547 praebeat3
2061 2485 2176 2532 carie
2195 2485 2293 2531 offis

458 2552 618 2613 unguis
637 2550 659 2596 ἐι
680 2551 841 2598 fomite
861 2569 1059 2598 venereo
1075 2584 1086 2602 ‚
1106 2568 1202 2613 quae
1222 2551 1508 2614 superjestum
1527 2551 1700 2596 saccum
1718 2549 1910 2596 nasalem
1928 2549 2153 2595 exulceret
2170 2555 2259 2595 &c.

540 2621 610 2662 VI
630 2620 663 2661 Ι.
701 2615 745 2662 Si
778 2617 901 2663 virus
930 2616 986 2662 ad
1016 2612 1253 2661 humorem
1284 2616 1475 2662 vitreum
1495 2648 1507 2667 ,
1547 2615 1839 2677 crystallinum
1872 2632 2120 2677 aqueumve
2152 2632 2294 2677 pene-

460 2681 646 2727 traverit
665 2714 676 2732 ,
714 2685 760 2726 &
784 2681 950 2728 acidius
975 2680 1023 2725 fit
1044 2714 1056 2732 ,
1087 2680 1492 2743 p1·aeternaturale1n
1524 2679 1705 2726 illorum
1748 2679 1989 2724 humorum
2022 2677 2291 2741 inspiffatio-

461 2763 564 2792 nem
586 2745 869 2791 induetur-um
892 2747 949 2791 est
969 2779 980 2796 ‚
1003 2744 1122 2791 unde
1143 2744 1378 2808 glaucoma
1395 2777 1408 2795 ‚
1438 2743 1611 2790 suffufio
1632 2744 1706 2790 seu
1733 2742 1930 2788 barbaris
1950 2745 2187 2797 cataraffla,
2216 2760 2292 2790 aut

459 2810 602 2857 inanis
631 2810 842 2856 villorum
872 2810 918 2854 in
950 2814 1051 2856 ae're
1079 2810 1364 2856 volitantium
1391 2808 1583 2872 species:
1609 2809 1655 2855 Si
1684 2807 1793 2854 vero
1825 2807 1995 2859 actim,
2022 2809 2289 2856 eorumdem

459 2876 700 2921 humorum
729 2875 830 2920 vasa
857 2873 1115 2938 tunicasque
1143 2874 1432 2920 multifariam
1463 2873 1820 2921 exulceraturum
1840 2905 1852 2923 ,
1886 2872 2007 2919 unde
2034 2871 2286 2935 suggillatio

457 2940 545 2986 sive
565 2940 801 3003 haemalops
819 2973 831 2992 ‚
848 2938 1143 2986 inflammatio
1167 2939 1243 2988 seu
1257 2939 1535 3005 ophthalmia
1554 2939 1732 2986 interna
1745 2971 1756 2991 ‚
1775 2935 1988 2984 abscessus
2001 2971 2012 2989 ,
2030 2936 2289 3001 hypopyon,

459 3005 593 3053 totius
614 3006 731 3052 oculi
754 3005 1008 3068 suppuratio
1031 3010 1118 3051 &c-

520 3075 675 3116 VIIl.
712 3069 905 3115 Demum
936 3071 983 3116 in
1012 3069 1230 3134 syphilide
1256 3069 1373 3115 haud
1399 3068 1497 3114 raro
1525 3067 1688 3115 accidit
1728 3066 1842 3113 visiis
1880 3064 2136 3112 imminutio
2157 3096 2170 3114 ,
2200 3078 2284 3108 cat-

458 3135 650 3199 citasque
677 3133 701 3178 a
729 3151 973 3180 nervorum
1000 3135 1253 3199 opticorum
1283 3133 1464 3198 paralysi
1482 3166 1493 3184 ‚
1520 3151 1615 3195 quae
1645 3132 1842 3179 barbaris
1872 3137 2000 3177 Gutta
2027 3129 2100 3174 seu
2128 3128 2284 3173 Fluxio

445 3204 589 3263 strena
609 3199 713 3249 ideo
730 3198 893 3248 dicitur
906 3231 920 3254 ,
939 3198 1062 3264 quod
1077 3200 1125 3248 in
1143 3199 1285 3248 oculis
1300 3198 1454 3248 omnia
1469 3197 1552 3246 sint
1572 3196 1799 3263 perspicua
1818 3201 1863 3244 δε
1882 3192 2113 3259 pellucida.
2140 3192 2288 3241 Porro
