2477 3643
567 130 1584 179 tristanszcuzvuxv.
1885 137 1985 205 ᾖς

122 257 124 260 .
186 236 189 241 ¹
210 214 233 258 1
246 207 316 259 Π.
347 210 641 275 Ignorabatur
656 208 988 275 propagationis
1006 210 1167 257 modus
1186 245 1206 266 ‚
1221 211 1322 257 cum
1336 214 1594 261 crederetur
1612 214 1668 261 ab
1684 216 1777 264 aliis
1802 221 1986 283 quidem

151 276 360 323 morbum
407 275 561 340 sponte
594 274 764 321 rantum
795 276 974 339 concipi
1016 276 1127 322 aeris
1158 276 1424 342 intemperie
1451 312 1464 332 ‚
1498 279 1815 328 alimentorum
1843 286 1984 341 vitio,

155 341 290 386 diaetae
327 357 482 387 errore
517 345 604 386 δίε.
642 339 696 385 ab
725 340 820 385 aliis
855 339 961 386 vero
991 341 1263 403 contagione
1285 343 1453 390 tantum
1488 342 1684 391 diffundi
1711 346 1765 392 ab
1793 350 1916 411 aegris
1936 352 1985 399 in

154 404 307 458 sanos·,
326 403 507 450 demum
526 404 579 450 ab
599 405 695 451 aliis
725 411 770 450 δε
796 403 949 468 sponte
972 406 1203 459 contrahi,
1219 412 1267 452 &
1295 408 1568 473 contagione
1582 408 1708 456 simul
1722 416 1985 477 propagari3

153 488 250 534 quae
278 471 493 534 postrema
512 470 669 534 opinio
693 469 771 514 diu
799 470 955 533 viguit.

218 540 235 580 1
254 540 307 581 V.
343 534 637 597 Ignorabatur
659 536 840 581 tandem
864 535 1090 598 therapeia
1111 535 1258 582 morbi
1277 571 1289 589 ,
1311 552 1358 582 ut
1382 538 1452 584 cui
1471 539 1673 586 curando
1693 557 1785 587 non
1804 540 1993 589 adhibe-

152 599 312 644 bantur
330 598 407 644 nisi
426 599 661 663 purgantia
677 632 689 652 ,
709 599 924 645 diluentia
942 633 952 651 ‚
972 601 1263 663 temperantia
1279 635 1289 651 ,
1310 602 1366 648 ad
1387 602 1603 650 summum
1636 604 1792 652 balnea
1812 606 1859 651 in
1880 609 1993 670 aqu&

157 663 335 728 tepida,
364 662 495 709 stuffae
526 666 573 710 in
603 663 737 710 furno
754 698 765 717 ‚
787 663 998 709 illitiones
1019 681 1071 709 ex
1095 666 1349 712 aromaticis
1376 700 1387 719 ‚
1418 668 1589 731 aliaque
1614 668 1793 731 hujusce
1821 673 1997 734 generis

153 727 359 775 sexcenta
374 763 386 780 ‚
402 745 497 791 quae
526 729 801 794 therapeiam
832 729 1010 774 illorum
1030 730 1334 776 methodicam
1353 733 1636 798 complebant
1656 769 1669 788 ‚
1691 739 1736 781 δε
1755 753 1848 800 quae
1867 756 1993 784 inor-

153 792 215 840 bo
238 792 521 857 profligando
554 794 682 858 plane
703 794 888 857 imparia
908 809 1048 839 erant.

210 865 265 904 V.
299 859 382 905 Sed
420 857 521 904 cum
547 859 658 904 dura
677 857 900 906 necessitas
928 857 1231 904 remediorum
1265 860 1493 907 inventrix
1520 865 1789 923 &magistra
1808 867 1893 913 effe
1922 867 1991 914 so-

152 923 263 975 leat,
286 923 477 986 contigit
497 941 588 969 non
607 925 749 969 inulto
772 925 863 986 post
886 923 1121 968 intervallo
1142 940 1189 968 ut
1211 926 1537 989 Empiricorum
1558 914 1763 993 exemplo
1778 930 1988 996 frequen-

155 1003 326 1034 taretur
352 988 448 1033 usus
475 988 715 1034 illitionum
737 987 1094 1039 mercurialium,
1129 994 1175 1034 δε
1197 991 1403 1053 exemplo
1425 992 1741 1053 Indigenarum
1769 998 1985 1044 Americae

153 1052 541 1099 increbrescerent
562 1053 744 1099 decorita
760 1053 985 1114 lignorum
1000 1053 1180 1098 Guaiaci
1202 1060 1245 1099 δέ
1267 1053 1468 1101 Saffafrass
1488 1090 1501 1108 ,
1523 1057 1811 1122 radicumque
1826 1062 1983 1108 Chinae

154 1123 201 1163 &
234 1117 555 1182 Sarsae-parillae
575 1151 586 1169 ‚
621 1135 673 1163 ex
704 1135 795 1180 quo
826 1133 1026 1179 tempore
1059 1118 1237 1178 gemina
1261 1118 1407 1165 salutis
1435 1121 1506 1166 via
1539 1122 1806 1184 Sypliiliticis
1833 1126 1984 1173 oblata

152 1184 213 1228 est
230 1216 241 1234 ‚
263 1200 421 1246 nempe
443 1181 721 1246 ptyalismum
744 1181 814 1227 vel
836 1180 1114 1226 sudationem
1136 1184 1343 1246 experiri.
1372 1187 1439 1229 Ut
1457 1201 1603 1232 autem
1627 1204 1784 1234 neutra
1804 1191 1983 1238 metho-

150 1246 232 1292 dus
252 1246 324 1292 suti
355 1246 533 1293 carebat
567 1247 756 1292 utilitate
770 1281 782 1298 ,
799 1246 853 1290 sic
876 1245 1011 1291 etiam
1031 1248 1176 1292 neutri
1203 1247 1276 1293 sua
1295 1248 1447 1295 deerat
1470 1268 1614 1296 noxa:
1639 1252 1791 1300 Altera
1806 1258 1985 1319 pericu-

150 1310 242 1356 losa
262 1327 356 1357 erat
376 1345 387 1362 ,
409 1310 610 1357 inefficax
638 1312 775 1358 altera
790 1344 802 1363 ‚
831 1309 949 1357 unde
970 1310 1130 1357 acriter
1153 1311 1318 1376 diuque
1339 1313 1632 1379 disceptatum
1655 1315 1741 1362 fuit
1773 1334 1870 1366 utra
1900 1321 1989 1367 utri

149 1374 430 1440 praeferenda
451 1375 570 1422 esset.
1393 1388 1398 1391 ’
1450 1418 1467 1434 ,

215 1446 304 1486 VI.
339 1444 421 1487 Per
452 1441 573 1487 idem
605 1456 776 1505 tempus
806 1440 1127 1505 usurpabantur
1148 1441 1201 1487 ab
1232 1443 1465 1508 Empiricis
1484 1449 1532 1490 δε
1564 1444 1742 1508 Agyrtis
1768 1447 1992 1513 plerisque

150 1504 242 1552 duo
264 1505 348 1551 alia
373 1506 677 1552 remediorum
705 1523 870 1567 genera
887 1541 898 1558 ,
918 1506 990 1552 sed
1016 1523 1111 1568 quae
1139 1507 1254 1571 apud
1283 1508 1491 1554 cordatos
1508 1510 1761 1574 probosque
1784 1514 1994 1563 Medicos

150 1571 423 1634 magnopere
439 1570 771 1616 infamabantur
788 1571 1037 1633 {suffumigia
1057 1588 1216 1636 nempe
1233 1606 1245 1624 ,
1261 1590 1356 1635 quae
1372 1573 1621 1636 periculosa
1635 1574 1664 1619 fi
1684 1594 1736 1622 ex
1752 1577 1957 1625 cinabrio
1972 1614 1988 1635 ‚

149 1652 244 1697 quse
270 1651 486 1683 venenata
517 1651 642 1681 erant
664 1634 692 1679 s1
711 1653 763 1680 ex
798 1636 1127 1698 auripigmento
1158 1636 1424 1700 parabantur
1449 1656 1459 1690 ς
1481 1644 1526 1684 &
1546 1653 1781 1703 praeparatct
1807 1646 1986 1704 qnaedam

149 1703 409 1744 mercurialia
428 1717 506 1745 ore
523 1688 776 1745 exhibenda
791 1733 803 1751 ‚
829 1716 875 1745 ut
897 1701 1038 1763 pulvis
1060 1700 1192 1746 ruber
1212 1701 1396 1753 Ioannis
1423 1702 1479 1748 de
1498 1705 1615 1765 Vigo
1634 1721 1706 1750 aut
1731 1706 1875 1769 pulvis
1901 1726 1982 1754 an-

151 1764 318 1826 gelicus
338 1765 522 1811 Nicolai
547 1763 690 1809 Mallie
705 1798 716 1816 ,
733 1765 809 1826 qui
825 1765 1026 1828 pulveres
1045 1765 1178 1811 ambo
1198 1766 1419 1813 deleteriae
1441 1768 1620 1814 virtutis
1643 1769 1739 1815 sunt
1759 1804 1770 1822 ‚
1787 1772 1981 1834 quicum

150 1830 383 1874 Mercurio
400 1829 671 1894 praecipirato
694 1828 828 1874 rubro
854 1830 1051 1893 apprime
1079 1831 1356 1878 conveniunt
1381 1832 1543 1886 ambo,
1560 1832 1653 1879 imo
1680 1834 1757 1899 qui
1783 1838 1982 1903 praecipi«

151 1908 244 1939 tato
264 1893 342 1940 illo
366 1894 447 1940 rite
463 1909 708 1959 praeparato
729 1894 923 1940 acriores
941 1894 1057 1940 sunt.

211 2025 262 2067 M
278 2038 307 2067 A
323 2039 355 2069 R
372 2039 396 2067 c
415 2042 435 2069 E
451 2041 474 2068 L
493 2041 515 2069 L
533 2041 560 2071 u
580 2040 596 2068 s
616 2058 628 2077 ,
659 2025 888 2070 Cumanus
913 2057 925 2075 ‚
961 2023 1140 2069 videtur
1163 2025 1319 2070 Cumis
1350 2041 1475 2071 natus
1491 2060 1502 2077 2
1534 2027 1580 2072 in
1601 2028 1712 2075 urbe
1731 2031 1984 2081 Cainnaniae

150 2103 243 2133 non
278 2087 510 2135 incelebri.
553 2089 599 2135 Si
620 2107 725 2135 vera
751 2090 943 2149 conjicio
963 2123 974 2140 ,
994 2089 1227 2151 ignoratur
1246 2090 1374 2154 ipsius
1395 2109 1560 2139 nomen
1577 2126 1590 2144 ,
1621 2111 1721 2139 nani
1741 2078 1984 2144 Maficeltm

150 2169 403 2216 praenomen
422 2155 480 2201 est
497 2188 509 2205 ‚
532 2153 605 2199 sed
623 2154 671 2199 id
690 2155 736 2199 in
760 2154 1028 2200 Arustoribus
1050 2153 1228 2214 hujusce
1249 2155 1382 2199 aetaciq
1409 2156 1526 2202 haud
1548 2174 1693 2203 rarum
1713 2158 1811 2204 fuit.
1848 2164 1914 2207 Ut
1934 2179 1982 2209 ut

149 2217 201 2262 fit
217 2251 227 2269 ‚
247 2220 412 2264 constat
431 2218 558 2264 illum
580 2219 752 2265 Medici
773 2225 815 2264 &
836 2218 1054 2280 Chirurgi
1073 2218 1310 2263 Castrensis
1331 2218 1481 2264 officio
1498 2219 1697 2267 fitnCrum
1717 2222 1842 2270 fuiffe
1861 2245 1980 2274 anno

156 2299 298 2343 1495.
322 2283 437 2347 apud
463 2288 611 2330 Duces
631 2283 850 2330 exercitus
873 2283 1034 2328 Veneti
1050 2315 1062 2333 ,
1083 2282 1160 2343 qui
1181 2300 1280 2326 cum
1301 2284 1439 2347 copiis
1462 2285 1556 2330 aliis
1575 2286 1747 2333 foedere
1769 2294 1982 2351 conjunc..

151 2347 208 2392 tis
239 2365 331 2393 non
353 2348 574 2394 dubitavit
596 2347 814 2393 Carolum
840 2351 993 2393 VIII.
1020 2351 1289 2392 Francorum
1310 2352 1481 2410 Regem
1504 2352 1700 2414 Neapoli
1730 2353 1775 2397 in
1793 2356 1980 2403 Galliam

151 2411 418 2457 redeuntem
435 2412 488 2457 ad
505 2417 664 2457 Forum
684 2430 850 2457 novum
868 2412 1017 2475 praelio
1038 2411 1242 2458 lacessere
1259 2410 1330 2456 sed
1346 2412 1543 2465 infelici,
1559 2414 1631 2461 die
1652 2425 1694 2461 6.
1710 2418 1816 2469 Julii
1831 2452 1843 2470 ,
1860 2437 1977 2466 anno

149 2493 242 2538 quo
275 2474 403 2539 supra
418 2494 434 2527 >3
466 2476 584 2521 unde
617 2476 755 2537 liquet
785 2475 902 2522 hunc
924 2478 1167 2522 Aridiorem
1200 2476 1426 2522 oculatum
1462 2494 1593 2541 atque
1622 2481 1734 2527 adeo
1761 2485 1979 2547 perquam.

150 2541 370 2586 idoneum
390 2542 539 2587 testem
568 2539 694 2587 fuisse
714 2559 898 2594 eorum,
916 2558 1012 2605 quae
1033 2556 1135 2586 tunc
1158 2542 1368 2605 temporis
1397 2542 1444 2588 in
1470 2545 1617 2608 primo
1647 2545 1866 2594 nascentis
1893 2550 1978 2597 leuis

151 2603 351 2668 :ingressu
372 2605 618 2668 contigere.

217 2670 419 2715 Medicas
440 2687 588 2716 autem
604 2669 810 2716 Marcelli
829 2669 946 2716 illius
965 2670 1317 2719 Observationes
1331 2706 1342 2724 ,
1361 2689 1454 2735 quae
1473 2671 1550 2718 diu
1571 2673 1803 2729 latuerant,
1824 2697 1978 2748 accep..

152 2749 217 2779 tas
236 2734 450 2781 debemus
465 2736 665 2798 Georgio
686 2736 968 2796 Hieronymo
987 2736 1195 2783 Velschio
1210 2771 1221 2789 ‚
1242 2737 1427 2783 Medico
1443 2740 1696 2800 Augustano
1712 2741 1975 2801 cio-stillimo,

153 2801 276 2854 cujus
297 2799 438 2845 studio
462 2802 660 2862 Augustae
681 2800 1020 2846 Vindelicorum
1041 2802 1169 2847 editae
1199 2801 1295 2847 sunt
1316 2807 1357 2848 in
1378 2811 1443 2859 4⁰.
1468 2799 1572 2848 anno
1598 2810 1722 2851 1668.
1744 2824 1844 2853 cum
1873 2814 1978 2860 Ob..

153 2862 479 2910 servationibus
510 2864 710 2917 Jeremiae
739 2865 925 2917 Martii,
955 2866 1140 2911 Achillis
1169 2866 1380 2919 Glafferi,
1405 2868 1589 2920 Ioannis
1610 2870 1814 2918 Udalrici
1834 2877 1977 2922 Ram-2

152 2928 265 2979 leri,
288 2928 555 2989 Hieronymi
575 2927 792 2974 Reusneri
807 2961 818 2979 ,
839 2934 884 2973 &
905 2928 1127 2991 ipsiusmet
1147 2930 1357 2976 Velscliii.

214 2993 382 3038 Prostat
413 2992 476 3037 ibi
498 2992 753 3039 observatio
774 2991 958 3054 sequens
975 3027 987 3044 ,
1007 2994 1169 3039 ordine
1188 3011 1345 3057 quarta
1362 3029 1374 3047 ‚
1405 2994 1490 3059 quai
1509 2996 1659 3046 ver-aci
1686 3000 1872 3063 quidem
1895 3005 1975 3059 sed

153 3057 340 3105 tudiore
357 3058 465 3118 stylo
485 3056 662 3103 nascens
682 3057 773 3102 lues
791 3074 982 3104 venerea
997 3058 1205 3122 graphice
1225 3059 1504 3108 describitur.

219 3126 356 3168 Anno
387 3139 521 3184 1495.
541 3122 588 3166 in
609 3120 733 3167 Italia
752 3155 764 3173 ,
785 3139 836 3168 ex
859 3140 947 3167 uno
969 3122 1139 3169 influxu
1160 3119 1347 3178 coelesti,
1368 3124 1471 3172 dum
1493 3145 1564 3175 me
1583 3131 1730 3184 recepi
1749 3131 1796 3178 in
1816 3135 1927 3184 Cas-
1948 3156 1973 3179 ιε

147 3186 237 3252 gris
256 3190 471 3238 Navarrae
502 3205 604 3235 cum
624 3186 854 3252 armigeris
874 3188 1178 3243 Dominorum
1201 3195 1479 3241 Venetorum
1509 3185 1800 3258 (Legen'dum
1827 3208 1927 3250 No-
1946 3221 1974 3245 a

1620 3264 1664 3306 H
1680 3259 1710 3306 h
1728 3261 1760 3310 h
1950 3255 1975 3266 '⁴

2084 2049 2222 2101 14952.
