<?xml version="1.0" encoding="UTF-8"?>
<!DOCTYPE html PUBLIC "-//W3C//DTD XHTML 1.0 Transitional//EN"
    "http://www.w3.org/TR/xhtml1/DTD/xhtml1-transitional.dtd">
<html xmlns="http://www.w3.org/1999/xhtml" xml:lang="en" lang="en">
 <head>
  <title>
</title>
<meta http-equiv="Content-Type" content="text/html;charset=utf-8" />
  <meta name='ocr-system' content='tesseract 3.04.00' />
  <meta name='ocr-capabilities' content='ocr_page ocr_carea ocr_par ocr_line ocrx_word'/>
</head>
<body>
  <div class='ocr_page' id='page_1' title='image "./demorbisvenereis00astr_0195.png"; bbox 0 0 2477 3643; ppageno 0'>
   <div class='ocr_carea' id='block_1_1' title="bbox 352 99 2065 164">
    <p class='ocr_par' dir='ltr' id='par_1_1' title="bbox 352 99 2065 164">
     <span class='ocr_line' id='line_1_1' title="bbox 352 99 2065 164; baseline -0.003 -16"><span class='ocrx_word' id='word_1_1' title='bbox 352 109 371 117; x_wconf 60' lang='lat'>²</span> <span class='ocrx_word' id='word_1_2' title='bbox 582 114 585 115; x_wconf 71' lang='grc'>’</span> <span class='ocrx_word' id='word_1_3' title='bbox 732 99 1529 147; x_wconf 64' lang='lat' dir='ltr'>L1nzn111.CA1³ur</span> <span class='ocrx_word' id='word_1_4' title='bbox 1595 102 1630 144; x_wconf 89' lang='grc' dir='ltr'>Ῐ.</span> <span class='ocrx_word' id='word_1_5' title='bbox 1970 113 2065 164; x_wconf 78' lang='lat'>¹59</span> 
     </span>
    </p>
   </div>
   <div class='ocr_carea' id='block_1_2' title="bbox 171 173 2064 3220">
    <p class='ocr_par' dir='ltr' id='par_1_2' title="bbox 231 173 2064 567">
     <span class='ocr_line' id='line_1_2' title="bbox 234 173 2064 244; baseline -0.001 -15"><span class='ocrx_word' id='word_1_6' title='bbox 234 180 551 229; x_wconf 82' lang='lat' dir='ltr'>inflammetur.</span> <span class='ocrx_word' id='word_1_7' title='bbox 580 180 743 228; x_wconf 78' lang='lat' dir='ltr'>Saltem</span> <span class='ocrx_word' id='word_1_8' title='bbox 775 179 850 226; x_wconf 88' lang='lat' dir='ltr'>ubi</span> <span class='ocrx_word' id='word_1_9' title='bbox 886 177 1080 244; x_wconf 75' lang='lat' dir='ltr'>primum</span> <span class='ocrx_word' id='word_1_10' title='bbox 1108 176 1380 223; x_wconf 79' lang='lat' dir='ltr'>inflammata</span> <span class='ocrx_word' id='word_1_11' title='bbox 1410 174 1504 222; x_wconf 85' lang='lat' dir='ltr'>sunt</span> <span class='ocrx_word' id='word_1_12' title='bbox 1525 173 1700 221; x_wconf 83' lang='lat' dir='ltr'>seminis</span> <span class='ocrx_word' id='word_1_13' title='bbox 1720 180 2064 242; x_wconf 84' lang='lat' dir='ltr'>conceptacula,</span> 
     </span>
     <span class='ocr_line' id='line_1_3' title="bbox 233 239 2062 309; baseline -0.002 -16"><span class='ocrx_word' id='word_1_14' title='bbox 233 246 371 293; x_wconf 85' lang='lat' dir='ltr'>debet</span> <span class='ocrx_word' id='word_1_15' title='bbox 400 251 446 291; x_wconf 85' lang='lat'>&amp;</span> <span class='ocrx_word' id='word_1_16' title='bbox 467 245 557 309; x_wconf 78' lang='lat' dir='ltr'>ipsa</span> <span class='ocrx_word' id='word_1_17' title='bbox 571 279 582 297; x_wconf 92' lang='lat'>,</span> <span class='ocrx_word' id='word_1_18' title='bbox 602 263 696 308; x_wconf 76' lang='lat' dir='ltr'>quae</span> <span class='ocrx_word' id='word_1_19' title='bbox 720 245 765 290; x_wconf 90' lang='lat' dir='ltr'>in</span> <span class='ocrx_word' id='word_1_20' title='bbox 784 261 976 306; x_wconf 71' lang='lat' dir='ltr'>utroque</span> <span class='ocrx_word' id='word_1_21' title='bbox 1009 244 1111 289; x_wconf 79' lang='lat' dir='ltr'>sexu</span> <span class='ocrx_word' id='word_1_22' title='bbox 1132 241 1216 288; x_wconf 89' lang='lat' dir='ltr'>illis</span> <span class='ocrx_word' id='word_1_23' title='bbox 1241 241 1452 303; x_wconf 80' lang='lat' dir='ltr'>contigua</span> <span class='ocrx_word' id='word_1_24' title='bbox 1472 241 1530 286; x_wconf 89' lang='lat' dir='ltr'>est</span> <span class='ocrx_word' id='word_1_25' title='bbox 1547 273 1559 292; x_wconf 91' lang='lat'>‚</span> <span class='ocrx_word' id='word_1_26' title='bbox 1579 239 1669 285; x_wconf 74' lang='lat' dir='ltr'>cito</span> <span class='ocrx_word' id='word_1_27' title='bbox 1689 240 1967 290; x_wconf 81' lang='lat' dir='ltr'>inflammari.</span> <span class='ocrx_word' id='word_1_28' title='bbox 2003 250 2062 292; x_wconf 85' lang='lat' dir='ltr'>At</span> 
     </span>
     <span class='ocr_line' id='line_1_4' title="bbox 234 304 2060 368; baseline -0.003 -11"><span class='ocrx_word' id='word_1_29' title='bbox 234 311 346 357; x_wconf 73' lang='lat' dir='ltr'>vero</span> <span class='ocrx_word' id='word_1_30' title='bbox 372 309 648 356; x_wconf 61' lang='lat' dir='ltr'>inflammata</span> <span class='ocrx_word' id='word_1_31' title='bbox 675 309 855 356; x_wconf 62' lang='lat' dir='ltr'>uretln‘ai</span> <span class='ocrx_word' id='word_1_32' title='bbox 888 308 1054 354; x_wconf 85' lang='lat' dir='ltr'>debent</span> <span class='ocrx_word' id='word_1_33' title='bbox 1078 307 1198 353; x_wconf 80' lang='lat' dir='ltr'>fibrae</span> <span class='ocrx_word' id='word_1_34' title='bbox 1232 310 1403 352; x_wconf 81' lang='lat' dir='ltr'>nerveae</span> <span class='ocrx_word' id='word_1_35' title='bbox 1429 339 1440 357; x_wconf 87' lang='lat'>,</span> <span class='ocrx_word' id='word_1_36' title='bbox 1470 322 1566 368; x_wconf 87' lang='lat' dir='ltr'>quae</span> <span class='ocrx_word' id='word_1_37' title='bbox 1592 304 1779 350; x_wconf 81' lang='lat' dir='ltr'>urethrae</span> <span class='ocrx_word' id='word_1_38' title='bbox 1813 304 2060 355; x_wconf 75' lang='lat' dir='ltr'>intertextae</span> 
     </span>
     <span class='ocr_line' id='line_1_5' title="bbox 232 367 2059 438; baseline 0 -18"><span class='ocrx_word' id='word_1_39' title='bbox 232 375 331 420; x_wconf 89' lang='lat' dir='ltr'>sunt</span> <span class='ocrx_word' id='word_1_40' title='bbox 351 409 363 428; x_wconf 84' lang='lat'>,</span> <span class='ocrx_word' id='word_1_41' title='bbox 386 375 523 438; x_wconf 81' lang='lat' dir='ltr'>magis</span> <span class='ocrx_word' id='word_1_42' title='bbox 545 375 694 426; x_wconf 85' lang='lat' dir='ltr'>tendi,</span> <span class='ocrx_word' id='word_1_43' title='bbox 718 390 848 438; x_wconf 86' lang='lat' dir='ltr'>atque</span> <span class='ocrx_word' id='word_1_44' title='bbox 868 373 972 419; x_wconf 84' lang='lat' dir='ltr'>ideo</span> <span class='ocrx_word' id='word_1_45' title='bbox 991 374 1014 418; x_wconf 64' lang='lat'>:¹1</span> <span class='ocrx_word' id='word_1_46' title='bbox 1031 370 1351 436; x_wconf 75' lang='lat' dir='ltr'>praeterfluente</span> <span class='ocrx_word' id='word_1_47' title='bbox 1374 370 1499 416; x_wconf 62' lang='lat' dir='ltr'>urina</span> <span class='ocrx_word' id='word_1_48' title='bbox 1520 368 1711 416; x_wconf 71' lang='lat' dir='ltr'>vividius</span> <span class='ocrx_word' id='word_1_49' title='bbox 1730 367 1910 415; x_wconf 82' lang='lat' dir='ltr'>succuti.</span> <span class='ocrx_word' id='word_1_50' title='bbox 1938 373 2059 420; x_wconf 83' lang='lat' dir='ltr'>Hinc</span> 
     </span>
     <span class='ocr_line' id='line_1_6' title="bbox 231 432 2060 501; baseline -0.001 -15"><span class='ocrx_word' id='word_1_51' title='bbox 231 456 340 501; x_wconf 81' lang='lat' dir='ltr'>ergo</span> <span class='ocrx_word' id='word_1_52' title='bbox 359 439 475 487; x_wconf 88' lang='lat' dir='ltr'>inter</span> <span class='ocrx_word' id='word_1_53' title='bbox 495 439 755 486; x_wconf 86' lang='lat' dir='ltr'>meiendum</span> <span class='ocrx_word' id='word_1_54' title='bbox 774 457 873 486; x_wconf 79' lang='lat' dir='ltr'>acer</span> <span class='ocrx_word' id='word_1_55' title='bbox 891 473 902 491; x_wconf 84' lang='lat'>,</span> <span class='ocrx_word' id='word_1_56' title='bbox 926 438 1111 484; x_wconf 79' lang='lat' dir='ltr'>mordax</span> <span class='ocrx_word' id='word_1_57' title='bbox 1127 471 1139 490; x_wconf 95' lang='lat'>,</span> <span class='ocrx_word' id='word_1_58' title='bbox 1159 453 1289 484; x_wconf 84' lang='lat' dir='ltr'>urens</span> <span class='ocrx_word' id='word_1_59' title='bbox 1305 435 1473 482; x_wconf 87' lang='lat' dir='ltr'>doloris</span> <span class='ocrx_word' id='word_1_60' title='bbox 1492 440 1536 481; x_wconf 69' lang='grc' dir='ltr'>ὃ(</span> <span class='ocrx_word' id='word_1_61' title='bbox 1553 434 1707 481; x_wconf 83' lang='lat' dir='ltr'>caloris</span> <span class='ocrx_word' id='word_1_62' title='bbox 1721 432 1867 480; x_wconf 84' lang='lat' dir='ltr'>sensus</span> <span class='ocrx_word' id='word_1_63' title='bbox 1884 435 1931 481; x_wconf 90' lang='lat' dir='ltr'>in</span> <span class='ocrx_word' id='word_1_64' title='bbox 1953 455 2060 484; x_wconf 84' lang='lat' dir='ltr'>ure-</span> 
     </span>
     <span class='ocr_line' id='line_1_7' title="bbox 235 504 664 567; baseline -0.007 -17"><span class='ocrx_word' id='word_1_65' title='bbox 235 504 334 550; x_wconf 65' lang='lat' dir='ltr'>thrfi</span> <span class='ocrx_word' id='word_1_66' title='bbox 351 539 362 557; x_wconf 89' lang='lat'>‚</span> <span class='ocrx_word' id='word_1_67' title='bbox 382 504 469 550; x_wconf 75' lang='lat' dir='ltr'>sive</span> <span class='ocrx_word' id='word_1_68' title='bbox 489 505 664 567; x_wconf 75' lang='lat' dir='ltr'>dysitria.</span> 
     </span>
    </p>

    <p class='ocr_par' dir='ltr' id='par_1_3' title="bbox 228 563 2057 1149">
     <span class='ocr_line' id='line_1_8' title="bbox 297 563 2057 614; baseline 0 0"><span class='ocrx_word' id='word_1_69' title='bbox 297 578 363 614; x_wconf 87' lang='lat'>60.</span> <span class='ocrx_word' id='word_1_70' title='bbox 394 571 581 614; x_wconf 80' lang='lat' dir='ltr'>Acutior</span> <span class='ocrx_word' id='word_1_71' title='bbox 616 567 787 614; x_wconf 88' lang='lat' dir='ltr'>doloris</span> <span class='ocrx_word' id='word_1_72' title='bbox 816 566 958 613; x_wconf 82' lang='lat' dir='ltr'>sensus</span> <span class='ocrx_word' id='word_1_73' title='bbox 993 567 1038 614; x_wconf 88' lang='lat' dir='ltr'>in</span> <span class='ocrx_word' id='word_1_74' title='bbox 1061 565 1241 613; x_wconf 65' lang='lat' dir='ltr'>urethrfi</span> <span class='ocrx_word' id='word_1_75' title='bbox 1274 566 1390 612; x_wconf 90' lang='lat' dir='ltr'>inter</span> <span class='ocrx_word' id='word_1_76' title='bbox 1418 563 1677 610; x_wconf 85' lang='lat' dir='ltr'>meiendum</span> <span class='ocrx_word' id='word_1_77' title='bbox 1710 563 2057 614; x_wconf 84' lang='lat' dir='ltr'>involuntariam</span> 
     </span>
     <span class='ocr_line' id='line_1_9' title="bbox 231 628 2055 698; baseline 0 -20"><span class='ocrx_word' id='word_1_78' title='bbox 231 633 489 698; x_wconf 63' lang='lat' dir='ltr'>sphindheris</span> <span class='ocrx_word' id='word_1_79' title='bbox 522 633 667 680; x_wconf 81' lang='lat' dir='ltr'>ves1cae</span> <span class='ocrx_word' id='word_1_80' title='bbox 698 633 1053 679; x_wconf 63' lang='lat' dir='ltr'>constrictionem</span> <span class='ocrx_word' id='word_1_81' title='bbox 1076 631 1265 678; x_wconf 86' lang='lat' dir='ltr'>advocat</span> <span class='ocrx_word' id='word_1_82' title='bbox 1296 648 1348 676; x_wconf 84' lang='lat' dir='ltr'>ex</span> <span class='ocrx_word' id='word_1_83' title='bbox 1374 645 1484 677; x_wconf 91' lang='lat' dir='ltr'>noto</span> <span class='ocrx_word' id='word_1_84' title='bbox 1505 628 1849 693; x_wconf 80' lang='lat' dir='ltr'>sympathiarum</span> <span class='ocrx_word' id='word_1_85' title='bbox 1873 632 2055 678; x_wconf 88' lang='lat' dir='ltr'>mecha-</span> 
     </span>
     <span class='ocr_line' id='line_1_10' title="bbox 229 693 2056 762; baseline -0.001 -18"><span class='ocrx_word' id='word_1_86' title='bbox 229 698 390 744; x_wconf 87' lang='lat' dir='ltr'>nismo.</span> <span class='ocrx_word' id='word_1_87' title='bbox 434 699 554 744; x_wconf 87' lang='lat' dir='ltr'>Hinc</span> <span class='ocrx_word' id='word_1_88' title='bbox 584 716 693 762; x_wconf 80' lang='lat' dir='ltr'>ergo</span> <span class='ocrx_word' id='word_1_89' title='bbox 732 697 1015 761; x_wconf 80' lang='lat' dir='ltr'>supprimitur</span> <span class='ocrx_word' id='word_1_90' title='bbox 1048 696 1349 742; x_wconf 73' lang='lat' dir='ltr'>involuntarie</span> <span class='ocrx_word' id='word_1_91' title='bbox 1383 694 1517 740; x_wconf 80' lang='lat' dir='ltr'>urinae</span> <span class='ocrx_word' id='word_1_92' title='bbox 1544 693 1715 745; x_wconf 86' lang='lat' dir='ltr'>fluxus,</span> <span class='ocrx_word' id='word_1_93' title='bbox 1749 693 1823 740; x_wconf 88' lang='lat' dir='ltr'>sed</span> <span class='ocrx_word' id='word_1_94' title='bbox 1849 696 1926 758; x_wconf 89' lang='lat' dir='ltr'>qui</span> <span class='ocrx_word' id='word_1_95' title='bbox 1956 697 2056 762; x_wconf 85' lang='lat' dir='ltr'>sup-</span> 
     </span>
     <span class='ocr_line' id='line_1_11' title="bbox 228 759 2057 827; baseline 0.001 -19"><span class='ocrx_word' id='word_1_96' title='bbox 228 763 391 826; x_wconf 81' lang='lat' dir='ltr'>prellus</span> <span class='ocrx_word' id='word_1_97' title='bbox 407 780 636 810; x_wconf 87' lang='lat' dir='ltr'>momento</span> <span class='ocrx_word' id='word_1_98' title='bbox 657 763 868 827; x_wconf 87' lang='lat' dir='ltr'>temporis</span> <span class='ocrx_word' id='word_1_99' title='bbox 886 761 1035 807; x_wconf 67' lang='lat' dir='ltr'>denuo</span> <span class='ocrx_word' id='word_1_100' title='bbox 1054 760 1325 825; x_wconf 85' lang='lat' dir='ltr'>permittitur</span> <span class='ocrx_word' id='word_1_101' title='bbox 1348 759 1586 806; x_wconf 87' lang='lat' dir='ltr'>voluntatis</span> <span class='ocrx_word' id='word_1_102' title='bbox 1607 759 1796 823; x_wconf 88' lang='lat' dir='ltr'>imperio</span> <span class='ocrx_word' id='word_1_103' title='bbox 1813 793 1825 811; x_wconf 90' lang='lat'>,</span> <span class='ocrx_word' id='word_1_104' title='bbox 1844 760 2057 810; x_wconf 83' lang='lat' dir='ltr'>similibus</span> 
     </span>
     <span class='ocr_line' id='line_1_12' title="bbox 229 823 2055 891; baseline 0 -18"><span class='ocrx_word' id='word_1_105' title='bbox 229 826 288 874; x_wconf 90' lang='lat' dir='ltr'>de</span> <span class='ocrx_word' id='word_1_106' title='bbox 309 827 438 874; x_wconf 81' lang='lat' dir='ltr'>causis</span> <span class='ocrx_word' id='word_1_107' title='bbox 454 828 616 874; x_wconf 75' lang='lat' dir='ltr'>iterum</span> <span class='ocrx_word' id='word_1_108' title='bbox 637 829 889 890; x_wconf 72' lang='lat' dir='ltr'>iterumque</span> <span class='ocrx_word' id='word_1_109' title='bbox 911 826 1120 891; x_wconf 83' lang='lat' dir='ltr'><strong>deinceps</strong></span> <span class='ocrx_word' id='word_1_110' title='bbox 1139 831 1183 871; x_wconf 58' lang='grc' dir='ltr'>ἃ</span> <span class='ocrx_word' id='word_1_111' title='bbox 1205 824 1540 889; x_wconf 86' lang='lat' dir='ltr'>supprimendus</span> <span class='ocrx_word' id='word_1_112' title='bbox 1567 829 1612 870; x_wconf 85' lang='lat'>&amp;</span> <span class='ocrx_word' id='word_1_113' title='bbox 1642 823 1964 888; x_wconf 87' lang='lat' dir='ltr'>permittendus</span> <span class='ocrx_word' id='word_1_114' title='bbox 1989 828 2055 873; x_wconf 88' lang='lat' dir='ltr'>al-</span> 
     </span>
     <span class='ocr_line' id='line_1_13' title="bbox 230 888 2055 954; baseline -0.001 -15"><span class='ocrx_word' id='word_1_115' title='bbox 230 894 484 939; x_wconf 86' lang='lat' dir='ltr'>ternatione</span> <span class='ocrx_word' id='word_1_116' title='bbox 504 893 674 939; x_wconf 68' lang='lat' dir='ltr'>eadem.</span> <span class='ocrx_word' id='word_1_117' title='bbox 699 893 819 938; x_wconf 83' lang='lat' dir='ltr'>Hinc</span> <span class='ocrx_word' id='word_1_118' title='bbox 840 906 946 954; x_wconf 84' lang='lat' dir='ltr'>ergo</span> <span class='ocrx_word' id='word_1_119' title='bbox 966 890 1014 937; x_wconf 85' lang='lat' dir='ltr'>fit</span> <span class='ocrx_word' id='word_1_120' title='bbox 1030 926 1042 944; x_wconf 90' lang='lat'>‚</span> <span class='ocrx_word' id='word_1_121' title='bbox 1064 907 1111 937; x_wconf 89' lang='lat' dir='ltr'>ut</span> <span class='ocrx_word' id='word_1_122' title='bbox 1125 891 1250 936; x_wconf 89' lang='lat' dir='ltr'>urina</span> <span class='ocrx_word' id='word_1_123' title='bbox 1271 907 1363 935; x_wconf 90' lang='lat' dir='ltr'>non</span> <span class='ocrx_word' id='word_1_124' title='bbox 1386 889 1538 952; x_wconf 84' lang='lat' dir='ltr'>aequali</span> <span class='ocrx_word' id='word_1_125' title='bbox 1558 905 1715 936; x_wconf 87' lang='lat' dir='ltr'>tenore</span> <span class='ocrx_word' id='word_1_126' title='bbox 1735 894 1779 934; x_wconf 65' lang='grc' dir='ltr'>δέ</span> <span class='ocrx_word' id='word_1_127' title='bbox 1800 888 1921 936; x_wconf 86' lang='lat' dir='ltr'>fluxu</span> <span class='ocrx_word' id='word_1_128' title='bbox 1940 910 2055 938; x_wconf 82' lang='lat' dir='ltr'>con-</span> 
     </span>
     <span class='ocr_line' id='line_1_14' title="bbox 230 952 2054 1021; baseline -0.001 -18"><span class='ocrx_word' id='word_1_129' title='bbox 230 958 358 1003; x_wconf 87' lang='lat' dir='ltr'>tinuo</span> <span class='ocrx_word' id='word_1_130' title='bbox 378 959 604 1004; x_wconf 79' lang='lat' dir='ltr'>emittatur</span> <span class='ocrx_word' id='word_1_131' title='bbox 621 959 667 1003; x_wconf 91' lang='lat' dir='ltr'>in</span> <span class='ocrx_word' id='word_1_132' title='bbox 688 956 958 1021; x_wconf 62' lang='lat' dir='ltr'>gonorrhoeai</span> <span class='ocrx_word' id='word_1_133' title='bbox 973 990 985 1007; x_wconf 90' lang='lat'>‚</span> <span class='ocrx_word' id='word_1_134' title='bbox 1009 955 1081 1003; x_wconf 87' lang='lat' dir='ltr'>sed</span> <span class='ocrx_word' id='word_1_135' title='bbox 1100 955 1322 1002; x_wconf 75' lang='lat' dir='ltr'>laboriose</span> <span class='ocrx_word' id='word_1_136' title='bbox 1339 989 1350 1006; x_wconf 83' lang='lat'>‚</span> <span class='ocrx_word' id='word_1_137' title='bbox 1370 953 1627 1018; x_wconf 80' lang='lat' dir='ltr'>interruptis</span> <span class='ocrx_word' id='word_1_138' title='bbox 1654 952 1824 1000; x_wconf 87' lang='lat' dir='ltr'>vicibus</span> <span class='ocrx_word' id='word_1_139' title='bbox 1840 989 1853 1006; x_wconf 91' lang='lat'><em>‚</em></span> <span class='ocrx_word' id='word_1_140' title='bbox 1885 955 2054 1003; x_wconf 78' lang='lat' dir='ltr'>subsul-</span> 
     </span>
     <span class='ocr_line' id='line_1_15' title="bbox 229 1018 2054 1086; baseline -0.001 -18"><span class='ocrx_word' id='word_1_141' title='bbox 229 1023 311 1068; x_wconf 87' lang='lat' dir='ltr'>tim</span> <span class='ocrx_word' id='word_1_142' title='bbox 327 1055 339 1074; x_wconf 88' lang='lat'>‚</span> <span class='ocrx_word' id='word_1_143' title='bbox 360 1023 566 1085; x_wconf 79' lang='lat' dir='ltr'>guttatim</span> <span class='ocrx_word' id='word_1_144' title='bbox 581 1057 593 1075; x_wconf 92' lang='lat'>‚</span> <span class='ocrx_word' id='word_1_145' title='bbox 611 1028 653 1068; x_wconf 65' lang='grc' dir='ltr'>ὃς</span> <span class='ocrx_word' id='word_1_146' title='bbox 685 1021 801 1086; x_wconf 75' lang='lat' dir='ltr'>quasi</span> <span class='ocrx_word' id='word_1_147' title='bbox 829 1039 905 1085; x_wconf 85' lang='lat' dir='ltr'>per</span> <span class='ocrx_word' id='word_1_148' title='bbox 926 1021 1195 1067; x_wconf 89' lang='lat' dir='ltr'>stillicidium</span> <span class='ocrx_word' id='word_1_149' title='bbox 1210 1053 1222 1072; x_wconf 89' lang='lat'>,</span> <span class='ocrx_word' id='word_1_150' title='bbox 1245 1018 1331 1065; x_wconf 89' lang='lat' dir='ltr'>hoc</span> <span class='ocrx_word' id='word_1_151' title='bbox 1352 1020 1410 1065; x_wconf 87' lang='lat' dir='ltr'>est</span> <span class='ocrx_word' id='word_1_152' title='bbox 1431 1034 1477 1064; x_wconf 85' lang='lat' dir='ltr'>ut</span> <span class='ocrx_word' id='word_1_153' title='bbox 1489 1019 1729 1083; x_wconf 69' lang='lat' dir='ltr'>stranguriae</span> <span class='ocrx_word' id='word_1_154' title='bbox 1758 1036 1860 1065; x_wconf 90' lang='lat' dir='ltr'>cum</span> <span class='ocrx_word' id='word_1_155' title='bbox 1879 1021 2054 1083; x_wconf 61' lang='lat' dir='ltr'>dysuriss</span> 
     </span>
     <span class='ocr_line' id='line_1_16' title="bbox 230 1090 542 1149; baseline -0.003 -16"><span class='ocrx_word' id='word_1_156' title='bbox 230 1090 542 1149; x_wconf 83' lang='lat' dir='ltr'>conjungatur.</span> 
     </span>
    </p>

    <p class='ocr_par' dir='ltr' id='par_1_4' title="bbox 225 1146 2053 1600">
     <span class='ocr_line' id='line_1_17' title="bbox 292 1146 2053 1211; baseline -0.001 -13"><span class='ocrx_word' id='word_1_157' title='bbox 292 1161 357 1209; x_wconf 88' lang='lat'>7⁰.</span> <span class='ocrx_word' id='word_1_158' title='bbox 388 1152 595 1198; x_wconf 86' lang='lat' dir='ltr'>Calentia</span> <span class='ocrx_word' id='word_1_159' title='bbox 623 1156 668 1196; x_wconf 71' lang='grc' dir='ltr'>δε</span> <span class='ocrx_word' id='word_1_160' title='bbox 697 1148 970 1195; x_wconf 80' lang='lat' dir='ltr'>inflammata</span> <span class='ocrx_word' id='word_1_161' title='bbox 1005 1147 1182 1195; x_wconf 89' lang='lat' dir='ltr'>seminis</span> <span class='ocrx_word' id='word_1_162' title='bbox 1211 1146 1527 1210; x_wconf 81' lang='lat' dir='ltr'>conceptacula</span> <span class='ocrx_word' id='word_1_163' title='bbox 1555 1146 1646 1210; x_wconf 81' lang='lat' dir='ltr'>ipsa</span> <span class='ocrx_word' id='word_1_164' title='bbox 1669 1148 1853 1211; x_wconf 87' lang='lat' dir='ltr'>quidem</span> <span class='ocrx_word' id='word_1_165' title='bbox 1884 1149 2053 1197; x_wconf 72' lang='lat' dir='ltr'>acutius</span> 
     </span>
     <span class='ocr_line' id='line_1_18' title="bbox 227 1210 2050 1278; baseline -0.001 -16"><span class='ocrx_word' id='word_1_166' title='bbox 227 1216 422 1263; x_wconf 85' lang='lat' dir='ltr'>sentiunt</span> <span class='ocrx_word' id='word_1_167' title='bbox 443 1234 454 1268; x_wconf 76' lang='lat'>3</span> <span class='ocrx_word' id='word_1_168' title='bbox 474 1214 669 1261; x_wconf 73' lang='lat' dir='ltr'>vividius</span> <span class='ocrx_word' id='word_1_169' title='bbox 700 1216 810 1261; x_wconf 70' lang='lat' dir='ltr'>verb</span> <span class='ocrx_word' id='word_1_170' title='bbox 841 1213 1139 1278; x_wconf 89' lang='lat' dir='ltr'>percelluntur</span> <span class='ocrx_word' id='word_1_171' title='bbox 1163 1213 1187 1258; x_wconf 72' lang='lat' dir='ltr'>a</span> <span class='ocrx_word' id='word_1_172' title='bbox 1213 1213 1377 1259; x_wconf 88' lang='lat' dir='ltr'>semine</span> <span class='ocrx_word' id='word_1_173' title='bbox 1412 1228 1485 1257; x_wconf 82' lang='lat' dir='ltr'>aut</span> <span class='ocrx_word' id='word_1_174' title='bbox 1517 1210 1716 1258; x_wconf 84' lang='lat' dir='ltr'>seminali</span> <span class='ocrx_word' id='word_1_175' title='bbox 1745 1213 1886 1260; x_wconf 80' lang='lat' dir='ltr'>fluido</span> <span class='ocrx_word' id='word_1_176' title='bbox 1906 1249 1918 1267; x_wconf 88' lang='lat'>,</span> <span class='ocrx_word' id='word_1_177' title='bbox 1958 1233 2050 1278; x_wconf 90' lang='lat' dir='ltr'>quo</span> 
     </span>
     <span class='ocr_line' id='line_1_19' title="bbox 227 1276 2050 1342; baseline 0 -16"><span class='ocrx_word' id='word_1_178' title='bbox 227 1297 433 1342; x_wconf 75' lang='lat' dir='ltr'>turgent,</span> <span class='ocrx_word' id='word_1_179' title='bbox 456 1281 625 1325; x_wconf 82' lang='lat' dir='ltr'>acriore</span> <span class='ocrx_word' id='word_1_180' title='bbox 667 1285 712 1324; x_wconf 52' lang='grc' dir='ltr'>δι’</span> <span class='ocrx_word' id='word_1_181' title='bbox 744 1280 972 1325; x_wconf 75' lang='lat' dir='ltr'>calidiore.</span> <span class='ocrx_word' id='word_1_182' title='bbox 1015 1278 1134 1324; x_wconf 80' lang='lat' dir='ltr'>Hinc</span> <span class='ocrx_word' id='word_1_183' title='bbox 1172 1294 1278 1340; x_wconf 79' lang='lat' dir='ltr'>ergo</span> <span class='ocrx_word' id='word_1_184' title='bbox 1308 1276 1448 1339; x_wconf 81' lang='lat' dir='ltr'>liquet</span> <span class='ocrx_word' id='word_1_185' title='bbox 1481 1277 1767 1342; x_wconf 79' lang='lat' dir='ltr'>multiplicari</span> <span class='ocrx_word' id='word_1_186' title='bbox 1799 1286 1843 1325; x_wconf 66' lang='grc' dir='ltr'>ἅτ</span> <span class='ocrx_word' id='word_1_187' title='bbox 1874 1281 2050 1326; x_wconf 87' lang='lat' dir='ltr'>intendi</span> 
     </span>
     <span class='ocr_line' id='line_1_20' title="bbox 226 1340 2051 1408; baseline 0.001 -18"><span class='ocrx_word' id='word_1_188' title='bbox 226 1340 413 1407; x_wconf 63' lang='lat' dir='ltr'>utraque</span> <span class='ocrx_word' id='word_1_189' title='bbox 434 1344 559 1390; x_wconf 65' lang='lat' dir='ltr'>causa</span> <span class='ocrx_word' id='word_1_190' title='bbox 590 1361 798 1390; x_wconf 83' lang='lat' dir='ltr'>venereas</span> <span class='ocrx_word' id='word_1_191' title='bbox 823 1343 1084 1407; x_wconf 74' lang='lat' dir='ltr'>genitalium</span> <span class='ocrx_word' id='word_1_192' title='bbox 1118 1343 1395 1388; x_wconf 81' lang='lat' dir='ltr'>titillationes</span> <span class='ocrx_word' id='word_1_193' title='bbox 1415 1374 1427 1392; x_wconf 88' lang='lat'>‚</span> <span class='ocrx_word' id='word_1_194' title='bbox 1454 1342 1770 1389; x_wconf 81' lang='lat' dir='ltr'>acceleratores</span> <span class='ocrx_word' id='word_1_195' title='bbox 1789 1344 1977 1408; x_wconf 85' lang='lat' dir='ltr'>proinde</span> <span class='ocrx_word' id='word_1_196' title='bbox 2004 1350 2051 1390; x_wconf 70' lang='grc' dir='ltr'>ὃ(</span> 
     </span>
     <span class='ocr_line' id='line_1_21' title="bbox 225 1406 2052 1473; baseline 0 -18"><span class='ocrx_word' id='word_1_197' title='bbox 225 1413 447 1456; x_wconf 67' lang='lat' dir='ltr'>erestores</span> <span class='ocrx_word' id='word_1_198' title='bbox 478 1408 696 1455; x_wconf 85' lang='lat' dir='ltr'>musculos</span> <span class='ocrx_word' id='word_1_199' title='bbox 726 1426 779 1454; x_wconf 83' lang='lat' dir='ltr'>ex</span> <span class='ocrx_word' id='word_1_200' title='bbox 803 1408 1145 1473; x_wconf 82' lang='lat' dir='ltr'>sympathiarum</span> <span class='ocrx_word' id='word_1_201' title='bbox 1175 1406 1347 1470; x_wconf 76' lang='lat' dir='ltr'>legibus</span> <span class='ocrx_word' id='word_1_202' title='bbox 1374 1406 1419 1450; x_wconf 86' lang='lat' dir='ltr'>in</span> <span class='ocrx_word' id='word_1_203' title='bbox 1443 1408 1769 1454; x_wconf 68' lang='lat' dir='ltr'>contracTtiones</span> <span class='ocrx_word' id='word_1_204' title='bbox 1793 1413 1978 1470; x_wconf 72' lang='lat' dir='ltr'>majoxes</span> <span class='ocrx_word' id='word_1_205' title='bbox 2004 1415 2052 1455; x_wconf 72' lang='lat'>36</span> 
     </span>
     <span class='ocr_line' id='line_1_22' title="bbox 225 1470 2052 1538; baseline 0.001 -18"><span class='ocrx_word' id='word_1_206' title='bbox 225 1474 553 1537; x_wconf 82' lang='lat' dir='ltr'>frequentiores</span> <span class='ocrx_word' id='word_1_207' title='bbox 589 1474 785 1537; x_wconf 79' lang='lat' dir='ltr'>agendos</span> <span class='ocrx_word' id='word_1_208' title='bbox 822 1473 906 1520; x_wconf 82' lang='lat' dir='ltr'>effe</span> <span class='ocrx_word' id='word_1_209' title='bbox 928 1507 940 1526; x_wconf 85' lang='lat'>‚</span> <span class='ocrx_word' id='word_1_210' title='bbox 979 1490 1230 1538; x_wconf 89' lang='lat' dir='ltr'>penemque</span> <span class='ocrx_word' id='word_1_211' title='bbox 1260 1472 1414 1536; x_wconf 86' lang='lat' dir='ltr'>sponte</span> <span class='ocrx_word' id='word_1_212' title='bbox 1448 1470 1700 1519; x_wconf 81' lang='lat' dir='ltr'>identidem</span> <span class='ocrx_word' id='word_1_213' title='bbox 1730 1471 1977 1519; x_wconf 81' lang='lat' dir='ltr'>inflandum</span> <span class='ocrx_word' id='word_1_214' title='bbox 2004 1480 2052 1521; x_wconf 68' lang='grc' dir='ltr'>ὃ(</span> 
     </span>
     <span class='ocr_line' id='line_1_23' title="bbox 228 1537 1937 1600; baseline -0.003 -15"><span class='ocrx_word' id='word_1_215' title='bbox 228 1539 506 1586; x_wconf 85' lang='lat' dir='ltr'>tendendum</span> <span class='ocrx_word' id='word_1_216' title='bbox 527 1538 639 1590; x_wconf 76' lang='lat' dir='ltr'>effe3</span> <span class='ocrx_word' id='word_1_217' title='bbox 659 1538 776 1584; x_wconf 88' lang='lat' dir='ltr'>unde</span> <span class='ocrx_word' id='word_1_218' title='bbox 788 1540 977 1600; x_wconf 75' lang='lat' dir='ltr'>frequens</span> <span class='ocrx_word' id='word_1_219' title='bbox 998 1544 1042 1584; x_wconf 61' lang='grc' dir='ltr'>δέ</span> <span class='ocrx_word' id='word_1_220' title='bbox 1062 1540 1342 1583; x_wconf 60' lang='lat' dir='ltr'>involuntaria</span> <span class='ocrx_word' id='word_1_221' title='bbox 1358 1537 1510 1582; x_wconf 66' lang='lat' dir='ltr'>ereffio.</span> <span class='ocrx_word' id='word_1_222' title='bbox 1864 1597 1867 1600; x_wconf 9' lang='grc' dir='ltr'><strong><em>ἡ</em></strong></span> <span class='ocrx_word' id='word_1_223' title='bbox 1934 1582 1937 1585; x_wconf 70' lang='grc'>,</span> 
     </span>
    </p>

    <p class='ocr_par' dir='ltr' id='par_1_5' title="bbox 225 1600 2051 1924">
     <span class='ocr_line' id='line_1_24' title="bbox 280 1600 2050 1666; baseline -0.001 -16"><span class='ocrx_word' id='word_1_224' title='bbox 280 1610 344 1650; x_wconf 82' lang='lat'>8⁰.</span> <span class='ocrx_word' id='word_1_225' title='bbox 371 1604 515 1650; x_wconf 86' lang='lat' dir='ltr'>Simili</span> <span class='ocrx_word' id='word_1_226' title='bbox 544 1602 801 1649; x_wconf 66' lang='lat' dir='ltr'>mechanica</span> <span class='ocrx_word' id='word_1_227' title='bbox 821 1602 975 1666; x_wconf 86' lang='lat' dir='ltr'>sponte</span> <span class='ocrx_word' id='word_1_228' title='bbox 1009 1607 1054 1647; x_wconf 71' lang='grc' dir='ltr'>δε</span> <span class='ocrx_word' id='word_1_229' title='bbox 1087 1601 1176 1647; x_wconf 87' lang='lat' dir='ltr'>fine</span> <span class='ocrx_word' id='word_1_230' title='bbox 1195 1600 1365 1665; x_wconf 87' lang='lat' dir='ltr'>praeviis</span> <span class='ocrx_word' id='word_1_231' title='bbox 1386 1601 1559 1646; x_wconf 81' lang='lat' dir='ltr'>veneris</span> <span class='ocrx_word' id='word_1_232' title='bbox 1588 1600 1812 1647; x_wconf 83' lang='lat' dir='ltr'>illecebris</span> <span class='ocrx_word' id='word_1_233' title='bbox 1831 1603 2050 1650; x_wconf 81' lang='lat' dir='ltr'>excitatur</span> 
     </span>
     <span class='ocr_line' id='line_1_25' title="bbox 225 1665 2049 1732; baseline 0 -19"><span class='ocrx_word' id='word_1_234' title='bbox 225 1668 274 1713; x_wconf 87' lang='lat' dir='ltr'>in</span> <span class='ocrx_word' id='word_1_235' title='bbox 300 1668 559 1715; x_wconf 82' lang='lat' dir='ltr'>mulieribus</span> <span class='ocrx_word' id='word_1_236' title='bbox 579 1702 589 1721; x_wconf 93' lang='lat'><em>‚</em></span> <span class='ocrx_word' id='word_1_237' title='bbox 610 1684 702 1732; x_wconf 77' lang='lat' dir='ltr'>quae</span> <span class='ocrx_word' id='word_1_238' title='bbox 733 1666 1003 1730; x_wconf 65' lang='lat' dir='ltr'>gonorrhoea</span> <span class='ocrx_word' id='word_1_239' title='bbox 1027 1666 1233 1711; x_wconf 80' lang='lat' dir='ltr'>laborant</span> <span class='ocrx_word' id='word_1_240' title='bbox 1251 1699 1263 1718; x_wconf 93' lang='lat'>,</span> <span class='ocrx_word' id='word_1_241' title='bbox 1288 1665 1499 1727; x_wconf 84' lang='lat' dir='ltr'>frequens</span> <span class='ocrx_word' id='word_1_242' title='bbox 1530 1671 1575 1711; x_wconf 85' lang='lat'>&amp;</span> <span class='ocrx_word' id='word_1_243' title='bbox 1603 1665 1904 1712; x_wconf 80' lang='lat' dir='ltr'>involuntaria</span> <span class='ocrx_word' id='word_1_244' title='bbox 1938 1685 2049 1713; x_wconf 88' lang='lat' dir='ltr'>con-</span> 
     </span>
     <span class='ocr_line' id='line_1_26' title="bbox 229 1729 2050 1794; baseline -0.001 -15"><span class='ocrx_word' id='word_1_245' title='bbox 229 1734 384 1779; x_wconf 56' lang='lat' dir='ltr'>tracho</span> <span class='ocrx_word' id='word_1_246' title='bbox 417 1733 630 1779; x_wconf 87' lang='lat' dir='ltr'>fibrarum</span> <span class='ocrx_word' id='word_1_247' title='bbox 663 1750 924 1778; x_wconf 87' lang='lat' dir='ltr'>carnearum</span> <span class='ocrx_word' id='word_1_248' title='bbox 951 1731 1117 1794; x_wconf 82' lang='lat' dir='ltr'>vaginae</span> <span class='ocrx_word' id='word_1_249' title='bbox 1135 1764 1147 1782; x_wconf 87' lang='lat'>,</span> <span class='ocrx_word' id='word_1_250' title='bbox 1169 1746 1262 1776; x_wconf 88' lang='lat' dir='ltr'>tum</span> <span class='ocrx_word' id='word_1_251' title='bbox 1292 1729 1712 1792; x_wconf 75' lang='lat' dir='ltr'>longitudinalium,</span> <span class='ocrx_word' id='word_1_252' title='bbox 1741 1747 1834 1776; x_wconf 90' lang='lat' dir='ltr'>tum</span> <span class='ocrx_word' id='word_1_253' title='bbox 1861 1732 2050 1778; x_wconf 87' lang='lat' dir='ltr'>circula-</span> 
     </span>
     <span class='ocr_line' id='line_1_27' title="bbox 230 1795 2051 1862; baseline 0 -19"><span class='ocrx_word' id='word_1_254' title='bbox 230 1798 345 1843; x_wconf 84' lang='lat' dir='ltr'>rium</span> <span class='ocrx_word' id='word_1_255' title='bbox 363 1832 374 1850; x_wconf 91' lang='lat'>,</span> <span class='ocrx_word' id='word_1_256' title='bbox 392 1798 511 1844; x_wconf 89' lang='lat' dir='ltr'>unde</span> <span class='ocrx_word' id='word_1_257' title='bbox 536 1797 742 1860; x_wconf 85' lang='lat' dir='ltr'>frequens</span> <span class='ocrx_word' id='word_1_258' title='bbox 761 1803 805 1843; x_wconf 83' lang='lat'>&amp;</span> <span class='ocrx_word' id='word_1_259' title='bbox 828 1795 1130 1842; x_wconf 82' lang='lat' dir='ltr'>involuntaria</span> <span class='ocrx_word' id='word_1_260' title='bbox 1149 1800 1304 1858; x_wconf 62' lang='lat' dir='ltr'>vaginae</span> <span class='ocrx_word' id='word_1_261' title='bbox 1332 1797 1562 1858; x_wconf 73' lang='lat' dir='ltr'>rigescentia</span> <span class='ocrx_word' id='word_1_262' title='bbox 1584 1800 1628 1842; x_wconf 67' lang='grc' dir='ltr'>δε</span> <span class='ocrx_word' id='word_1_263' title='bbox 1658 1797 1853 1842; x_wconf 76' lang='lat' dir='ltr'>clitoridis</span> <span class='ocrx_word' id='word_1_264' title='bbox 1870 1802 2014 1862; x_wconf 79' lang='lat' dir='ltr'>tentigo</span> <span class='ocrx_word' id='word_1_265' title='bbox 2032 1836 2051 1852; x_wconf 80' lang='lat'><em>,</em></span> 
     </span>
     <span class='ocr_line' id='line_1_28' title="bbox 227 1861 1096 1924; baseline -0.006 -14"><span class='ocrx_word' id='word_1_266' title='bbox 227 1864 363 1910; x_wconf 83' lang='lat' dir='ltr'>etiam</span> <span class='ocrx_word' id='word_1_267' title='bbox 382 1863 489 1908; x_wconf 89' lang='lat' dir='ltr'>dum</span> <span class='ocrx_word' id='word_1_268' title='bbox 506 1862 746 1908; x_wconf 67' lang='lat' dir='ltr'>libidinose</span> <span class='ocrx_word' id='word_1_269' title='bbox 767 1879 859 1906; x_wconf 86' lang='lat' dir='ltr'>non</span> <span class='ocrx_word' id='word_1_270' title='bbox 882 1861 1096 1924; x_wconf 79' lang='lat' dir='ltr'>cogitant.</span> 
     </span>
    </p>

    <p class='ocr_par' dir='ltr' id='par_1_6' title="bbox 225 1923 2051 2252">
     <span class='ocr_line' id='line_1_29' title="bbox 296 1923 2050 1991; baseline 0 -19"><span class='ocrx_word' id='word_1_271' title='bbox 296 1936 359 1984; x_wconf 82' lang='lat'>90.</span> <span class='ocrx_word' id='word_1_272' title='bbox 390 1928 478 1974; x_wconf 85' lang='lat' dir='ltr'>Sed</span> <span class='ocrx_word' id='word_1_273' title='bbox 498 1928 604 1972; x_wconf 90' lang='lat' dir='ltr'>dum</span> <span class='ocrx_word' id='word_1_274' title='bbox 626 1927 747 1991; x_wconf 83' lang='lat' dir='ltr'>penis</span> <span class='ocrx_word' id='word_1_275' title='bbox 763 1927 949 1990; x_wconf 74' lang='lat' dir='ltr'>erigitur</span> <span class='ocrx_word' id='word_1_276' title='bbox 969 1960 980 1977; x_wconf 92' lang='lat'>‚</span> <span class='ocrx_word' id='word_1_277' title='bbox 1010 1924 1177 1970; x_wconf 78' lang='lat' dir='ltr'>necesse</span> <span class='ocrx_word' id='word_1_278' title='bbox 1197 1925 1254 1970; x_wconf 86' lang='lat' dir='ltr'>est</span> <span class='ocrx_word' id='word_1_279' title='bbox 1275 1923 1497 1969; x_wconf 86' lang='lat' dir='ltr'>urethtam</span> <span class='ocrx_word' id='word_1_280' title='bbox 1518 1923 1697 1969; x_wconf 69' lang='lat' dir='ltr'>distrahi</span> <span class='ocrx_word' id='word_1_281' title='bbox 1712 1957 1724 1975; x_wconf 88' lang='lat'>‚</span> <span class='ocrx_word' id='word_1_282' title='bbox 1746 1929 1791 1970; x_wconf 64' lang='grc' dir='ltr'>δέ</span> <span class='ocrx_word' id='word_1_283' title='bbox 1816 1926 2022 1987; x_wconf 85' lang='lat' dir='ltr'>prostatas</span> <span class='ocrx_word' id='word_1_284' title='bbox 2036 1959 2050 1978; x_wconf 86' lang='lat'>,</span> 
     </span>
     <span class='ocr_line' id='line_1_30' title="bbox 225 1988 2050 2054; baseline -0.001 -16"><span class='ocrx_word' id='word_1_285' title='bbox 225 1992 433 2038; x_wconf 78' lang='lat' dir='ltr'>vesiculas</span> <span class='ocrx_word' id='word_1_286' title='bbox 467 1991 717 2039; x_wconf 72' lang='lat' dir='ltr'>seminarias</span> <span class='ocrx_word' id='word_1_287' title='bbox 740 2026 751 2044; x_wconf 85' lang='lat'>‚</span> <span class='ocrx_word' id='word_1_288' title='bbox 773 1996 816 2037; x_wconf 69' lang='grc' dir='ltr'>δε</span> <span class='ocrx_word' id='word_1_289' title='bbox 848 1991 1072 2054; x_wconf 78' lang='lat' dir='ltr'>glandulas</span> <span class='ocrx_word' id='word_1_290' title='bbox 1097 1990 1416 2052; x_wconf 82' lang='lat' dir='ltr'>Cowperianas</span> <span class='ocrx_word' id='word_1_291' title='bbox 1431 2023 1442 2040; x_wconf 83' lang='lat'>‚</span> <span class='ocrx_word' id='word_1_292' title='bbox 1461 2007 1554 2052; x_wconf 81' lang='lat' dir='ltr'>quae</span> <span class='ocrx_word' id='word_1_293' title='bbox 1574 1989 1676 2052; x_wconf 86' lang='lat' dir='ltr'>peni</span> <span class='ocrx_word' id='word_1_294' title='bbox 1702 1988 1901 2053; x_wconf 82' lang='lat' dir='ltr'>appositae</span> <span class='ocrx_word' id='word_1_295' title='bbox 1922 1992 2020 2037; x_wconf 84' lang='lat' dir='ltr'>sunt</span> <span class='ocrx_word' id='word_1_296' title='bbox 2036 2025 2050 2043; x_wconf 94' lang='lat'>‚</span> 
     </span>
     <span class='ocr_line' id='line_1_31' title="bbox 225 2053 2051 2122; baseline -0.001 -20"><span class='ocrx_word' id='word_1_297' title='bbox 225 2057 477 2122; x_wconf 85' lang='lat' dir='ltr'>comprimi.</span> <span class='ocrx_word' id='word_1_298' title='bbox 508 2057 593 2102; x_wconf 84' lang='lat' dir='ltr'>lllae</span> <span class='ocrx_word' id='word_1_299' title='bbox 627 2057 736 2102; x_wconf 76' lang='lat' dir='ltr'>vero</span> <span class='ocrx_word' id='word_1_300' title='bbox 756 2072 898 2120; x_wconf 88' lang='lat' dir='ltr'>partes</span> <span class='ocrx_word' id='word_1_301' title='bbox 915 2091 926 2108; x_wconf 83' lang='lat'>‚</span> <span class='ocrx_word' id='word_1_302' title='bbox 949 2055 1047 2100; x_wconf 76' lang='lat' dir='ltr'>cum</span> <span class='ocrx_word' id='word_1_303' title='bbox 1068 2072 1120 2101; x_wconf 84' lang='lat' dir='ltr'>ex</span> <span class='ocrx_word' id='word_1_304' title='bbox 1153 2054 1278 2099; x_wconf 62' lang='lat' dir='ltr'>dictis</span> <span class='ocrx_word' id='word_1_305' title='bbox 1297 2053 1578 2100; x_wconf 78' lang='lat' dir='ltr'>inflammatae</span> <span class='ocrx_word' id='word_1_306' title='bbox 1604 2053 1685 2099; x_wconf 83' lang='lat' dir='ltr'>sint</span> <span class='ocrx_word' id='word_1_307' title='bbox 1702 2088 1713 2104; x_wconf 92' lang='lat'>,</span> <span class='ocrx_word' id='word_1_308' title='bbox 1737 2071 1881 2117; x_wconf 85' lang='lat' dir='ltr'>neque</span> <span class='ocrx_word' id='word_1_309' title='bbox 1903 2056 2051 2102; x_wconf 60' lang='lat' dir='ltr'>distra-</span> 
     </span>
     <span class='ocr_line' id='line_1_32' title="bbox 227 2118 2050 2185; baseline -0.001 -18"><span class='ocrx_word' id='word_1_310' title='bbox 227 2121 274 2168; x_wconf 85' lang='lat' dir='ltr'>hi</span> <span class='ocrx_word' id='word_1_311' title='bbox 290 2156 302 2174; x_wconf 81' lang='grc'>,</span> <span class='ocrx_word' id='word_1_312' title='bbox 324 2140 469 2185; x_wconf 88' lang='lat' dir='ltr'>neque</span> <span class='ocrx_word' id='word_1_313' title='bbox 496 2122 732 2184; x_wconf 82' lang='lat' dir='ltr'>comprimi</span> <span class='ocrx_word' id='word_1_314' title='bbox 753 2121 926 2185; x_wconf 72' lang='lat' dir='ltr'>possunt</span> <span class='ocrx_word' id='word_1_315' title='bbox 943 2120 1031 2166; x_wconf 79' lang='lat' dir='ltr'>fine</span> <span class='ocrx_word' id='word_1_316' title='bbox 1061 2135 1190 2180; x_wconf 82' lang='lat' dir='ltr'>acuto</span> <span class='ocrx_word' id='word_1_317' title='bbox 1210 2119 1383 2165; x_wconf 84' lang='lat' dir='ltr'>dolore.</span> <span class='ocrx_word' id='word_1_318' title='bbox 1420 2122 1535 2181; x_wconf 81' lang='lat' dir='ltr'>Ergo</span> <span class='ocrx_word' id='word_1_319' title='bbox 1562 2118 1782 2164; x_wconf 78' lang='lat' dir='ltr'>neceffum</span> <span class='ocrx_word' id='word_1_320' title='bbox 1807 2121 1865 2166; x_wconf 87' lang='lat' dir='ltr'>est</span> <span class='ocrx_word' id='word_1_321' title='bbox 1889 2122 2050 2166; x_wconf 62' lang='lat' dir='ltr'>emelio-</span> 
     </span>
     <span class='ocr_line' id='line_1_33' title="bbox 227 2182 2004 2252; baseline -0.001 -21"><span class='ocrx_word' id='word_1_322' title='bbox 227 2204 314 2234; x_wconf 79' lang='lat' dir='ltr'>nem</span> <span class='ocrx_word' id='word_1_323' title='bbox 328 2191 441 2252; x_wconf 86' lang='lat' dir='ltr'>penis</span> <span class='ocrx_word' id='word_1_324' title='bbox 457 2225 469 2240; x_wconf 90' lang='lat'><em>‚</em></span> <span class='ocrx_word' id='word_1_325' title='bbox 485 2203 580 2249; x_wconf 84' lang='lat' dir='ltr'>quae</span> <span class='ocrx_word' id='word_1_326' title='bbox 599 2187 645 2230; x_wconf 93' lang='lat' dir='ltr'>in</span> <span class='ocrx_word' id='word_1_327' title='bbox 667 2185 935 2249; x_wconf 64' lang='lat' dir='ltr'>gonorrlioezi</span> <span class='ocrx_word' id='word_1_328' title='bbox 951 2184 1209 2248; x_wconf 88' lang='lat' dir='ltr'>frequenter</span> <span class='ocrx_word' id='word_1_329' title='bbox 1228 2182 1480 2248; x_wconf 86' lang='lat' dir='ltr'>supervenit</span> <span class='ocrx_word' id='word_1_330' title='bbox 1500 2217 1511 2234; x_wconf 90' lang='lat'>‚</span> <span class='ocrx_word' id='word_1_331' title='bbox 1532 2184 1778 2244; x_wconf 70' lang='lat' dir='ltr'>dolortficam</span> <span class='ocrx_word' id='word_1_332' title='bbox 1802 2199 1894 2230; x_wconf 77' lang='lat' dir='ltr'>tnnc</span> <span class='ocrx_word' id='word_1_333' title='bbox 1921 2187 2004 2245; x_wconf 69' lang='lat' dir='ltr'>‘ff’-</span> 
     </span>
    </p>

    <p class='ocr_par' dir='ltr' id='par_1_7' title="bbox 228 2247 2052 2637">
     <span class='ocr_line' id='line_1_34' title="bbox 292 2247 2052 2313; baseline 0 -17"><span class='ocrx_word' id='word_1_334' title='bbox 292 2260 384 2297; x_wconf 83' lang='lat'>100.</span> <span class='ocrx_word' id='word_1_335' title='bbox 416 2253 511 2296; x_wconf 83' lang='lat' dir='ltr'>Pari</span> <span class='ocrx_word' id='word_1_336' title='bbox 530 2269 709 2313; x_wconf 87' lang='lat' dir='ltr'>quoque</span> <span class='ocrx_word' id='word_1_337' title='bbox 727 2250 866 2295; x_wconf 82' lang='lat' dir='ltr'>modo</span> <span class='ocrx_word' id='word_1_338' title='bbox 890 2251 935 2295; x_wconf 82' lang='lat' dir='ltr'>in</span> <span class='ocrx_word' id='word_1_339' title='bbox 955 2249 1148 2295; x_wconf 84' lang='lat' dir='ltr'>foeminis</span> <span class='ocrx_word' id='word_1_340' title='bbox 1169 2283 1179 2299; x_wconf 93' lang='lat'>,</span> <span class='ocrx_word' id='word_1_341' title='bbox 1198 2249 1305 2294; x_wconf 91' lang='lat' dir='ltr'>dum</span> <span class='ocrx_word' id='word_1_342' title='bbox 1323 2249 1435 2311; x_wconf 77' lang='lat' dir='ltr'>riget</span> <span class='ocrx_word' id='word_1_343' title='bbox 1456 2253 1501 2292; x_wconf 71' lang='lat' dir='ltr'>Sc</span> <span class='ocrx_word' id='word_1_344' title='bbox 1526 2247 1722 2293; x_wconf 88' lang='lat' dir='ltr'>tenditur</span> <span class='ocrx_word' id='word_1_345' title='bbox 1742 2248 1900 2311; x_wconf 82' lang='lat' dir='ltr'>vagina</span> <span class='ocrx_word' id='word_1_346' title='bbox 1920 2250 2052 2296; x_wconf 87' lang='lat' dir='ltr'>tenti-</span> 
     </span>
     <span class='ocr_line' id='line_1_35' title="bbox 229 2313 2052 2378; baseline 0 -18"><span class='ocrx_word' id='word_1_347' title='bbox 229 2315 360 2378; x_wconf 74' lang='lat' dir='ltr'>gine,</span> <span class='ocrx_word' id='word_1_348' title='bbox 393 2316 581 2362; x_wconf 87' lang='lat' dir='ltr'>interior</span> <span class='ocrx_word' id='word_1_349' title='bbox 602 2315 720 2360; x_wconf 87' lang='lat' dir='ltr'>illius</span> <span class='ocrx_word' id='word_1_350' title='bbox 754 2314 1015 2361; x_wconf 79' lang='lat' dir='ltr'>membrana</span> <span class='ocrx_word' id='word_1_351' title='bbox 1047 2313 1337 2376; x_wconf 84' lang='lat' dir='ltr'>complicatur</span> <span class='ocrx_word' id='word_1_352' title='bbox 1367 2347 1378 2364; x_wconf 88' lang='lat'>,</span> <span class='ocrx_word' id='word_1_353' title='bbox 1413 2328 1759 2376; x_wconf 88' lang='lat' dir='ltr'>premunturque</span> <span class='ocrx_word' id='word_1_354' title='bbox 1787 2315 1982 2377; x_wconf 85' lang='lat' dir='ltr'>prostatae</span> <span class='ocrx_word' id='word_1_355' title='bbox 2005 2320 2052 2361; x_wconf 73' lang='grc' dir='ltr'>δε</span> 
     </span>
     <span class='ocr_line' id='line_1_36' title="bbox 228 2376 2048 2443; baseline 0 -19"><span class='ocrx_word' id='word_1_356' title='bbox 228 2380 444 2442; x_wconf 63' lang='lat' dir='ltr'>glandulae</span> <span class='ocrx_word' id='word_1_357' title='bbox 464 2381 775 2443; x_wconf 79' lang='lat' dir='ltr'>Cowperianae</span> <span class='ocrx_word' id='word_1_358' title='bbox 790 2412 802 2430; x_wconf 83' lang='grc'>,</span> <span class='ocrx_word' id='word_1_359' title='bbox 821 2397 914 2441; x_wconf 83' lang='lat' dir='ltr'>quae</span> <span class='ocrx_word' id='word_1_360' title='bbox 938 2380 1105 2441; x_wconf 68' lang='lat' dir='ltr'>vaginae</span> <span class='ocrx_word' id='word_1_361' title='bbox 1127 2378 1336 2436; x_wconf 68' lang='lat' dir='ltr'>adjicent.</span> <span class='ocrx_word' id='word_1_362' title='bbox 1358 2378 1445 2423; x_wconf 81' lang='lat' dir='ltr'>Sed</span> <span class='ocrx_word' id='word_1_363' title='bbox 1463 2394 1543 2423; x_wconf 88' lang='lat' dir='ltr'>nec</span> <span class='ocrx_word' id='word_1_364' title='bbox 1561 2376 1820 2423; x_wconf 85' lang='lat' dir='ltr'>membrana</span> <span class='ocrx_word' id='word_1_365' title='bbox 1838 2377 1912 2423; x_wconf 89' lang='lat' dir='ltr'>illa</span> <span class='ocrx_word' id='word_1_366' title='bbox 1926 2397 2048 2424; x_wconf 84' lang='lat' dir='ltr'>com·</span> 
     </span>
     <span class='ocr_line' id='line_1_37' title="bbox 230 2441 2052 2508; baseline 0 -19"><span class='ocrx_word' id='word_1_367' title='bbox 230 2444 411 2508; x_wconf 85' lang='lat' dir='ltr'>plicari,</span> <span class='ocrx_word' id='word_1_368' title='bbox 434 2461 514 2490; x_wconf 89' lang='lat' dir='ltr'>nec</span> <span class='ocrx_word' id='word_1_369' title='bbox 543 2445 736 2508; x_wconf 78' lang='lat' dir='ltr'>prostatae</span> <span class='ocrx_word' id='word_1_370' title='bbox 764 2443 1067 2506; x_wconf 76' lang='lat' dir='ltr'>glandulaeque</span> <span class='ocrx_word' id='word_1_371' title='bbox 1091 2443 1402 2507; x_wconf 79' lang='lat' dir='ltr'>Cowperianae</span> <span class='ocrx_word' id='word_1_372' title='bbox 1429 2441 1571 2506; x_wconf 88' lang='lat' dir='ltr'>premi</span> <span class='ocrx_word' id='word_1_373' title='bbox 1593 2441 1766 2504; x_wconf 74' lang='lat' dir='ltr'>poliunt</span> <span class='ocrx_word' id='word_1_374' title='bbox 1785 2441 1892 2487; x_wconf 86' lang='lat' dir='ltr'>citra</span> <span class='ocrx_word' id='word_1_375' title='bbox 1917 2443 2052 2489; x_wconf 89' lang='lat' dir='ltr'>dolo-</span> 
     </span>
     <span class='ocr_line' id='line_1_38' title="bbox 234 2505 2051 2572; baseline 0 -18"><span class='ocrx_word' id='word_1_376' title='bbox 234 2526 326 2554; x_wconf 87' lang='lat' dir='ltr'>rem</span> <span class='ocrx_word' id='word_1_377' title='bbox 344 2507 502 2554; x_wconf 79' lang='lat' dir='ltr'>saevum</span> <span class='ocrx_word' id='word_1_378' title='bbox 521 2542 532 2560; x_wconf 83' lang='lat'>‚</span> <span class='ocrx_word' id='word_1_379' title='bbox 560 2509 724 2572; x_wconf 86' lang='lat' dir='ltr'>quippe</span> <span class='ocrx_word' id='word_1_380' title='bbox 748 2525 841 2570; x_wconf 65' lang='lat' dir='ltr'>quat</span> <span class='ocrx_word' id='word_1_381' title='bbox 867 2507 1218 2554; x_wconf 83' lang='lat' dir='ltr'>inflammatione</span> <span class='ocrx_word' id='word_1_382' title='bbox 1250 2523 1490 2553; x_wconf 81' lang='lat' dir='ltr'>tentantur.</span> <span class='ocrx_word' id='word_1_383' title='bbox 1531 2507 1670 2569; x_wconf 82' lang='lat' dir='ltr'>Igitur</span> <span class='ocrx_word' id='word_1_384' title='bbox 1702 2511 1746 2552; x_wconf 62' lang='grc' dir='ltr'>δέ</span> <span class='ocrx_word' id='word_1_385' title='bbox 1776 2506 1823 2551; x_wconf 89' lang='lat' dir='ltr'>in</span> <span class='ocrx_word' id='word_1_386' title='bbox 1853 2505 2051 2554; x_wconf 84' lang='lat' dir='ltr'>foeminis</span> 
     </span>
     <span class='ocr_line' id='line_1_39' title="bbox 228 2571 1981 2637; baseline -0.001 -19"><span class='ocrx_word' id='word_1_387' title='bbox 228 2590 408 2637; x_wconf 87' lang='lat' dir='ltr'>quoque</span> <span class='ocrx_word' id='word_1_388' title='bbox 429 2572 579 2636; x_wconf 78' lang='lat' dir='ltr'>rigidae</span> <span class='ocrx_word' id='word_1_389' title='bbox 602 2576 737 2618; x_wconf 67' lang='lat' dir='ltr'>vulvae</span> <span class='ocrx_word' id='word_1_390' title='bbox 756 2578 800 2617; x_wconf 63' lang='grc' dir='ltr'>δέ</span> <span class='ocrx_word' id='word_1_391' title='bbox 818 2578 975 2636; x_wconf 75' lang='lat' dir='ltr'>vaginae</span> <span class='ocrx_word' id='word_1_392' title='bbox 997 2577 1139 2636; x_wconf 77' lang='lat' dir='ltr'>tentigo</span> <span class='ocrx_word' id='word_1_393' title='bbox 1161 2573 1366 2634; x_wconf 72' lang='lat' dir='ltr'>dolorifica</span> <span class='ocrx_word' id='word_1_394' title='bbox 1388 2571 1535 2616; x_wconf 88' lang='lat' dir='ltr'>futura</span> <span class='ocrx_word' id='word_1_395' title='bbox 1560 2573 1617 2617; x_wconf 90' lang='lat' dir='ltr'>est</span> <span class='ocrx_word' id='word_1_396' title='bbox 1634 2572 1679 2616; x_wconf 88' lang='lat' dir='ltr'>in</span> <span class='ocrx_word' id='word_1_397' title='bbox 1697 2571 1981 2633; x_wconf 64' lang='lat' dir='ltr'>gonorrhoea.</span> 
     </span>
    </p>

    <p class='ocr_par' dir='ltr' id='par_1_8' title="bbox 230 2635 2049 2956">
     <span class='ocr_line' id='line_1_40' title="bbox 298 2635 2049 2700; baseline 0 -18"><span class='ocrx_word' id='word_1_398' title='bbox 298 2641 389 2682; x_wconf 72' lang='lat'><strong>11⁰.</strong></span> <span class='ocrx_word' id='word_1_399' title='bbox 418 2638 632 2694; x_wconf 84' lang='lat' dir='ltr'>Quandiu</span> <span class='ocrx_word' id='word_1_400' title='bbox 663 2635 955 2683; x_wconf 72' lang='lat' dir='ltr'>inflammatio</span> <span class='ocrx_word' id='word_1_401' title='bbox 988 2636 1292 2683; x_wconf 81' lang='lat' dir='ltr'>verendorum</span> <span class='ocrx_word' id='word_1_402' title='bbox 1319 2639 1416 2682; x_wconf 60' lang='lat' dir='ltr'>aestu</span> <span class='ocrx_word' id='word_1_403' title='bbox 1446 2636 1594 2698; x_wconf 77' lang='lat' dir='ltr'>viget,</span> <span class='ocrx_word' id='word_1_404' title='bbox 1621 2653 1701 2682; x_wconf 89' lang='lat' dir='ltr'>nec</span> <span class='ocrx_word' id='word_1_405' title='bbox 1729 2636 1775 2680; x_wconf 89' lang='lat' dir='ltr'>in</span> <span class='ocrx_word' id='word_1_406' title='bbox 1803 2636 1902 2682; x_wconf 89' lang='lat' dir='ltr'>viro</span> <span class='ocrx_word' id='word_1_407' title='bbox 1925 2637 2049 2700; x_wconf 87' lang='lat' dir='ltr'>penis</span> 
     </span>
     <span class='ocr_line' id='line_1_41' title="bbox 231 2700 2048 2764; baseline -0.001 -16"><span class='ocrx_word' id='word_1_408' title='bbox 231 2702 374 2764; x_wconf 76' lang='lat' dir='ltr'>erigi,</span> <span class='ocrx_word' id='word_1_409' title='bbox 395 2718 467 2747; x_wconf 78' lang='lat' dir='ltr'>aut</span> <span class='ocrx_word' id='word_1_410' title='bbox 487 2705 654 2749; x_wconf 66' lang='lat' dir='ltr'>erestus</span> <span class='ocrx_word' id='word_1_411' title='bbox 671 2701 865 2755; x_wconf 80' lang='lat' dir='ltr'>intrudi3</span> <span class='ocrx_word' id='word_1_412' title='bbox 890 2719 970 2748; x_wconf 89' lang='lat' dir='ltr'>nec</span> <span class='ocrx_word' id='word_1_413' title='bbox 987 2703 1032 2748; x_wconf 84' lang='lat' dir='ltr'>in</span> <span class='ocrx_word' id='word_1_414' title='bbox 1046 2700 1234 2752; x_wconf 68' lang='lat' dir='ltr'>foeminzi</span> <span class='ocrx_word' id='word_1_415' title='bbox 1251 2700 1412 2763; x_wconf 83' lang='lat' dir='ltr'>vagina</span> <span class='ocrx_word' id='word_1_416' title='bbox 1430 2700 1604 2745; x_wconf 83' lang='lat' dir='ltr'>dilatari</span> <span class='ocrx_word' id='word_1_417' title='bbox 1625 2735 1636 2752; x_wconf 92' lang='lat'>‚</span> <span class='ocrx_word' id='word_1_418' title='bbox 1654 2717 1726 2746; x_wconf 82' lang='lat' dir='ltr'>aut</span> <span class='ocrx_word' id='word_1_419' title='bbox 1754 2700 1934 2746; x_wconf 83' lang='lat' dir='ltr'>dilatata</span> <span class='ocrx_word' id='word_1_420' title='bbox 1956 2700 2048 2747; x_wconf 82' lang='lat' dir='ltr'>suc—</span> 
     </span>
     <span class='ocr_line' id='line_1_42' title="bbox 230 2764 2047 2829; baseline -0.002 -16"><span class='ocrx_word' id='word_1_421' title='bbox 230 2767 322 2813; x_wconf 90' lang='lat' dir='ltr'>cuti</span> <span class='ocrx_word' id='word_1_422' title='bbox 353 2768 491 2829; x_wconf 88' lang='lat' dir='ltr'>potest</span> <span class='ocrx_word' id='word_1_423' title='bbox 519 2767 607 2812; x_wconf 85' lang='lat' dir='ltr'>fine</span> <span class='ocrx_word' id='word_1_424' title='bbox 643 2765 802 2813; x_wconf 88' lang='lat' dir='ltr'>dolore</span> <span class='ocrx_word' id='word_1_425' title='bbox 821 2800 833 2819; x_wconf 88' lang='lat'>‚</span> <span class='ocrx_word' id='word_1_426' title='bbox 853 2771 972 2823; x_wconf 80' lang='lat' dir='ltr'>cujus</span> <span class='ocrx_word' id='word_1_427' title='bbox 1004 2766 1191 2813; x_wconf 80' lang='lat' dir='ltr'>intenfio</span> <span class='ocrx_word' id='word_1_428' title='bbox 1212 2764 1574 2811; x_wconf 85' lang='lat' dir='ltr'>inflammationis</span> <span class='ocrx_word' id='word_1_429' title='bbox 1600 2764 1834 2812; x_wconf 79' lang='lat' dir='ltr'>intensioni</span> <span class='ocrx_word' id='word_1_430' title='bbox 1866 2765 2047 2828; x_wconf 87' lang='lat' dir='ltr'>respon-</span> 
     </span>
     <span class='ocr_line' id='line_1_43' title="bbox 230 2829 2045 2895; baseline 0.001 -19"><span class='ocrx_word' id='word_1_431' title='bbox 230 2833 347 2877; x_wconf 85' lang='lat' dir='ltr'>deat.</span> <span class='ocrx_word' id='word_1_432' title='bbox 380 2833 490 2877; x_wconf 90' lang='lat' dir='ltr'>Non</span> <span class='ocrx_word' id='word_1_433' title='bbox 528 2829 702 2895; x_wconf 72' lang='lat' dir='ltr'>polsunt</span> <span class='ocrx_word' id='word_1_434' title='bbox 721 2848 831 2894; x_wconf 83' lang='lat' dir='ltr'>ergo</span> <span class='ocrx_word' id='word_1_435' title='bbox 846 2865 857 2883; x_wconf 89' lang='lat'>,</span> <span class='ocrx_word' id='word_1_436' title='bbox 881 2848 963 2877; x_wconf 88' lang='lat' dir='ltr'>nec</span> <span class='ocrx_word' id='word_1_437' title='bbox 993 2831 1087 2882; x_wconf 89' lang='lat' dir='ltr'>vir,</span> <span class='ocrx_word' id='word_1_438' title='bbox 1119 2848 1199 2876; x_wconf 89' lang='lat' dir='ltr'>nec</span> <span class='ocrx_word' id='word_1_439' title='bbox 1227 2829 1412 2874; x_wconf 86' lang='lat' dir='ltr'>foemina</span> <span class='ocrx_word' id='word_1_440' title='bbox 1430 2863 1441 2882; x_wconf 84' lang='lat'>‚</span> <span class='ocrx_word' id='word_1_441' title='bbox 1464 2829 1661 2892; x_wconf 85' lang='lat' dir='ltr'>quandiu</span> <span class='ocrx_word' id='word_1_442' title='bbox 1679 2829 1952 2894; x_wconf 70' lang='lat' dir='ltr'>gonorrhoezi</span> <span class='ocrx_word' id='word_1_443' title='bbox 1976 2830 2045 2877; x_wconf 89' lang='lat' dir='ltr'>in-</span> 
     </span>
     <span class='ocr_line' id='line_1_44' title="bbox 233 2893 1427 2956; baseline 0 -16"><span class='ocrx_word' id='word_1_444' title='bbox 233 2896 527 2941; x_wconf 65' lang='lat' dir='ltr'>flammatorifi</span> <span class='ocrx_word' id='word_1_445' title='bbox 548 2895 747 2940; x_wconf 86' lang='lat' dir='ltr'>laborant</span> <span class='ocrx_word' id='word_1_446' title='bbox 765 2929 776 2947; x_wconf 94' lang='lat'>,</span> <span class='ocrx_word' id='word_1_447' title='bbox 795 2899 936 2940; x_wconf 71' lang='lat' dir='ltr'>veneri</span> <span class='ocrx_word' id='word_1_448' title='bbox 959 2895 1163 2956; x_wconf 76' lang='lat' dir='ltr'>indulgere</span> <span class='ocrx_word' id='word_1_449' title='bbox 1173 2896 1262 2955; x_wconf 83' lang='lat' dir='ltr'>fine</span> <span class='ocrx_word' id='word_1_450' title='bbox 1280 2893 1427 2940; x_wconf 82' lang='lat' dir='ltr'>dolore.</span> 
     </span>
    </p>

    <p class='ocr_par' dir='ltr' id='par_1_9' title="bbox 171 2957 2049 3220">
     <span class='ocr_line' id='line_1_45' title="bbox 303 2957 2046 3021; baseline 0.001 -18"><span class='ocrx_word' id='word_1_451' title='bbox 303 2962 390 3006; x_wconf 83' lang='lat'>12⁰.</span> <span class='ocrx_word' id='word_1_452' title='bbox 427 2960 639 3016; x_wconf 80' lang='lat' dir='ltr'>Quandiu</span> <span class='ocrx_word' id='word_1_453' title='bbox 677 2975 826 3004; x_wconf 81' lang='lat' dir='ltr'>manet</span> <span class='ocrx_word' id='word_1_454' title='bbox 866 2957 1158 3003; x_wconf 75' lang='lat' dir='ltr'>inflammatio</span> <span class='ocrx_word' id='word_1_455' title='bbox 1199 2958 1619 3021; x_wconf 86' lang='lat' dir='ltr'>conceptaculotum</span> <span class='ocrx_word' id='word_1_456' title='bbox 1653 2957 1830 3004; x_wconf 88' lang='lat' dir='ltr'>seminis</span> <span class='ocrx_word' id='word_1_457' title='bbox 1853 2992 1865 3011; x_wconf 89' lang='lat'>,</span> <span class='ocrx_word' id='word_1_458' title='bbox 1893 2959 2046 3005; x_wconf 87' lang='lat' dir='ltr'>tandiu</span> 
     </span>
     <span class='ocr_line' id='line_1_46' title="bbox 233 3021 2048 3087; baseline -0.001 -17"><span class='ocrx_word' id='word_1_459' title='bbox 233 3024 368 3070; x_wconf 83' lang='lat' dir='ltr'>fluida</span> <span class='ocrx_word' id='word_1_460' title='bbox 403 3023 626 3072; x_wconf 84' lang='lat' dir='ltr'>seminalia</span> <span class='ocrx_word' id='word_1_461' title='bbox 650 3022 817 3069; x_wconf 82' lang='lat' dir='ltr'>debent</span> <span class='ocrx_word' id='word_1_462' title='bbox 840 3022 1016 3069; x_wconf 75' lang='lat' dir='ltr'>uberius</span> <span class='ocrx_word' id='word_1_463' title='bbox 1046 3022 1214 3069; x_wconf 89' lang='lat' dir='ltr'>secerni</span> <span class='ocrx_word' id='word_1_464' title='bbox 1235 3021 1410 3083; x_wconf 68' lang='lat' dir='ltr'>gemina</span> <span class='ocrx_word' id='word_1_465' title='bbox 1429 3022 1485 3068; x_wconf 91' lang='lat' dir='ltr'>de</span> <span class='ocrx_word' id='word_1_466' title='bbox 1516 3023 1643 3068; x_wconf 60' lang='lat' dir='ltr'>causa</span> <span class='ocrx_word' id='word_1_467' title='bbox 1659 3057 1671 3074; x_wconf 85' lang='lat'>‚</span> <span class='ocrx_word' id='word_1_468' title='bbox 1693 3039 1786 3068; x_wconf 92' lang='lat' dir='ltr'>tum</span> <span class='ocrx_word' id='word_1_469' title='bbox 1815 3023 1936 3087; x_wconf 75' lang='lat' dir='ltr'>quod</span> <span class='ocrx_word' id='word_1_470' title='bbox 1956 3041 2048 3070; x_wconf 86' lang='lat' dir='ltr'>ma·</span> 
     </span>
     <span class='ocr_line' id='line_1_47' title="bbox 228 3086 2049 3152; baseline 0 -17"><span class='ocrx_word' id='word_1_471' title='bbox 228 3088 394 3152; x_wconf 85' lang='lat' dir='ltr'>joribus</span> <span class='ocrx_word' id='word_1_472' title='bbox 414 3095 460 3134; x_wconf 86' lang='lat'>&amp;</span> <span class='ocrx_word' id='word_1_473' title='bbox 482 3087 892 3135; x_wconf 86' lang='lat' dir='ltr'>vehementioribus</span> <span class='ocrx_word' id='word_1_474' title='bbox 923 3088 1177 3134; x_wconf 82' lang='lat' dir='ltr'>arteriarum</span> <span class='ocrx_word' id='word_1_475' title='bbox 1198 3086 1547 3134; x_wconf 87' lang='lat' dir='ltr'>oscillationibus</span> <span class='ocrx_word' id='word_1_476' title='bbox 1572 3086 1730 3134; x_wconf 75' lang='lat' dir='ltr'>fortius</span> <span class='ocrx_word' id='word_1_477' title='bbox 1745 3089 2049 3152; x_wconf 87' lang='lat' dir='ltr'>exprimantur</span> 
     </span>
     <span class='ocr_line' id='line_1_48' title="bbox 171 3151 2048 3220; baseline -0.001 -17"><span class='ocrx_word' id='word_1_478' title='bbox 171 3188 173 3190; x_wconf 56' lang='lat'>&gt;</span> <span class='ocrx_word' id='word_1_479' title='bbox 232 3172 310 3220; x_wconf 87' lang='lat' dir='ltr'>per</span> <span class='ocrx_word' id='word_1_480' title='bbox 328 3154 542 3201; x_wconf 81' lang='lat' dir='ltr'>colatoria</span> <span class='ocrx_word' id='word_1_481' title='bbox 558 3187 570 3207; x_wconf 89' lang='lat'>‚</span> <span class='ocrx_word' id='word_1_482' title='bbox 589 3170 683 3202; x_wconf 87' lang='lat' dir='ltr'>tum</span> <span class='ocrx_word' id='word_1_483' title='bbox 701 3153 824 3219; x_wconf 72' lang='lat' dir='ltr'>quod</span> <span class='ocrx_word' id='word_1_484' title='bbox 843 3151 896 3199; x_wconf 85' lang='lat' dir='ltr'>ab</span> <span class='ocrx_word' id='word_1_485' title='bbox 922 3152 1117 3202; x_wconf 86' lang='lat' dir='ltr'>haerente</span> <span class='ocrx_word' id='word_1_486' title='bbox 1141 3159 1187 3201; x_wconf 66' lang='grc' dir='ltr'>ὃς</span> <span class='ocrx_word' id='word_1_487' title='bbox 1206 3154 1431 3216; x_wconf 83' lang='lat' dir='ltr'>stagnante</span> <span class='ocrx_word' id='word_1_488' title='bbox 1456 3170 1617 3201; x_wconf 89' lang='lat' dir='ltr'>cruore</span> <span class='ocrx_word' id='word_1_489' title='bbox 1647 3153 1872 3202; x_wconf 81' lang='lat' dir='ltr'>colatoriis</span> <span class='ocrx_word' id='word_1_490' title='bbox 1888 3152 2048 3219; x_wconf 78' lang='lat' dir='ltr'>sugge-</span> 
     </span>
    </p>
   </div>
   <div class='ocr_carea' id='block_1_3' title="bbox 2098 587 2330 689">
    <p class='ocr_par' dir='ltr' id='par_1_10' title="bbox 2098 587 2330 689">
     <span class='ocr_line' id='line_1_49' title="bbox 2150 587 2330 627; baseline 0.028 -5"><span class='ocrx_word' id='word_1_491' title='bbox 2150 591 2185 623; x_wconf 83' lang='lat'>6.</span> <span class='ocrx_word' id='word_1_492' title='bbox 2207 587 2330 627; x_wconf 73' lang='lat' dir='ltr'>Stran-</span> 
     </span>
     <span class='ocr_line' id='line_1_50' title="bbox 2098 637 2221 689; baseline 0.016 -15"><span class='ocrx_word' id='word_1_493' title='bbox 2098 637 2221 689; x_wconf 63' lang='lat' dir='ltr'>gutia,</span> 
     </span>
    </p>
   </div>
   <div class='ocr_carea' id='block_1_4' title="bbox 2094 1161 2327 1404">
    <p class='ocr_par' dir='ltr' id='par_1_11' title="bbox 2094 1161 2327 1404">
     <span class='ocr_line' id='line_1_51' title="bbox 2157 1161 2323 1205; baseline -0.012 -7"><span class='ocrx_word' id='word_1_494' title='bbox 2157 1171 2198 1205; x_wconf 86' lang='lat'>7.</span> <span class='ocrx_word' id='word_1_495' title='bbox 2233 1161 2323 1197; x_wconf 70' lang='lat' dir='ltr'>Fre·</span> 
     </span>
     <span class='ocr_line' id='line_1_52' title="bbox 2094 1213 2327 1260; baseline 0.009 -14"><span class='ocrx_word' id='word_1_496' title='bbox 2094 1216 2251 1260; x_wconf 81' lang='lat' dir='ltr'>quens&amp;</span> <span class='ocrx_word' id='word_1_497' title='bbox 2276 1213 2327 1248; x_wconf 80' lang='lat' dir='ltr'>in·-</span> 
     </span>
     <span class='ocr_line' id='line_1_53' title="bbox 2094 1262 2302 1301; baseline 0.014 -4"><span class='ocrx_word' id='word_1_498' title='bbox 2094 1262 2302 1301; x_wconf 76' lang='lat' dir='ltr'>voluntaria</span> 
     </span>
     <span class='ocr_line' id='line_1_54' title="bbox 2094 1314 2294 1357; baseline 0.03 -8"><span class='ocrx_word' id='word_1_499' title='bbox 2094 1314 2230 1352; x_wconf 68' lang='lat' dir='ltr'>crestio</span> <span class='ocrx_word' id='word_1_500' title='bbox 2258 1315 2294 1357; x_wconf 78' lang='lat' dir='ltr'>iu</span> 
     </span>
     <span class='ocr_line' id='line_1_55' title="bbox 2097 1366 2195 1404; baseline 0 0"><span class='ocrx_word' id='word_1_501' title='bbox 2097 1366 2195 1404; x_wconf 68' lang='lat' dir='ltr'>vixis.</span> 
     </span>
    </p>
   </div>
   <div class='ocr_carea' id='block_1_5' title="bbox 2093 1601 2326 1798">
    <p class='ocr_par' dir='ltr' id='par_1_12' title="bbox 2093 1601 2326 1798">
     <span class='ocr_line' id='line_1_56' title="bbox 2115 1601 2324 1654; baseline 0.005 -15"><span class='ocrx_word' id='word_1_502' title='bbox 2115 1606 2151 1639; x_wconf 86' lang='lat'>8.</span> <span class='ocrx_word' id='word_1_503' title='bbox 2179 1601 2324 1654; x_wconf 72' lang='lat' dir='ltr'>vaginae</span> 
     </span>
     <span class='ocr_line' id='line_1_57' title="bbox 2093 1653 2326 1691; baseline 0 -1"><span class='ocrx_word' id='word_1_504' title='bbox 2093 1658 2130 1690; x_wconf 77' lang='grc' dir='ltr'>ὅτ.</span> <span class='ocrx_word' id='word_1_505' title='bbox 2147 1653 2326 1691; x_wconf 78' lang='lat' dir='ltr'>clitoridis</span> 
     </span>
     <span class='ocr_line' id='line_1_58' title="bbox 2093 1706 2299 1757; baseline 0.019 -17"><span class='ocrx_word' id='word_1_506' title='bbox 2093 1706 2234 1757; x_wconf 80' lang='lat' dir='ltr'>tentigo</span> <span class='ocrx_word' id='word_1_507' title='bbox 2261 1707 2299 1744; x_wconf 82' lang='lat' dir='ltr'>in</span> 
     </span>
     <span class='ocr_line' id='line_1_59' title="bbox 2093 1756 2270 1798; baseline 0.023 -5"><span class='ocrx_word' id='word_1_508' title='bbox 2093 1756 2270 1798; x_wconf 76' lang='lat' dir='ltr'>foeminis.</span> 
     </span>
    </p>
   </div>
   <div class='ocr_carea' id='block_1_6' title="bbox 2096 1891 2325 1987">
    <p class='ocr_par' dir='ltr' id='par_1_13' title="bbox 2096 1891 2325 1987">
     <span class='ocr_line' id='line_1_60' title="bbox 2120 1891 2325 1933; baseline 0.005 -6"><span class='ocrx_word' id='word_1_509' title='bbox 2120 1905 2157 1933; x_wconf 82' lang='grc'>9.</span> <span class='ocrx_word' id='word_1_510' title='bbox 2178 1891 2325 1928; x_wconf 61' lang='lat' dir='ltr'>Erectio</span> 
     </span>
     <span class='ocr_line' id='line_1_61' title="bbox 2096 1941 2306 1987; baseline 0.019 -9"><span class='ocrx_word' id='word_1_511' title='bbox 2096 1941 2306 1987; x_wconf 51' lang='lat' dir='ltr'>dolotificQ</span> 
     </span>
    </p>
   </div>
   <div class='ocr_carea' id='block_1_7' title="bbox 2095 2215 2325 2425">
    <p class='ocr_par' dir='ltr' id='par_1_14' title="bbox 2095 2215 2325 2425">
     <span class='ocr_line' id='line_1_62' title="bbox 2126 2215 2324 2267; baseline -0.005 -14"><span class='ocrx_word' id='word_1_512' title='bbox 2126 2228 2142 2253; x_wconf 85' lang='lat'>1</span> <span class='ocrx_word' id='word_1_513' title='bbox 2153 2227 2190 2253; x_wconf 87' lang='grc' dir='ltr'>ο.</span> <span class='ocrx_word' id='word_1_514' title='bbox 2205 2215 2324 2267; x_wconf 72' lang='lat' dir='ltr'>Vagi-</span> 
     </span>
     <span class='ocr_line' id='line_1_63' title="bbox 2095 2269 2325 2320; baseline 0.004 -16"><span class='ocrx_word' id='word_1_515' title='bbox 2095 2281 2147 2305; x_wconf 84' lang='lat' dir='ltr'>nae</span> <span class='ocrx_word' id='word_1_516' title='bbox 2184 2269 2325 2320; x_wconf 80' lang='lat' dir='ltr'>tentigo</span> 
     </span>
     <span class='ocr_line' id='line_1_64' title="bbox 2095 2319 2293 2356; baseline -0.005 -1"><span class='ocrx_word' id='word_1_517' title='bbox 2095 2319 2293 2356; x_wconf 72' lang='lat' dir='ltr'>dolotifica</span> 
     </span>
     <span class='ocr_line' id='line_1_65' title="bbox 2096 2383 2262 2425; baseline -0.006 -16"><span class='ocrx_word' id='word_1_518' title='bbox 2096 2383 2262 2425; x_wconf 79' lang='lat' dir='ltr'>quoque.</span> 
     </span>
    </p>
   </div>
   <div class='ocr_carea' id='block_1_8' title="bbox 2092 2608 2325 2854">
    <p class='ocr_par' dir='ltr' id='par_1_15' title="bbox 2092 2608 2325 2854">
     <span class='ocr_line' id='line_1_66' title="bbox 2128 2608 2325 2648; baseline 0.015 -3"><span class='ocrx_word' id='word_1_519' title='bbox 2128 2621 2143 2645; x_wconf 87' lang='lat'>1</span> <span class='ocrx_word' id='word_1_520' title='bbox 2160 2621 2192 2646; x_wconf 92' lang='lat'>1.</span> <span class='ocrx_word' id='word_1_521' title='bbox 2207 2608 2325 2648; x_wconf 80' lang='lat' dir='ltr'>Diffi-</span> 
     </span>
     <span class='ocr_line' id='line_1_67' title="bbox 2094 2660 2278 2700; baseline 0.022 -4"><span class='ocrx_word' id='word_1_522' title='bbox 2094 2660 2170 2696; x_wconf 81' lang='lat' dir='ltr'>cilis</span> <span class='ocrx_word' id='word_1_523' title='bbox 2194 2663 2278 2700; x_wconf 84' lang='lat' dir='ltr'>usus</span> 
     </span>
     <span class='ocr_line' id='line_1_68' title="bbox 2094 2715 2324 2750; baseline 0.009 -3"><span class='ocrx_word' id='word_1_524' title='bbox 2094 2715 2144 2748; x_wconf 81' lang='lat' dir='ltr'>rei</span> <span class='ocrx_word' id='word_1_525' title='bbox 2167 2725 2324 2750; x_wconf 79' lang='lat' dir='ltr'>venercae</span> 
     </span>
     <span class='ocr_line' id='line_1_69' title="bbox 2093 2763 2305 2817; baseline 0.019 -19"><span class='ocrx_word' id='word_1_526' title='bbox 2093 2763 2126 2799; x_wconf 85' lang='lat' dir='ltr'>in</span> <span class='ocrx_word' id='word_1_527' title='bbox 2145 2776 2305 2817; x_wconf 80' lang='lat' dir='ltr'>utroque</span> 
     </span>
     <span class='ocr_line' id='line_1_70' title="bbox 2092 2813 2192 2854; baseline 0.03 -3"><span class='ocrx_word' id='word_1_528' title='bbox 2092 2813 2192 2854; x_wconf 83' lang='lat' dir='ltr'>sexu.</span> 
     </span>
    </p>
   </div>
   <div class='ocr_carea' id='block_1_9' title="bbox 2091 2947 2334 3260">
    <p class='ocr_par' dir='ltr' id='par_1_16' title="bbox 2091 2947 2334 3260">
     <span class='ocr_line' id='line_1_71' title="bbox 2149 2947 2322 2981; baseline 0 0"><span class='ocrx_word' id='word_1_529' title='bbox 2149 2956 2212 2981; x_wconf 74' lang='grc' dir='ltr'>ιι.</span> <span class='ocrx_word' id='word_1_530' title='bbox 2239 2947 2322 2981; x_wconf 88' lang='lat' dir='ltr'>Co-</span> 
     </span>
     <span class='ocr_line' id='line_1_72' title="bbox 2092 2996 2322 3046; baseline 0.009 -15"><span class='ocrx_word' id='word_1_531' title='bbox 2092 2996 2322 3046; x_wconf 84' lang='lat' dir='ltr'>piosuscfflu-</span> 
     </span>
     <span class='ocr_line' id='line_1_73' title="bbox 2091 3047 2295 3086; baseline 0 0"><span class='ocrx_word' id='word_1_532' title='bbox 2091 3060 2158 3086; x_wconf 82' lang='lat' dir='ltr'>xus</span> <span class='ocrx_word' id='word_1_533' title='bbox 2183 3047 2295 3086; x_wconf 83' lang='lat' dir='ltr'>semi-</span> 
     </span>
     <span class='ocr_line' id='line_1_74' title="bbox 2092 3100 2334 3144; baseline 0.008 -8"><span class='ocrx_word' id='word_1_534' title='bbox 2092 3100 2159 3144; x_wconf 86' lang='lat' dir='ltr'>nis,</span> <span class='ocrx_word' id='word_1_535' title='bbox 2179 3102 2233 3138; x_wconf 79' lang='lat' dir='ltr'>vel</span> <span class='ocrx_word' id='word_1_536' title='bbox 2252 3101 2334 3138; x_wconf 54' lang='lat' dir='ltr'>hu·-</span> 
     </span>
     <span class='ocr_line' id='line_1_75' title="bbox 2093 3151 2318 3195; baseline 0.031 -7"><span class='ocrx_word' id='word_1_537' title='bbox 2093 3153 2208 3190; x_wconf 82' lang='lat' dir='ltr'>moris</span> <span class='ocrx_word' id='word_1_538' title='bbox 2218 3151 2318 3195; x_wconf 82' lang='lat' dir='ltr'>semi·</span> 
     </span>
     <span class='ocr_line' id='line_1_76' title="bbox 2092 3205 2210 3260; baseline 0 -20"><span class='ocrx_word' id='word_1_539' title='bbox 2092 3205 2210 3260; x_wconf 45' lang='lat' dir='ltr'>stalis-⁴</span> 
     </span>
    </p>
   </div>
  </div>
 </body>
</html>
