2477 3643
465 126 477 146 f

463 119 562 183 ⁴>333·
803 120 914 168 DE
996 116 1376 167 Morinis
1457 122 1986 172 VENEREIS.

525 203 590 258 5⁰·
619 197 803 245 Interim
837 198 930 245 totfi
955 201 1196 246 curationis
1229 198 1419 262 periodo
1448 199 1579 249 bonis
1616 202 1767 248 verbis
1794 202 2091 250 confirmandi
2122 209 2169 250 δε
2192 207 2287 254 eri-⁷

454 260 595 322 gendi
624 279 886 326 :egrotantes
906 297 918 316 ,
945 265 1021 327 qui
1047 264 1284 310 deficiente
1316 264 1549 328 ptyalismo
1583 285 1717 330 quem
1751 266 2107 330 praestolabantur
2130 302 2143 321 ‚
2168 271 2284 317 nihil

454 341 549 370 non
573 343 803 381 metuunt,
825 346 872 374 ac
893 346 1007 375 vana
1034 328 1113 374 sibi
1132 328 1307 391 fingunt
1340 344 1577 392 portenta,
1611 330 1770 395 quibus
1805 331 1960 380 misere
1995 332 2145 378 animo
2181 335 2285 398 angi

455 387 616 435 solent.
655 403 657 405 ’
1172 424 1190 438 .

525 457 636 500 Sunt
662 455 739 517 qui
767 454 820 500 ab
848 455 973 501 omni
1003 455 1076 502 lue
1109 455 1154 502 se
1185 474 1349 503 vacuos
1383 455 1509 504 fuisse
1531 491 1543 510 ‚
1583 463 1642 504 δε·
1665 459 1720 505 ad
1755 460 2003 507 remedium
2034 458 2122 508 fine
2157 463 2284 508 causi

453 517 687 564 damnatos
714 518 820 564 inde
839 535 1052 581 arguant,
1071 520 1194 583 quod
1214 523 1466 568 Mercurius
1487 523 1654 568 nullam
1674 523 1980 571 salivationem
2008 526 2153 571 valeat
2178 544 2282 572 mo-

451 599 560 629 vere
580 601 592 635 3
613 582 728 646 quasi
749 584 856 629 vero
874 584 1201 647 hydrargyrosis
1220 587 1268 631 in
1288 587 1399 632 sanis
1420 587 1590 650 semper
1610 587 1814 635 inefficax
1833 589 1887 634 ab
1915 588 2087 635 infectis
2111 591 2282 638 tantum

448 647 732 711 ptyalismum
756 647 1023 711 proliceret,
1045 647 1145 694 cum
1172 651 1195 695 ὲ
1227 651 1453 697 contrario
1488 652 1762 715 experientia
1791 653 1912 698 certa
1933 653 2096 716 liqueat
2124 654 2284 701 saliva-

448 712 620 757 tionem
651 727 744 756 tum
760 712 808 757 in
829 711 939 759 sanis
963 729 1056 760 rum
1074 714 1123 758 in
1138 716 1451 763 contaminatis
1470 733 1665 764 venereo
1685 717 1891 779 contagio
1911 717 2026 763 illito
2049 720 2281 766 Mercurio

448 776 638 839 perinde
655 776 855 823 excitari.
1242 819 1249 824 ,
1405 826 1413 833 ,

511 843 624 885 Sunt
641 840 715 885 alii
734 874 746 892 ,
769 841 847 904 qui
867 843 994 888 anxie
1014 843 1199 889 timeant
1219 861 1274 890 ne
1293 844 1399 906 quid
1418 845 1487 892 vel
1503 845 1553 891 in
1572 845 1889 910 componendo
1909 845 1984 894 vel
2005 846 2053 892 in
2072 847 2284 895 adminis-

447 904 611 949 trando
639 922 870 967 unguento
901 924 1132 971 peccatum
1158 908 1206 954 sit
1224 943 1236 959 ,
1263 909 1381 955 unde
1411 911 1581 956 otiatur
1603 911 1874 958 salivationis
1907 911 2103 958 absentia
2135 930 2147 965 3
2180 912 2284 959 cum

447 983 597 1014 tamen
618 986 743 1014 error
762 972 809 1016 in
831 972 897 1017 his
915 971 1178 1018 difficillime
1205 973 1301 1019 dari
1321 973 1446 1037 possit
1462 1008 1474 1028 ,
1493 974 1522 1020 fi
1544 975 1672 1021 detur
1696 993 1890 1038 unquam
1913 995 1924 1029 3
1946 976 2046 1021 cum
2073 977 2097 1021 ὲ
2127 992 2281 1023 contra

448 1033 735 1079 certissimum
762 1035 810 1080 sit
841 1036 996 1083 iterat&
1018 1037 1333 1084 observatione
1350 1039 1683 1086 inunCtionibus
1704 1041 1838 1086 etiam
1867 1040 2077 1105 legitimis
2097 1046 2142 1088 &
2162 1040 2281 1087 sum-

445 1097 517 1142 mfi
539 1099 641 1143 cura
663 1099 875 1146 adhibitis
901 1101 1181 1164 ptyalismum
1202 1102 1373 1148 nullum
1393 1105 1632 1168 aliquando
1652 1104 1906 1151 succedere.

509 1162 715 1225 Plerique
742 1164 921 1211 demum
943 1167 999 1213 de
1018 1165 1169 1212 futuro
1190 1168 1380 1214 remedii
1406 1169 1597 1216 successu
1617 1169 1729 1215 male
1752 1168 1859 1215 inde
1879 1185 2148 1232 augurantur
2165 1203 2178 1223 ‚
2201 1187 2280 1217 ve-

405 1267 408 1271 .
446 1225 523 1271 riti
551 1244 606 1273 ne
630 1227 807 1274 defectu
825 1228 1095 1277 salivationis
1130 1231 1299 1277 curatio
1331 1250 1513 1297 quoque
1543 1233 1771 1281 defectura
1797 1233 1847 1278 fit
1867 1252 1880 1287 ·‚
1900 1234 2016 1298 quasi
2042 1233 2278 1280 seminium

199 2805 229 2839 Ι.
248 2801 402 2853 Exspui-

176 2854 228 2888 tio
255 2854 399 2905 saugui-

178 2906 230 2940 nis
248 2906 315 2943 sive
338 2908 402 2944 hrc-

177 2958 363 3009 moptyfiS.

446 1291 709 1337 morbosum
729 1294 955 1357 prol-ligari
974 1314 1066 1341 non
1087 1296 1210 1359 poffit
1232 1296 1310 1341 nisi
1330 1297 1450 1345 foras
1470 1299 1808 1345 exterminetur.
1847 1299 1934 1344 Sed
1958 1315 2020 1343 nae
2041 1298 2103 1344 illi
2124 1316 2278 1348 errore

448 1370 656 1402 tenentur
675 1359 869 1405 maximo
890 1379 898 1404 :
920 1363 1018 1412 Jam
1041 1361 1216 1424 pridem
1234 1362 1354 1408 enim
1374 1363 1516 1426 palam
1536 1364 1594 1410 est
1612 1362 2000 1410 observationibus
2018 1363 2167 1409 multis
2197 1381 2276 1410 ve·-

447 1436 627 1465 neream
657 1421 775 1468 luem
794 1422 883 1470 fine
902 1424 1158 1471 salivatione
1178 1425 1264 1470 ullzi
1287 1428 1494 1474 radicitus
1512 1446 1603 1473 non
1618 1428 1718 1473 raro
1735 1427 1959 1491 extirpari.
1987 1431 2040 1472 Et
2059 1427 2158 1473 sane
2175 1426 2276 1473 cum

446 1484 633 1531 morbus
670 1486 745 1533 ille
778 1489 1065 1534 contrahatur
1105 1489 1192 1535 fine
1221 1490 1409 1539 humore
1440 1493 1531 1540 ullo
1573 1491 1814 1556 conspicuo
1833 1491 1909 1555 qui
1940 1491 2060 1537 intro
2086 1489 2239 1537 subeat
2260 1525 2275 1545 ,

446 1566 726 1613 nequaquam
747 1553 909 1598 mirum
929 1554 1073 1603 videri
1095 1554 1230 1601 debet
1247 1554 1276 1599 fi
1295 1556 1535 1620 perfeffitam
1558 1558 1835 1603 curationem
1857 1556 2055 1620 recipere
2076 1557 2200 1620 possit
2222 1556 2275 1602 fi-

447 1631 506 1660 ne
523 1615 750 1662 manifest&
772 1617 899 1664 ullius
927 1618 1123 1665 humoris
1153 1621 1457 1668 evacuatione.
1488 1622 1619 1668 Adde
1643 1621 1776 1685 porro
1804 1619 2027 1666 defectum
2051 1620 2275 1667 salivario-

447 1678 515 1723 nis
533 1680 795 1743 plerumque
824 1682 1013 1747 suppleri
1041 1683 1128 1730 alvi
1146 1681 1317 1731 fusione
1336 1719 1347 1738 ‚
1365 1686 1524 1732 diurefi
1544 1721 1556 1738 ,
1580 1685 1813 1732 sudatione
1829 1718 1841 1736 ‚
1861 1685 1931 1731 vel
1953 1684 2104 1730 saltem
2124 1685 2278 1732 insen-

447 1741 567 1818 fibili·
588 1743 909 1809 pet-spiratione
928 1782 940 1800 ‚
964 1765 1059 1812 quae
1081 1746 1255 1810 singulae
1287 1751 1598 1798 evacuationes
1630 1749 1877 1797 deficientis
1906 1748 2176 1797 salivationis
2195 1750 2276 1798 ¹vi·-

449 1808 576 1854 cariae
599 1809 681 1855 effe
707 1809 861 1858 solent.

504 1873 646 1936 Igitur
678 1875 846 1921 tantum
878 1876 995 1922 abest
1026 1891 1074 1922 ut
1105 1877 1449 1940 aegrotantibus,
1470 1897 1579 1943 quos
1609 1879 1655 1925 in
1685 1877 1998 1941 hydrargyrofi
2020 1877 2274 1942 ptyalismus

448 1935 644 1982 destituit
658 1972 670 1989 ,
691 1938 818 1984 causa
837 1941 924 1985 ulla
943 1940 992 1985 sit
1011 1958 1088 1986 cur
1105 1943 1251 1987 vicem
1274 1942 1393 1988 suam
1415 1943 1598 1990 doleant
1615 1977 1627 1996 ,
1648 1943 1788 1988 modo
1811 1943 1929 1989 reite
1948 1948 1993 1988 &
2014 1961 2065 1989 ex
2084 1942 2188 1987 artis
2205 1943 2273 1989 lc·-

447 1999 577 2062 gibus
597 2005 882 2066 procedatur,
902 2021 949 2049 ut
964 2005 1119 2050 contra
1138 2006 1282 2069 potius
1302 2005 1381 2052 fibi
1400 2011 1495 2066 jure
1515 2009 1676 2054 merito
1694 2006 1904 2069 gratulari
1925 2006 2131 2058 debeant,
2151 2006 2273 2069 quod

446 2064 528 2109 fibi
553 2065 706 2111 datum
731 2066 780 2111 sit
810 2067 904 2113 rara
934 2068 1030 2114 saris
1057 2069 1270 2115 felicitate
1306 2070 1469 2134 absque
1499 2072 1632 2117 taedio
1667 2076 1710 2116 δέ
1744 2070 1944 2134 periculo
1971 2070 2273 2123 salivationis,

444 2143 579 2191 ⁴atque
608 2131 720 2178 adeo
753 2131 973 2196 tutiusque
1000 2133 1369 2198 commodiusque
1403 2136 1427 2181 τὶ
1459 2154 1655 2184 venereo
1687 2135 1850 2189 morbo
1880 2134 2072 2198 persedre
2103 2153 2273 2188 conva÷

448 2193 630 2241 lescere.

580 2328 718 2379 §.IL
767 2327 1313 2374 INFORTUNIA
1383 2330 1765 2403 SECUNDI
1833 2331 2138 2376 STADII.

510 2454 563 2495 In
587 2452 724 2498 altero
763 2455 1003 2501 curationis
1029 2457 1165 2502 stadio
1192 2457 1362 2519 sanguis
1403 2458 1739 2505 mercurialibus
1769 2456 1926 2503 atomis
1951 2490 1963 2509 ,
1993 2474 2098 2520 quas
2120 2456 2267 2503 secum

449 2514 651 2561 confusas
672 2517 795 2563 vehit
812 2552 824 2571 2
847 2520 1033 2565 nimium
1050 2522 1222 2568 attritus
1254 2527 1298 2567 &
1320 2522 1554 2568 rarefaEtus
1571 2556 1584 2575 ,
1610 2521 1812 2586 astusque
1844 2521 2016 2567 citatius
2042 2522 2088 2566 in
2113 2538 2267 2567 omnes

449 2581 649 2643 corporis
681 2598 824 2646 partes
855 2585 1076 2632 validiore
1110 2603 1340 2631 momento
1366 2588 1500 2648 quam
1528 2605 1605 2650 par
1632 2587 1680 2632 sit
1698 2621 1709 2639 ,
1741 2586 1769 2631 fi
1793 2604 1876 2650 qua
1903 2586 2090 2632 debilius
2109 2585 2268 2631 refistat

447 2642 528 2689 hac
549 2645 666 2690 viam
693 2645 770 2692 fibi
798 2646 991 2696 faCtut-us
1014 2652 1072 2696 est
1088 2684 1100 2702 ,
1130 2651 1248 2696 unde
1268 2649 1516 2698 infortunia
1540 2669 1631 2698 non
1658 2669 1795 2716 pauca
1822 2650 2004 2697 stadium
2022 2650 2107 2695 hoc
2128 2647 2266 2695 infes-

450 2722 543 2753 tum
565 2709 729 2755 habere
756 2713 911 2757 solent.
2118 2757 2129 2768 .

519 2776 551 2816 1.
582 2773 835 2821 Tufficulofi
852 2809 862 2827 ‚
898 2776 1164 2839 pulmonarii
1181 2811 1193 2830 ,
1218 2777 1514 2840 liaemoptysici
1531 2811 1542 2830 ,
1577 2778 1833 2842 sanguinem
1859 2777 2001 2823 solent
2020 2776 2230 2840 exspuere
2248 2808 2263 2828 ‚

432 2853 608 2900 purum
623 2839 791 2891 modo,
810 2840 1028 2903 liquidum
1049 2875 1060 2893 ,
1082 2843 1292 2888 floridum
1308 2877 1319 2894 ,
1347 2842 1597 2907 spumosum
1615 2861 1627 2895 3
1650 2842 1786 2888 modo
1802 2860 1902 2887 cum
1918 2841 2074 2912 pituita
2104 2839 2263 2886 confu—

453 2900 545 2946 sum
562 2935 573 2953 ,
597 2902 772 2965 nigrum
789 2937 800 2955 ‚
824 2905 1184 2970 grumosumque.
1215 2908 1299 2953 Sed
1319 2925 1603 2970 quocumque
1634 2907 1773 2952 modo
1800 2906 1974 2970 sanguis
2002 2906 2232 2970 exspuatur
2249 2935 2264 2954 >

451 2983 518 3012 res
546 2968 603 3011 est
623 2969 808 3029 periculi
829 2969 952 3032 plena
967 3004 979 3022 ,
1005 2975 1048 3016 δέ
1069 2989 1162 3034 quae
1189 2972 1279 3017 cito
1299 2973 1461 3017 auxilio
1484 2991 1591 3036 opus
1609 2972 1782 3018 habeat.
2088 3033 2094 3041 ·
2125 3033 2132 3040 ·

509 3036 661 3091 ltaque
695 3035 753 3078 1⁰.
784 3035 1067 3097 Reprimatur
1094 3038 1218 3081 omni
1254 3053 1343 3082 arte
1372 3053 1501 3098 atque
1527 3036 1660 3100 oper&
1692 3036 1850 3082 nimius
1885 3034 2099 3082 Mercurii
2122 3046 2272 3097 impe--x

449 3110 516 3140 tus
535 3128 545 3144 ,
569 3094 825 3142 abstinendo
854 3098 906 3143 ab
926 3100 1280 3155 inunCrionibus,
1301 3100 1468 3149 indusia
1492 3101 1773 3150 detrahendo
1793 3134 1807 3155 ,
1828 3099 1933 3162 aegri
1953 3098 2096 3146 cutim
2117 3096 2264 3141 deter-

448 3160 625 3221 gendO,
647 3160 783 3208 lintea
802 3162 901 3209 lecti
921 3165 1134 3212 mutando
1155 3171 1241 3212 &c.
2077 3230 2095 3248 O
2136 3225 2175 3265 V
2238 3206 2241 3209 -

2048 3240 2071 3269 2
2100 3254 2110 3265 .
2156 3234 2278 3270 >ena·
