2477 3643
671 134 1596 183 ansn11.CA1»z11·VI.
1859 147 2020 202 *515

183 217 296 266 verb
325 214 909 280 cathartico-diaphoretica
942 212 988 262 vi
1026 214 1227 278 pollent,
1266 220 1312 262 &
1335 231 1429 278 quae
1457 214 1677 262 notiffim'a
1705 213 1806 262 sunt
1836 219 2030 267 nomine,

185 284 446 343 Ptaesanarnm
465 282 787 342 sudoriferarum
807 317 822 333 ,
852 279 925 326 vel
957 280 1214 340 Ptifiznarnm
1235 279 1255 326 ὲ
1275 283 1393 344 lignis
1415 281 1552 339 [indari
1583 284 1653 326 cis.
2029 327 2031 329 ,

254 351 388 394 Varia
423 345 535 392 solet
571 345 662 393 effe
685 344 956 407 singulorum
984 343 1096 390 dofis
1114 378 1126 397 ‚
1152 362 1233 408 pro
1272 344 1453 391 diversis
1485 346 1531 391 in
1567 344 1835 391 icationibus
1861 346 2028 409 quibus

187 409 547 457 satisfaciendum
578 412 653 457 est.
690 414 743 455 In
776 426 941 472 genere
973 410 1111 456 unciae
1146 411 1192 471 ij.
1231 410 1344 473 ligni
1379 411 1562 456 Guaiaci
1589 411 1636 455 in
1665 409 1846 457 scobem
1875 411 1947 457 vel
1978 412 2027 457 in

187 474 370 522 frustula
391 475 556 522 redacti
578 509 591 529 ,
619 476 848 537 unciaeque
880 474 1069 520 totidem
1098 474 1208 537 ligni
1245 473 1439 520 sass'afras
1477 476 1524 520 in
1555 473 1737 521 frustula
1767 476 1929 539 pariter
1957 475 2030 522 di·-

190 538 270 585 visi
287 573 299 592 ‚
324 558 425 586 cum
446 541 649 587 radicum
668 539 825 585 (jh'mae
853 546 897 585 &
924 537 1231 603 {arsae-parillae
1255 540 1466 585 minutim
1491 538 1730 586 incisarum
1769 557 1852 585 ana
1883 541 2028 588 unciis

190 604 387 651 totidem
407 639 419 656 ,
443 604 740 651 infunduntur
762 604 911 668 tepide
930 604 1053 649 horis
1078 622 1149 660 24.
1172 604 1219 648 in
1243 622 1362 669 aquce
1391 605 1640 651 communis
1679 603 1755 649 lib.
1777 620 1818 649 x.
1846 604 1917 650 vel
1955 605 2030 667 xij.

192 668 306 715 Inde
336 669 498 716 additis
519 703 530 722 ,
555 670 583 714 fi
613 670 674 715 ita
696 668 930 720 videatur,
959 669 1196 714 antimonii
1216 669 1341 715 crudi
1364 669 1636 716 craffiuscule
1668 670 1760 715 triti
1782 674 1827 715 &
1853 668 2032 716 nodulo

192 733 291 780 laxe
321 734 512 781 conclufi
531 735 561 802 ᾗ
583 736 626 797 ij.
653 734 806 780 onmia
826 735 949 781 lento
977 734 1082 796 igne
1106 733 1153 778 in
1174 733 1275 781 vase
1296 741 1508 799 operculo
1539 733 1682 780 clauso
1713 735 2027 797 decoquuntur

193 799 251 844 ad
295 799 683 864 consumptionem
720 798 857 845 tertiae
897 800 1044 863 partis.
1078 801 1207 843 Tunc
1249 799 1427 845 additur
1458 801 1681 862 liquiritiae
1714 798 1811 845 rasae
1840 799 1972 844 uncia
1997 803 2026 860 j,

192 862 288 910 imo
316 862 343 908 si
380 864 444 910 vis
479 882 671 929 purgans
711 864 759 908 in
790 863 978 910 decocto
1021 864 1270 925 requiratur
1291 897 1304 916 ,
1343 863 1652 910 folliculorum
1683 861 1825 910 sennae
1859 864 2036 911 Orien-

196 928 294 973 talis
326 927 413 993 ξΒ.
463 948 557 993 quae
598 930 717 975 horae
752 944 985 974 momento
1024 928 1256 990 coquenda
1292 928 1399 976 sunt.
1438 931 1587 975 Postea
1626 929 1859 975 decouum
1881 962 1894 980 ‚
1923 928 2030 975 cum

197 993 341 1055 tepuit
360 1027 373 1044 ,
403 996 505 1041 colo
542 993 853 1041 transmittitur
873 1027 884 1045 ‚
918 998 963 1039 δε
993 992 1040 1038 in
1075 994 1240 1056 lagenis
1260 994 1414 1041 vitreis
1438 994 1550 1042 bene
1580 993 1799 1041 obturatis
1825 992 2031 1042 servatur

197 1058 257 1104 ad
277 1057 418 1102 usum.

268 1122 465 1169 Solenne
491 1123 551 1168 est
573 1121 703 1183 hujus
725 1122 898 1168 decocti
925 1136 1014 1167 tres
1047 1121 1217 1167 haustus
1248 1121 1454 1184 quOtidie
1483 1123 1714 1187 propinari
1745 1140 1824 1187 per
1859 1122 2034 1169 duode-

196 1185 290 1232 cim
319 1187 388 1233 vel
414 1187 674 1249 quindecim
692 1187 786 1232 dies
804 1219 815 1238 ,
842 1186 971 1231 mane
993 1190 1142 1245 jejuno
1166 1187 1418 1232 ventriculo
1437 1221 1450 1238 ‚
1473 1188 1629 1251 quarta
1655 1189 1724 1234 vel
1747 1188 1901 1250 quinta
1926 1188 2039 1234 hora

202 1252 302 1314 <post
333 1251 571 1315 prandium
589 1285 601 1303 ‚
631 1257 677 1297 ὃς
703 1251 875 1315 vesperi
899 1266 1000 1296 ante
1020 1249 1280 1297 decubitum
1305 1270 1315 1296 z
1341 1251 1424 1298 Vel
1457 1251 1607 1298 saltem
1638 1252 1728 1297 duo
1750 1286 1760 1304 ,
1799 1253 1927 1298 mane
1958 1253 2038 1298 scia

204 1315 312 1362 licet
332 1321 379 1361 δε
398 1314 602 1378 vesperi,
624 1311 782 1361 omiffo
807 1314 962 1361 haustu
991 1315 1304 1377 pomeridiano
1323 1350 1334 1368 ‚
1365 1316 1394 1361 fi
1424 1318 1485 1362 ita
1511 1318 1534 1362 ὲ
1559 1335 1604 1363 re
1636 1317 1852 1361 videatur.
1883 1321 1966 1363 Per
1990 1317 2041 1363 id

197 1394 375 1443 tempus
393 1397 507 1443 aeger
529 1379 583 1425 ad
598 1381 850 1444 parciorem
868 1379 1043 1426 diaetam
1057 1380 1331 1426 addicendus
1350 1382 1409 1427 est
1424 1416 1437 1433 ,
1461 1382 1676 1446 domique
1695 1381 1991 1428 continendus
2005 1380 2042 1426 fi·

198 1445 310 1491 anni
331 1461 502 1508 tempus
526 1443 714 1509 asperius
737 1446 799 1492 ita
827 1444 991 1507 exigat.

266 1514 375 1555 Haec
408 1509 568 1556 eadem
587 1510 814 1573 lignorum
835 1510 1018 1556 decoota
1036 1543 1048 1561 ‚
1068 1508 1230 1572 quibus
1250 1508 1362 1554 nihil
1383 1510 1531 1556 notius
1552 1511 1611 1557 est
1629 1544 1641 1564 ‚
1660 1509 1879 1572 vulgatius
1895 1510 2010 1556 ¹nihil
2026 1545 2040 1564 ,

208 1575 391 1621 Lutetiae
415 1590 567 1620 tamen
592 1590 805 1639 tanquam
824 1592 982 1622 arcana
1001 1574 1196 1620 remedia
1214 1608 1226 1626 ‚
1250 1580 1294 1619 &
1315 1575 1370 1620 ad
1392 1575 1575 1621 morbos
1603 1574 1783 1640 quosvis
1800 1575 2042 1638 panchresta

204 1639 430 1684 venditari
459 1656 553 1684 non
581 1639 642 1685 ita
670 1640 847 1704 pridem
879 1639 1071 1684 vidimus
1103 1639 1126 1683 ἒι
1147 1638 1319 1684 duobus
1352 1640 1588 1703 aretalogis
1612 1675 1624 1692 ,
1660 1658 1742 1685 nec
1772 1640 1861 1685 fine
1881 1642 2040 1695 lucro5

203 1702 344 1766 usque
366 1703 480 1750 adeo
506 1702 662 1766 vulgus
686 1710 730 1750 δέ
751 1703 990 1768 praesertim
1010 1705 1166 1767 vulgus
1187 1703 1421 1751 parisiense
1447 1706 1660 1751 novitatis
1685 1722 1832 1750 amans
1856 1705 1914 1750 est
1942 1706 2038 1751 avi-

207 1767 421 1832 dumque.
445 1768 589 1814 Priori
604 1803 617 1821 ,
635 1771 711 1832 qui
733 1769 982 1831 Chirurgus
1002 1767 1086 1813 fuit
1106 1802 1117 1820 ‚
1140 1786 1305 1814 nomen
1328 1787 1421 1815 erat
1443 1773 1569 1815 Calas
1586 1791 1599 1814 .·
1621 1770 1708 1815 Hic
1731 1769 2040 1833 caeterislignis

209 1832 443 1879 dicebatur
475 1832 666 1892 adjicere
692 1834 864 1897 lignum
883 1833 1122 1893 Phyllyreae
1153 1832 1437 1896 angustifoliae
1455 1853 1466 1887 ·,
1487 1835 1715 1898 egregium
1741 1833 1841 1879 sane
1863 1839 1908 1880 &
1931 1837 2035 1882 vere

206 1895 739 1945 efficax-additamentum
761 1906 770 1944 ἱ
796 1899 892 1944 Imo
931 1898 1066 1943 eti-am
1100 1897 1362 1960 praedi-cabat
1393 1899 1436 1946 se
1464 1899 1630 1945 calcem
1666 1899 1761 1945 auri
1795 1899 1881 1944 una
1915 1900 2043 1947 inco-

205 1980 351 2026 quere
366 1996 378 2014 ,
398 1963 522 2025 quod
542 1963 727 2026 quidem
751 1963 840 2008 fine
863 1962 1097 2026 dispendio
1118 1961 1213 2008 fieri
1240 1964 1384 2026 potuit
1400 1998 1411 2016 ‚
1432 1963 1555 2028 quod
1588 1981 1735 2011 tamen
1769 1961 1931 2009 factum
1966 1966 2042 2012 vix

214 2028 354 2074 credo
373 2060 385 2079 ,
405 2045 457 2073 ex
478 2045 569 2090 quo
598 2028 781 2075 demum
797 2027 832 2073 fi
851 2027 1015 2074 fastum
1033 2026 1171 2074 fuerit
1186 2061 1198 2080 ,
1218 2026 1465 2075 efficaciam
1489 2028 1660 2076 nullam
1681 2029 1869 2076 decocto
1894 2031 2044 2077 acces-

212 2091 305 2139 fisse
325 2108 469 2138 certus
489 2091 597 2138 scio.

279 2158 405 2204 Alter
423 2191 435 2209 ,
474 2156 634 2203 artifex
671 2156 874 2221 liquandi
906 2156 1004 2202 raeris
1022 2189 1034 2208 ,
1061 2155 1201 2203 ὥξίευς
1229 2162 1277 2203 V
1276 2158 1450 2211 inache,
1489 2156 1772 2222 superbiebat
1804 2173 2048 2222 praeparato

214 2222 495 2268 antimoniali
515 2220 668 2267 nescio
691 2240 810 2285 quo,
832 2224 951 2283 cujus
983 2220 1216 2269 additione
1247 2222 1369 2268 suam
1402 2224 1619 2284 ptisanam
1654 2223 1820 2269 caeteris
1855 2224 2051 2287 praestate

216 2286 509 2350 gloriabatur.
539 2286 709 2332 Habuit
734 2287 806 2332 hic
835 2303 973 2332 unum
1004 2302 1136 2348 atque
1167 2288 1352 2333 alterum
1372 2288 1606 2334 Medicum
1625 2321 1637 2338 ,
1673 2306 1764 2333 non
1803 2289 2050 2334 conniven-

218 2367 310 2398 tem
331 2351 468 2396 modo
487 2385 498 2403 ‚
521 2350 595 2397 sed
626 2351 761 2397 etiam
786 2350 1098 2413 suffragantem
1119 2385 1130 2402 ‚
1148 2353 1272 2414 quod
1294 2352 1477 2415 quidem
1495 2353 1542 2397 in
1560 2352 1664 2398 artis
1683 2352 1868 2398 medicae
1887 2370 2052 2416 oppro-

221 2416 371 2461 brium
392 2415 661 2462 redundavit
682 2415 940 2480 aliquandiu
960 2449 971 2467 ,
989 2431 1030 2459 at
1048 2417 1157 2462 vero
1177 2416 1298 2462 simul
1318 2418 1366 2462 in
1384 2418 1627 2463 multorum
1647 2417 1891 2481 perniciem
1912 2416 2049 2470 cessit,

221 2486 269 2526 &
303 2483 516 2532 tandem,
547 2496 596 2525 ut
625 2499 797 2543 aequum
829 2480 942 2533 fuit,
982 2479 1028 2525 in
1057 2498 1328 2546 vperpetuum
1362 2481 1656 2547 ipsorummet
1696 2481 2052 2546 ,approbatorum

218 2545 432 2592 dedecus.

283 2614 376 2657 IX.
404 2610 551 2656 Restat
572 2608 752 2656 tandem
772 2643 784 2662 ,
807 2625 860 2655 ut
888 2612 974 2657 huc
993 2628 1285 2674 congeramus
1314 2610 1512 2657 remedia
1529 2630 1619 2658 non
1643 2628 1778 2675 pauca
1797 2643 1809 2662 ,
1835 2628 1929 2674 quae
1953 2611 2050 2674 qui-

224 2675 331 2722 dem
358 2675 412 2720 ad
435 2675 517 2720 luis
535 2691 733 2720 venereae
760 2677 1037 2723 curationem
1068 2677 1196 2739 plane
1222 2675 1465 2722 inefficacia
1487 2676 1585 2722 sunt
1603 2710 1614 2727 ,
1635 2676 1831 2737 ideoque
1858 2679 1944 2736 jam
1969 2676 2049 2722 du-

224 2741 335 2786 dum
359 2738 559 2785 obsoleta
575 2773 586 2791 ,
604 2738 678 2784 sed
698 2757 792 2802 quae
822 2757 968 2787 tamen
988 2743 1011 2786 ὰ
1034 2740 1224 2788 Medicis
1243 2775 1254 2792 ,
1280 2759 1362 2786 nec
1379 2741 1680 2787 incelebribus
1698 2774 1710 2792 ,
1739 2740 1849 2785 olim
1872 2746 1917 2785 &c
1948 2740 2044 2786 lau-

229 2805 331 2850 data
352 2809 396 2849 &
418 2803 622 2866 usurpata
649 2802 775 2850 fuilse
797 2822 966 2851 certum
1000 2808 1071 2852 est.
1107 2805 1216 2850 Inde
1251 2805 1404 2851 saltem
1429 2806 1705 2851 manifestum
1735 2803 1809 2850 fiet
1844 2805 2048 2867 exemplo

231 2868 380 2915 alieno
399 2867 564 2930 quanta
581 2870 817 2931 prudentia
839 2871 889 2917 in
921 2870 1048 2915 rebus
1068 2870 1252 2914 medicis
1270 2903 1281 2918 ,
1302 2869 1549 2932 anticipatis
1581 2886 1652 2914 aut
1672 2867 1839 2914 temere
1860 2885 2048 2932 concep·

232 2934 286 2979 tis
317 2935 580 2993 conjecturis
603 2933 883 2996 >parcendum
902 2934 952 2979 fit
967 2967 978 2986 ,
996 2949 1257 2997 quantoque
1276 2933 1431 2980 labore
1451 2934 1504 2979 ad
1522 2933 1755 2980 veritatem
1774 2932 2051 2996 pedetentim

229 2996 281 3043 sit
305 2997 583 3043 enitendum.
833 3012 843 3019 ²

287 3071 344 3108 10.
372 3063 563 3124 Lignum
583 3061 815 3108 Hetechen
837 3096 848 3114 ,
875 3062 931 3109 de
958 3079 1048 3125 quo
1086 3059 1315 3106 Avicenna
1354 3059 1451 3104 Lib.
1474 3079 1505 3117 3.
1537 3062 1726 3107 Traelas.
1762 3079 1800 3108 2.
1837 3076 1927 3125 cap.
1952 3083 1993 3123 33
2013 3078 2052 3115 ς,

236 3131 283 3172 &
306 3131 426 3186 cujus
452 3127 636 3172 demeto
659 3160 670 3178 ,
693 3143 738 3170 ut
766 3126 903 3173 refert
931 3130 1121 3179 Ioannes
1144 3126 1304 3171 Leonis
1323 3159 1334 3177 ,
1362 3128 1404 3168 in
1435 3126 1620 3191 descript.
1650 3127 1791 3183 Afric.
1824 3128 1919 3172 Lib.
1953 3145 1984 3171 1.
2013 3130 2054 3172 in

223 3193 341 3252 fine,
363 3191 478 3257 apud
505 3189 642 3238 Afros
668 3191 729 3239 lui
752 3209 949 3240 venereae
975 3190 1200 3240 medicina
1227 3189 1464 3256 parabatur
1480 3223 1497 3245 >
1532 3190 1556 3236 a
1588 3191 1813 3238 nonnullis
1847 3207 2057 3256 tanquam

1751 3259 1785 3303 r
1811 3255 1845 3320 13·

2107 1517 2305 1567 Tanquam

2078 1579 2208 1606 arcana
2237 1582 2311 1605 no-

2080 1633 2126 1657 va
2156 1627 2191 1659 &
2227 1622 2274 1660 ad.

2081 1673 2254 1710 morbum

2079 1738 2302 1777 quemcum-

2081 1790 2146 1831 que
2165 1778 2313 1828 specifi-

2078 1829 2180 1876 ca‚:=b
2196 1836 2318 1881 Agyr-

2083 1885 2128 1921 tis
2149 1882 2291 1922 duobus

2088 1935 2290 1977 venditarat.

2144 2610 2323 2652 Remedia

2092 2666 2193 2704 varia
2207 2691 2220 2708 ,
2251 2666 2297 2702 {ui

2092 2730 2243 2753 venera:
2271 2731 2319 2752 οε

2094 2769 2152 2804 lim
2171 2768 2324 2805 adhibi-

2093 2834 2128 2857 ta
2140 2847 2152 2864 ,
2170 2820 2225 2856 sed
2244 2834 2324 2872 qux

2094 2884 2208 2909 tamer.
2239 2873 2325 2913 huie

2094 2926 2256 2962 cutandae

2095 2977 2249 3028 imparia

2098 3027 2188 3068 sunt.
