2477 3643
250 1092 408 1131 Bubonis

180 1145 391 1185 skirrhodis

180 1198 388 1250 descriptio.

202 1479 210 1487 .
224 1424 410 1466 Differen-

182 1488 256 1522 ἱππ.

242 2126 380 2172 finusae.

450 168 559 220 234-
781 148 893 196 DE
957 144 1339 194 Monssts
1408 115 1930 190 VENE'REIS.

448 233 627 282 alumen
660 232 804 282 ustum
831 234 918 278 &c.
948 243 1021 276 aut
1049 225 1253 275 colletica
1281 257 1294 277 ‚
1323 240 1419 288 quae
1448 222 1571 271 tenui
1597 222 1765 287 glutine
1796 218 2013 268 cicatricis
2049 217 2276 268 rudimen&

451 314 494 347 ta
512 332 526 354 ‚
560 297 707 346 donec
728 296 963 344 firmentur
981 327 993 346 ,
1016 293 1070 340 ab
1092 291 1204 339 ab'ris
1223 287 1452 337 credentis
1473 289 1632 335 attac'tu
1659 302 1859 334 tutantur
1879 319 1891 339 ,
1919 285 2036 333 inter
2062 302 2155 347 quae
2182 284 2274 349 pri-

448 381 541 411 mas
560 378 713 410 tenent
741 358 1043 408 terebinthina
1064 356 1294 422 pulverata
1315 354 1542 419 postquam
1562 353 1764 399 costione
1783 350 1987 399 induruit
2005 382 2018 403 ‚
2050 347 2273 396 sarcocol-

452 428 492 477 la
509 461 522 481 ,
545 428 644 475 thus
661 426 748 473 sive
773 424 1003 470 olibanum
1022 455 1034 474 ,
1056 419 1236 483 myrrha
1256 423 1343 466 δίε.

525 501 617 538 100.
660 489 855 537 Demum
875 487 929 533 ab
952 486 1046 551 ipso
1075 483 1316 531 curationis
1342 480 1565 548 principio
1587 481 1715 529 diaeta
1734 477 2007 527 conveniens
2038 476 2275 540 aegrotanti

449 556 712 621 imperanda
729 589 741 607 ‚
768 553 912 599 tenuis
938 551 1121 614 quidem
1149 568 1202 596 ex
1223 547 1320 595 offis
1335 582 1348 600 ‚
1377 547 1606 612 panatellis
1623 580 1636 598 ,
1665 545 1942 592 cremoribus
1965 543 2096 589 orizae
2114 576 2126 595 ‚
2148 547 2194 588 &
2215 541 2274 587 ad

450 621 670 677 summum
698 636 829 665 carne
857 616 1080 680 pullorum
1103 614 1448 679 gallinaceorum
1467 645 1480 663 ,
1501 611 1612 657 'cum
1645 610 1797 656 omnia
1825 627 1907 674 pro
1940 608 2055 655 votis
2083 606 2278 652 maxime

451 685 725 736 succedunt3
752 680 997 729 tenuiffima
1016 680 1120 726 verb
1145 685 1191 725 δε
1211 697 1264 726 ex
1287 675 1459 736 jusculis
1488 674 1659 721 tantum
1683 675 1926 721 levioribus
1945 707 1957 725 ,
1986 672 2015 718 fi
2040 672 2180 719 febris
2201 671 2275 716 in·-

451 751 585 798 vadat
601 783 614 801 ‚
641 749 668 793 s1
696 747 948 812 suppuratio
969 743 1148 810 copiosa
1175 749 1221 790 δε
1243 742 1402 789 foetida
1421 743 1469 787 lit
1486 759 1498 793 ⁰,
1518 739 1548 786 si
1568 740 1728 787 ulceris
1748 758 1834 786 ora:
1852 737 2211 789 inflaminentu13
2243 733 2277 780 fi

454 832 557 862 caro
577 812 757 860 mollior
780 818 825 859 &
843 810 1030 875 fungosa
1049 809 1243 857 luxuriet
1264 814 1350 855 &c.

667 946 827 1002 §.IL
876 942 976 988 DE
1035 938 1432 986 BUBONE
1496 932 2060 982 SKIRRHODE.

510 1074 742 1137 Descriptio
779 1071 829 1117 δ’
861 1071 1099 1134 dzffirentiae.
1137 1066 1318 1114 Accidit
1348 1064 1587 1130 aliquando
1613 1079 1661 1110 ut
1688 1063 1813 1109 bubo
1834 1077 2051 1108 venereus
2072 1058 2187 1105 elusi
2208 1075 2280 1106 re-

456 1136 714 1184 mediorum
742 1136 945 1182 omnium
972 1133 1168 1182 efficacia
1195 1151 1276 1180 nec
1321 1132 1564 1178 resolvatur
1593 1147 1676 1176 nec
1704 1127 1964 1192 supputetur
1989 1160 2000 1178 ,
2054 1123 2128 1170 sed
2162 1140 2280 1171 totus

454 1202 526 1251 vel
557 1200 652 1249 fere
683 1217 801 1248 totus
834 1201 988 1248 arctius
1029 1198 1182 1247 sensim
1213 1197 1534 1260 constringatur
1569 1228 1581 1247 ,
1617 1192 1825 1240 densetur
1856 1225 1868 1244 ‚
1902 1189 2154 1237 indurescat
2184 1223 2195 1241 ‚
2232 1208 2281 1236 ac

455 1269 504 1315 in
524 1265 752 1314 skirrhum
769 1268 947 1331 proprie
965 1265 1133 1312 dictum
1147 1298 1158 1316 ,
1179 1263 1339 1309 durum
1358 1295 1370 1313 ,
1389 1261 1660 1307 renitentem
1680 1272 1967 1304 convertatur
1982 1290 1995 1308 ,
2015 1272 2110 1318 quae
2127 1254 2182 1301 de
2200 1254 2282 1300 bu-

457 1334 579 1381 bone
603 1332 916 1384 oedematode‚
940 1336 987 1377 &
1009 1328 1251 1376 skirrhode
1271 1325 1539 1392 potissimum
1562 1341 1667 1370 vera
1686 1323 1796 1368 sunt.

522 1397 675 1464 Gelniti
690 1414 743 1443 eo
757 1396 897 1443 modo
916 1395 1087 1443 skirrhi
1104 1391 1321 1440 differunt
1342 1400 1400 1437 1⁰.
1415 1390 1608 1437 Ratione
1625 1387 1776 1452 figurae
1796 1384 1985 1434 &molis
2006 1416 2019 1436 ,
2038 1382 2156 1429 circa
2173 1399 2282 1446 quas

461 1461 698 1530 plurimum
718 1462 906 1508 variant.

521 1535 585 1573 20.
624 1526 818 1573 Ratione
849 1524 1023 1572 numeri
1049 1522 1237 1587 [itusque
1264 1520 1600 1585 glandularum‚
1625 1516 1784 1580 quibus
1807 1513 2025 1564 infident3
2056 1511 2129 1557 alii
2160 1511 2283 1558 enim

458 1610 589 1641 unam
616 1591 787 1637 tantum
807 1624 819 1643 ‚
842 1596 888 1637 δε
910 1590 1131 1654 conglobati
1144 1608 1155 1632 ς
1180 1587 1254 1633 alii
1275 1587 1382 1632 verb
1403 1585 1547 1650 plures
1568 1582 1640 1630 vel
1663 1579 1921 1627 racematim
1940 1576 2013 1624 vel
2041 1577 2281 1624 catenatim

457 1656 681 1722 dispositas
697 1690 710 1708 ,
731 1671 948 1721 offupant
966 1688 978 1707 ,
1001 1659 1047 1699 &
1069 1651 1325 1699 racematim
1346 1651 1417 1697 vel
1437 1648 1676 1695 catenatim
1697 1643 1859 1707 congesti
1878 1643 2103 1689 dicuntur.

527 1731 588 1784 30.
626 1722 821 1768 Ratione
850 1718 1141 1770 mobilitatis,
1173 1716 1274 1763 cum
1294 1716 1368 1761 alii
1398 1714 1581 1778 quidem
1604 1711 1800 1772 subjectae
1828 1708 1942 1773 parti
1971 1705 2108 1752 laxius
2138 1703 2284 1750 cohae-

457 1803 610 1840 reant,
632 1786 712 1833 hac
733 1793 778 1832 &
798 1785 899 1831 illac
917 1783 1105 1831 mobiles
1120 1801 1132 1835 ·‚
1150 1782 1225 1828 alii
1245 1782 1353 1829 vero
1371 1780 1432 1826 ita
1449 1777 1708 1825 immediate
1730 1771 2022 1822 adnascantur
2036 1804 2049 1824 ‚
2070 1787 2119 1817 ut
2136 1770 2284 1816 nullo-

459 1853 598 1900 modo
617 1851 722 1897 inde
741 1850 968 1896 dimoveri
988 1847 1159 1913 possint.

507 1926 574 1976 40.
591 1915 800 1978 Denique
816 1914 989 1961 ratione
1006 1911 1151 1958 sensus
1165 1945 1177 1963 ‚
1197 1910 1297 1955 cum
1310 1908 1381 1954 alii
1395 1907 1647 1954 indolentes
1667 1905 1748 1950 fint
1763 1909 1808 1951 δε
1826 1903 1932 1950 vere
1945 1901 2169 1961 skirrhodes
2185 1922 2193 1944 ,-
2211 1897 2285 1943 alii

462 1983 573 2029 verb
592 1981 800 2026 dolorem
835 1977 1045 2026 obtusum
1079 1975 1277 2023 inferant
1293 2008 1306 2028 ,
1335 1979 1380 2020 δε
1404 1973 1459 2020 ad
1479 1970 1824 2020 carcinomatoden
1854 1983 2055 2014 naturam
2080 1963 2284 2029 proxime

463 2047 754 2110 degenerent.

522 2113 674 2170 Causle.
707 2108 816 2155 Ideo
845 2108 970 2154 bubo
998 2106 1044 2153 in
1075 2104 1305 2152 skirrhum
1335 2102 1612 2148 convertitur
1632 2134 1644 2154 ‚
1668 2097 1790 2162 qubd
1812 2095 1978 2161 limpha
2008 2094 2055 2139 in
2087 2091 2288 2140 vesiculis

462 2175 553 2222 five
572 2174 740 2221 cellulis
759 2172 1067 2236 glandularum
1086 2168 1380 2232 inguinalium
1400 2167 1567 2213 haerens
1586 2164 1780 2230 spissatur
1799 2158 2144 2226 praetermodum
2163 2194 2175 2210 ‚
2201 2176 2287 2203 un·-

466 2241 524 2287 de
541 2238 737 2305 partibus
757 2237 1006 2301 constipatis
1036 2240 1080 2281 &
1101 2235 1156 2280 ad
1184 2233 1462 2279 intimiorem
1480 2232 1730 2277 contactum
1753 2226 1907 2273 senfim
1939 2223 2136 2269 adductis
2166 2223 2288 2269 duri-

469 2306 577 2352 tiem
599 2304 738 2351 veluti
759 2302 979 2349 caseosam
998 2298 1271 2365 adipiscitur.
1309 2297 1494 2362 Limpha
1525 2295 1634 2343 vero
1655 2294 1703 2339 in
1735 2293 1854 2338 hunc
1886 2289 2072 2336 modum
2093 2287 2289 2353 spiffzuur

468 2369 706 2434 multiplici
736 2368 793 2415 de
814 2368 953 2414 causa.
1116 2371 1146 2401 Π

540 2440 600 2480 10.
641 2433 813 2480 Vitiosa
837 2429 1117 2479 crassitudine
1135 2462 1148 2481 ,
1169 2428 1254 2491 quil
1272 2426 1428 2472 natura
1444 2439 1596 2490 peccat
1613 2457 1625 2476 ‚
1646 2421 1763 2469 unde
1783 2420 1832 2465 fit
1850 2434 1899 2466 ut
1918 2418 2025 2466 inde
2042 2417 2066 2463 a
2086 2415 2295 2480 suscepto,

467 2517 664 2548 venereo
683 2498 890 2560 contagio
908 2495 1031 2543 tanto
1052 2493 1190 2556 magis
1210 2492 1374 2538 caeteris
1391 2489 1568 2556 paribus
1594 2485 1820 2552 spissescat.

521 2569 588 2610 2⁰.
625 2562 781 2611 Nimia
800 2561 987 2626 suscepti
1008 2558 1172 2605 veneni
1192 2557 1374 2604 venerei
1393 2554 1519 2620 copia
1536 2553 1606 2599 vel
1626 2550 1805 2614 energia
1822 2583 1834 2602 ‚
1854 2547 1974 2596 unde
1990 2547 2039 2594 fit
2058 2561 2105 2593 ut
2124 2543 2296 2592 caet'eris

467 2629 647 2694 paribus
667 2627 881 2691 limpham
897 2661 909 2679 ,
929 2625 1000 2671 cui
1019 2622 1252 2686 inspiratur
1274 2655 1285 2673 ‚
1305 2621 1428 2666 tanto
1446 2619 1583 2681 magis
1602 2616 1820 2680 coagulet.

536 2693 592 2753 3⁰.
635 2692 838 2755 Utraque
872 2687 1118 2737 memorata
1147 2686 1272 2731 causa
1298 2685 1421 2730 simul
1452 2697 1780 2731 concurrente,
1811 2676 1931 2723 unde
1961 2674 2010 2720 fit
2042 2688 2090 2720 ut
2121 2672 2289 2735 limpha

472 2756 627 2803 natura
653 2756 827 2802 craffior
852 2755 876 2801 a
896 2753 1106 2816 contagio
1126 2756 1171 2797 &
1191 2750 1333 2796 nimio
1365 2754 1412 2796 &
1443 2745 1694 2794 efficaciore
1713 2745 1761 2790 in
1790 2738 2031 2804 composita
2061 2738 2289 2801 utriusque

469 2820 604 2867 causae
625 2821 796 2868 ratione
817 2819 1086 2882 coaguletur.

536 2888 602 2944 4⁹.
638 2885 735 2931 Usu
763 2886 1022 2949 praepostero
1052 2881 1306 2946 topicorum
1336 2873 1760 2942 repercutiendum,
1781 2869 1927 2934 qualia
1944 2865 2176 2929 incipienti
2202 2865 2289 2912 bu-

469 2951 582 2996 boni
612 2949 836 2996 interdum
871 2949 1144 3014 applicantur
1165 2980 1177 2998 ‚
1210 2962 1258 2991 ut
1289 2945 1554 3008 reprimatur
1574 2973 1587 2992 ,
1620 2938 1694 2985 sed
1725 2936 1905 3003 pessimo
1937 2930 2152 2983 consilio3
2185 2929 2284 2975 cum

471 3015 596 3061 auita
613 3014 788 3079 limphae
806 3013 1077 3079 spissitudine
1093 3010 1200 3058 inde
1215 3007 1476 3057 skirrhodes
1502 3005 1577 3051 fiat
1598 3002 1720 3051 bubo
1735 3037 1749 3056 ,
1775 3002 1853 3066 qui
1871 2999 2026 3065 sponte
2044 2993 2293 3042 resolubilis

470 3077 632 3127 fuiffet.

537 3152 598 3205 50.
632 3141 784 3188 Abusu
814 3141 1066 3205 topicorum
1102 3137 1421 3186 resolventium
1456 3150 1530 3181 aut
1560 3130 1902 3180 matur-antium,
1933 3141 2027 3189 quae
2045 3122 2074 3167 fi
2095 3120 2290 3183 liquefaa·

1064 3204 1072 3212 α
1209 3203 1216 3210 0

474 3208 638 3260 cienda:
657 3206 833 3272 limphae
853 3205 1037 3256 haerenti
1062 3219 1249 3267 imparia
1265 3201 1348 3248 fint
1365 3233 1380 3261 ,
1408 3215 1570 3265 augent
1593 3216 1649 3248 ex
1670 3194 1901 3245 accidente
1928 3186 2123 3252 ejusdem
2141 3185 2288 3243 crafliq
2316 3182 2320 3185 ¹
