2477 3643
601 103 1005 160 [rnflnvr.
1072 103 1428 159 Secutum
1489 113 1762 165 XVIII.
1984 121 2078 187 549²

246 182 358 238 {hnc
386 192 600 258 temporis
634 193 696 239 ita
727 196 912 257 ignarum
925 194 1047 253 fitiffl·
1065 208 1226 246 eorum,
1257 209 1339 255 quae
1358 196 1401 239 in
1419 197 1606 242 Medici
1634 197 1858 264 Republica?
1880 198 2069 250 hactenus

241 256 352 321 gestet
371 258 540 316 fiterant
556 296 571 312 ,
590 273 633 303 ut
650 262 817 319 censeret
846 274 937 303 ante
950 262 996 317 se
1015 261 1205 303 neminem
1231 260 1397 320 extittffe
1415 296 1430 312 ,
1457 264 1529 322 qni
1559 278 1817 311 venerearum
1845 268 2065 317 morborum

245 321 387 380 causas
403 360 418 376 ,
445 320 683 384 diffi’rentias
702 362 716 377 ,
735 325 857 387 signa
875 323 925 370 ὧ
945 327 1187 369 curationem
1207 323 1375 386 denique
1402 325 1627 386 tradidiffl³t
1645 345 1657 372 ς
1678 345 1727 374 ac
1748 329 1850 376 ideo
1874 331 1952 378 fibi
1979 352 2064 396 po·-

247 384 406 431 tissimo
433 387 531 446 jure
550 388 713 451 Operis
741 387 804 433 sui
831 388 1079 434 editionem
1108 386 1356 450 urgentiam
1383 404 1487 434 tunc
1506 389 1643 437 visam
1662 392 1763 440 esse.
1790 396 1897 440 Eam
1915 412 2063 445 tamen

244 448 415 511 aliquot
440 468 578 497 annos
603 451 824 516 suppreffit
848 452 1030 498 consilio
1051 451 1356 498 Bartholomaei
1385 453 1547 501 Totini
1567 456 1788 504 Archiatri
1808 459 2067 514 Pedemom

244 515 367 566 tani,
395 519 440 560 &
470 517 650 568 Joannis
669 518 851 563 Fantoni
874 516 1132 563 Profefforis
1151 517 1446 564 Taurinensis.
1478 524 1529 565 In
1563 519 1709 569 lucem
1742 524 1922 570 tandem
1953 544 2061 589 pro-

244 576 330 622 diit
367 580 472 624 Astae
514 598 631 627 anno
657 590 786 640 1716.
815 582 860 626 in
886 587 952 627 8⁰.
984 599 1085 628 cum
1117 581 1315 645 sequenti
1334 583 1654 649 inscriptione,
1682 593 1753 634 De
1778 588 2058 653 pudendorum

242 641 387 688 morbis
407 643 456 689 &⁹
475 647 538 690 lite
559 646 732 691 venerea?
753 646 1050 693 Tetrabi'blion.

306 709 491 753 Constat
520 712 745 756 Trastatus
779 711 852 756 ille
887 709 1143 757 Vercelloni
1179 710 1391 774 Capitibus
1424 730 1627 775 quatuor,
1664 734 1858 782 quornm
1891 734 2059 773 unum-ff

237 771 452 836 qnodque
479 773 525 819 in
547 776 691 838 plures
713 775 915 821 articulos
934 781 977 821 δέ
997 774 1289 839 paragraphos
1310 776 1622 826 subdividitur.

302 837 439 883 Prima
465 856 650 885 conatur
673 839 864 904 probare
892 858 943 887 ex
963 840 1071 904 pura
1091 856 1255 885 venere
1283 840 1415 885 etiam
1435 843 1653 907 impuram
1673 845 1792 892 nasci
1810 879 1822 898 ,
1851 845 1880 890 fi
1901 863 2058 910 pecce-

239 912 310 946 tur
329 901 376 946 in
399 903 570 949 excelsu
587 938 598 956 ‚
618 922 665 949 ac
687 904 869 950 foemina
902 905 1043 950 nimio
1064 903 1308 949 concubitu
1332 908 1577 969 exagitetur
1596 942 1608 962 ‚
1640 910 1879 974 praesertim
1899 910 1929 956 fi
1951 929 2057 957 cum

234 966 386 1011 multis
419 967 682 1020 misceatur,
715 987 907 1032 quorum
946 968 1128 1015 confusa
1165 967 1329 1014 semina
1358 988 1718 1037 corrumpantur.
1758 975 1844 1021 Sed
1875 975 2056 1022 infirma

236 1028 335 1075 sunt
356 1048 405 1077 ea
423 1064 435 1083 ‚
472 1051 566 1095 qua:
602 1033 775 1097 profert
807 1051 1069 1096 argumenta
1086 1066 1100 1086 ,
1130 1037 1176 1078 &
1196 1036 1282 1095 jam
1305 1033 1329 1079 εὶ
1349 1036 1477 1082 nobis
1499 1038 1546 1083 in
1567 1038 1654 1085 hoc
1681 1044 1836 1104 Opere
1875 1039 2055 1088 abund&

238 1095 451 1142 convulsa
471 1098 595 1161 supra⁴
629 1098 722 1144 Lib.
750 1103 788 1144 l.

307 1164 456 1224 Capite
484 1165 609 1207 altero
637 1160 805 1208 differit
830 1162 878 1207 de
897 1161 1176 1225 Pudendagrd
1201 1162 1413 1218 muliebri,
1434 1164 1520 1211 hoc
1540 1168 1598 1213 est
1618 1167 1674 1214 de
1693 1166 1962 1231 gonorrhoefi
1986 1168 2058 1215 via*

233 1223 408 1271 rulenta
436 1225 670 1272 mulierum
691 1259 703 1278 ‚
732 1230 850 1288 cnjus
879 1225 1024 1271 causas
1055 1259 1067 1277 ‚
1111 1224 1386 1273 differentias
1404 1263 1416 1281 ,
1447 1229 1770 1296 symptomata,
1807 1232 2056 1296 diagnosnn

235 1294 283 1335 δε
301 1289 556 1352 prognosim
578 1290 787 1336 distinctis
807 1290 1089 1355 paragraphis
1107 1291 1313 1354 explicat.

299 1356 440 1399 Tertio
467 1358 614 1418 Capite
645 1356 735 1418 agit
760 1356 809 1401 de
835 1352 1113 1418 Mentiilczgrei
1135 1394 1150 1408 ,
1190 1355 1276 1401 hoc
1304 1358 1363 1402 est
1390 1357 1447 1403 de
1475 1359 1619 1422 portis
1636 1393 1649 1412 ‚
1677 1360 1874 1407 verrucis
1894 1394 1905 1413 ‚
1930 1362 2053 1410 ulce-

230 1414 352 1464 ribus
379 1417 620 1472 canet-osis,
648 1420 778 1465 bullis
806 1419 1058 1480 crystallinis
1076 1452 1089 1471 ,
1115 1420 1301 1483 phimosi
1324 1427 1368 1466 ἃς
1392 1424 1684 1487 paraphimofi
1704 1460 1716 1478 ‚
1747 1442 1841 1489 qua:
1861 1426 2052 1479 balano,

229 1481 369 1528 fraeno
389 1517 400 1535 ,
426 1484 635 1548 praeputio
653 1518 665 1536 ‚
696 1485 900 1531 mentulae
931 1484 978 1529 in
999 1484 1105 1530 viris
1134 1485 1340 1533 accidunt
1361 1519 1374 1539 ,
1398 1486 1505 1533 sicut
1531 1490 1666 1536 etiam
1696 1490 1753 1537 de
1780 1490 2054 1554 gonotrhoess.

234 1547 459 1595 virulenta
491 1549 709 1595 virorum.

297 1611 492 1658 Demum
518 1618 663 1677 Capite
683 1627 826 1676 quarto
847 1612 985 1659 verba
1003 1612 1109 1658 facit
1128 1613 1185 1659 de
1203 1611 1383 1661 bubone
1405 1614 1621 1679 inguinali
1657 1618 1730 1664 seu
1764 1635 1880 1681 pano
1915 1636 2053 1667 vene-

231 1692 310 1722 reo
329 1710 342 1729 ,
365 1676 421 1723 de
450 1678 670 1741 rhagadiis
693 1684 738 1724 δέ
760 1678 955 1724 verrucis
989 1696 1200 1723 coxarum
1243 1679 1480 1742 praesertim
1503 1681 1550 1726 in
1571 1682 1832 1728 mulieribus
1849 1716 1861 1735 ‚
1887 1683 1944 1731 de
1978 1685 2052 1731 ani

232 1741 369 1787 cristis
390 1746 437 1787 δε
457 1743 783 1803 condylomatis
800 1776 813 1795 ,
851 1760 899 1787 ac
929 1742 1110 1788 demum
1135 1742 1191 1788 de
1210 1743 1282 1789 lue
1303 1746 1491 1791 venerea
1509 1779 1522 1798 ‚
1545 1764 1679 1809 quam
1709 1749 1751 1810 si
1769 1765 1902 1793 recens
1935 1749 1984 1796 ὦ*
2005 1753 2050 1794 in

229 1809 358 1871 primo
392 1821 461 1851 emt
482 1808 656 1867 secundo
682 1808 820 1871 gradiz
843 1808 971 1864 flierit
991 1846 1005 1861 ,
1029 1806 1212 1852 Guaiaci
1245 1824 1316 1853 aut
1350 1808 1660 1873 Salsae-parillae
1693 1814 1881 1857 demeto
1912 1816 2052 1858 curari

228 1871 289 1916 ait
308 1888 319 1921 3
337 1871 521 1918 minime
555 1872 663 1917 vero
682 1905 695 1924 ,
719 1875 765 1932 st
782 1887 896 1916 vetus
913 1873 968 1930 sit
998 1871 1047 1917 &
1065 1872 1125 1916 ad
1139 1875 1299 1918 tertium
1329 1875 1508 1936 gradum
1528 1880 1763 1938 pervexerit
1782 1915 1796 1930 ‚
1822 1893 1912 1940 quo
1934 1892 2054 1923 tem-

230 1952 342 2000 pore
362 1941 584 1982 Mercurio
616 1937 771 1981 tantam
790 1938 910 1981 cedit.

294 2000 442 2045 Multa
455 2001 639 2062 quidem
667 2000 763 2044 sunt
791 2000 835 2045 in
861 2000 948 2044 hoc
963 2003 1114 2063 Opere
1135 2033 1147 2050 ‚
1169 2017 1262 2062 quae
1293 1999 1444 2052 laudi,
1473 2016 1522 2046 ut
1546 2005 1633 2063 jam
1660 2001 1775 2048 dieta
1804 2002 1901 2049 satis
1929 2004 2054 2050 indi-

227 2079 360 2116 cant3
384 2063 458 2110 sed
476 2082 570 2110 non
593 2082 728 2128 pauca
743 2063 877 2110 etiam
895 2097 905 2114 ‚
925 2081 1020 2126 quae
1047 2063 1160 2110 vitio
1182 2064 1400 2110 vertenda
1423 2064 1536 2111 sunt.
1563 2070 1680 2113 Nam
1716 2077 1775 2111 10.
1796 2068 1939 2113 Multa
1966 2069 2053 2116 fal*

230 2126 276 2173 sa
295 2161 312 2187 ³.
327 2127 504 2181 omiffa,
526 2147 754 2193 perperam
777 2128 992 2190 explicata
1009 2161 1022 2179 ‚
1048 2144 1121 2174 aut
1142 2128 1417 2191 negligenter
1440 2131 1621 2175 tractata
1645 2130 1759 2176 sunt.
1790 2141 1854 2176 2⁰.
1886 2133 2053 2180 Decla-

229 2193 445 2239 matorins
473 2195 532 2239 est
562 2194 656 2254 styli
687 2209 837 2238 tumor
855 2226 867 2244 ,
895 2192 1033 2254 qualis
1056 2192 1262 2237 *materiei
1290 2192 1473 2239 minime
1496 2194 1711 2239 convenit
1728 2228 1741 2246 ,
1777 2212 1871 2257 quae
1899 2198 2053 2244 ornari

232 2272 366 2319 negat
401 2273 611 2303 contenta
638 2257 806 2303 doceri.
850 2265 910 2316 30.
936 2255 1069 2301 Abest
1100 2255 1270 2300 lucidus
1298 2256 1373 2301 ille
1400 2273 1547 2302 rerum
1580 2257 1696 2303 ordo
1717 2293 1728 2310 ,
1762 2260 1838 2321 qui
1860 2259 1906 2304 in
1935 2262 2054 2325 dog-

229 2320 393 2367 matie&
413 2319 729 2368 Diss'ertatione
759 2321 806 2365 in
833 2320 984 2383 primis
1015 2319 1268 2382 requiritur.
1309 2328 1377 2376 40.
1398 2320 1592 2366 Demum
1610 2355 1622 2374 ‚
1641 2323 1763 2385 quod
1783 2323 2053 2386 potiffimum

231 2386 293 2431 est
314 2418 326 2437 ‚
365 2386 596 2432 curatoriae
626 2384 828 2431 methodi
865 2402 945 2429 nec
977 2382 1026 2429 ea
1056 2383 1142 2445 qua
1169 2401 1246 2447 pat
1275 2384 1380 2430 effer
1421 2385 1652 2448 diligentia
1685 2387 1882 2450 expolitae
1922 2388 2020 2435 sunt
2039 2423 2053 2443 ‚

229 2467 315 2496 nec
346 2451 544 2498 remedia
569 2450 925 2515 coinpletssltuntut
956 2447 1164 2495 tutiffima
1182 2481 1196 2501 ,
1228 2445 1518 2496 efficacissima
1536 2484 1550 2504 ,
1592 2450 1669 2502 usu
1694 2451 1885 2498 maxime
1924 2471 2055 2510 com-¹

229 2513 434 2580 probata.

292 2647 447 2689 Gon
468 2659 527 2688 tn
547 2659 569 2688 L
590 2658 711 2689 Mus
749 2644 833 2688 Co
853 2657 1135 2689 CKBURNE
1157 2674 1170 2694 ‚
1202 2642 1396 2706 Anglus,
1419 2642 1810 2690 DostorMedicus
1837 2644 2052 2692 &Socie-

232 2707 331 2753 tatis
349 2708 498 2770 Regiae
528 2707 817 2754 Londinenlis
844 2706 997 2753 Socius
1025 2705 1252 2752 edendnm
1273 2709 1443 2754 curavit
1471 2708 1678 2770 Lugduni
1708 2713 1974 2755 Batavorum
2002 2711 2050 2756 in

239 2788 311 2817 12.
349 2789 466 2817 anno
495 2789 623 2829 1717.
653 2774 909 2817 Tractatum
935 2771 981 2815 in
1001 2770 1106 2816 duas
1127 2788 1268 2833 partes
1293 2772 1567 2817 distributum
1587 2807 1600 2825 ‚
1637 2773 1708 2818 cui
1733 2772 1910 2819 titulum
1940 2773 2050 2821 fecit

231 2841 282 2884 V
280 2838 452 2881 tridente„-
479 2838 718 2899 gomorrhoeae
750 2837 1014 2900 symptomata
1035 2849 1247 2888 ,παίων-ιι,
1283 2839 1400 2897 caliste
1440 2837 1488 2882 (ῤ’
1522 2842 1689 2883 curatio.
1729 2837 1846 2883 Cum
1873 2838 2050 2886 libellus

229 2899 308 2945 ille
328 2934 339 2951 ,
362 2901 437 2962 qui
458 2901 625 2946 Gallice
655 2900 850 2946 redditus
877 2899 1056 2945 Lutetiae
1084 2900 1256 2945 recusus
1285 2902 1369 2946 fuit
1401 2919 1516 2947 anno
1544 2920 1676 2963 1730.
1711 2902 1855 2964 passim
1889 2903 2051 2950 obvius

228 2963 281 3009 sit
300 2998 312 3014 ,
337 2964 455 3009 haud
485 2983 593 3027 opus
616 2966 673 3011 est
694 2964 862 3009 summa
882 2963 996 3008 illins
1023 2963 1165 3027 capita
1183 2963 1401 3023 figillatim
1423 2966 1641 3029 explicare
1662 2986 1671 3011 z
1692 2968 1800 3012 Satis
1830 2969 1888 3014 est
1907 2985 2050 3014 anno-

224 3027 331 3074 taffe
366 3028 483 3074 circa
500 3029 590 3074 duo
616 3028 881 3090 potiffimum
905 3027 1396 3083 Auditoremlaborare3
1430 3048 1589 3094 nempe
1623 3037 1654 3077 Ι.
1687 3035 1752 3076 Ut
1777 3036 1861 3090 (a)
1897 3034 2048 3079 statuat

229 3092 276 3139 in
307 3091 410 3138 viris
433 3093 713 3152 gonotrhoeae
745 3092 894 3139 sedem
923 3109 1166 3154 numquam
1192 3094 1236 3138 in
1265 3095 1461 3156 prostatis
1480 3129 1491 3147 ‚
1517 3113 1597 3141 nec
1624 3095 1670 3141 in
1703 3096 1900 3143 veficulis
1919 3096 2050 3146 semi-

224 3157 364 3206 natiis
384 3156 468 3205 effe
484 3190 498 3214 ,
524 3156 601 3205 sed
624 3157 673 3203 in
690 3157 787 3224 ipsis
809 3156 978 3223 semper
1004 3157 1224 3222 glandulis
1249 3158 1338 3207 sive
1356 3160 1522 3207 lacunis
1543 3161 1743 3210 urethrae.

1669 3229 1704 3272 Z
1724 3243 1747 3272 z
1764 3243 1787 3271 z
1816 3225 1865 3289 iij

2143 2659 2284 2718 1717}

2130 3046 2206 3095 (a)
2236 3050 2330 3099 Ceto·

2097 3114 2146 3158 4.¹
2156 3106 2253 3158 Part.

2094 3161 2225 3203 prtem]
