2477 3643
462 102 556 157 ηε
797 96 1338 144 DEMORBIS
1404 98 1931 157 veneni-213.

460 174 686 243 plerisque
708 176 1054 243 diaphoreticis,
1084 183 1130 226 ὃς
1163 178 1250 243 qua
1281 177 1400 225 certe
1437 176 1591 227 asellos
1626 178 1716 228 five
1748 177 2007 244 millepedes
2039 181 2289 231 cochenilia

463 240 656 307 superat.
1592 280 1595 283 -

527 308 681 353 Primae
700 306 882 372 quidem
902 307 983 354 illae
1002 307 1259 355 cocheniliae
1277 305 1506 355 facultates
1526 307 1686 355 nullius
1712 307 1912 355 utilitatis
1934 305 2032 356 sunt
2058 308 2102 357 in
2123 326 2291 373 gonor-

465 370 585 417 thoea
608 391 617 417 :
642 374 701 417 At
726 373 835 418 vero
860 373 1006 437 potuit
1035 372 1124 418 haec
1143 373 1299 418 ultima
1331 371 1485 418 fucum
1513 371 1662 419 facere
1688 375 1857 419 Listero
1879 407 1891 426 ,
1922 373 2040 438 quafi
2073 373 2294 429 diuretica

466 437 725 482 cochenill'ae
750 436 813 481 vis
831 437 885 482 ad
905 436 1128 497 dysuriam
1149 443 1193 482 &
1215 437 1501 500 stranguriam
1531 437 1880 501 gonorrhoicam
1912 439 2095 485 valeret.
2128 443 2178 484 ln
2199 458 2292 503 quo

466 517 617 547 tamen
643 519 745 546 eum
767 518 920 547 errore
941 501 1135 546 maximo
1161 501 1264 547 duci
1289 501 1567 548 manifestum
1588 505 1646 548 est
1667 520 1721 548 ex
1740 502 1864 567 supra
1885 502 2012 549 dietis
2033 537 2046 556 ‚
2069 503 2190 566 quod
2209 505 2294 566 dy-

466 564 589 611 suriae
621 572 662 610 δε
686 565 932 627 stranguria?
952 565 1223 629 phlogodaeae
1243 600 1254 617 ‚
1288 567 1670 619 inflammatoriae,
1696 567 1900 614 ulcerosae
1920 601 1932 620 ‚
1963 568 2103 631 qualis
2127 568 2175 613 in
2210 585 2293 631 go-

466 629 678 676 norrhoezi
702 630 917 693 perpetuo
946 629 1062 676 adest
1079 664 1091 682 ‚
1112 648 1206 675 non
1228 630 1394 695 frigida
1413 631 1630 678 diuretica
1647 665 1660 683 ‚
1680 629 1756 677 sed
1775 632 1917 678 calida
1935 665 1948 685 ‚
1967 632 2106 696 qualis
2128 634 2295 680 coche-

467 695 576 740 nilia
602 695 660 740 est
674 728 686 746 ,
715 693 969 740 adhibenda
987 695 1206 741 censuerit
1224 728 1236 748 ,
1258 696 1418 758 quibus
1439 696 1590 743 morbi
1617 694 1788 741 causam
1805 697 1980 744 intendi
1997 731 2010 751 ‚
2029 714 2161 761 atque
2179 697 2292 744 adeo

467 759 678 806 morbum
708 757 850 822 ipsum
876 759 1180 822 ingravescere
1207 760 1379 808 neceffe
1400 763 1472 808 est.

527 823 833 870 Nihilominus
858 839 1008 870 tamen
1025 858 1037 876 ‚
1063 824 1164 871 cum
1200 825 1253 870 ab
1286 826 1487 873 exhibita
1512 823 1761 871 cochenilifi
1781 824 1941 888 exigua
1972 827 2143 873 tantum
2175 845 2292 874 noxa

467 886 722 934 immineret
743 922 756 940 ,
781 888 923 934 visum
942 890 1000 935 est
1020 890 1083 935 rei
1106 889 1353 954 periculum
1382 891 1616 954 aliquoties
1635 888 1783 936 facere
1800 923 1812 941 ‚
1834 908 1925 937 non
1943 892 2126 954 quidem
2147 893 2295 955 primo

469 952 749 1011 gonorrhoeae
782 953 947 1007 stadio,
969 953 1070 999 cum
1099 955 1251 1001 omnia
1281 953 1463 1002 fervore
1497 956 1668 1000 summo
1700 955 1930 1001 exaestuant
1947 988 1961 1008 ‚
1992 955 2065 1002 sed
2101 956 2296 1003 secundo

469 1032 541 1062 aut
567 1017 701 1063 tertio
719 1051 731 1069 ,
752 1017 830 1063 ubi
853 1019 1006 1064 omnia
1026 1019 1265 1066 remifliora
1283 1020 1379 1068 sunt
1397 1039 1408 1073 3
1428 1038 1573 1084 neque
1605 1019 1713 1065 vero
1741 1018 1793 1066 ea
1813 1018 1906 1065 dofi
1921 1054 1934 1072 ,
1953 1038 2088 1083 quam
2109 1021 2299 1068 Listerus

468 1082 710 1145 proponit,
733 1081 808 1128 sed
839 1082 932 1129 dofi
961 1084 1164 1136 minore,
1192 1084 1310 1130 verbi
1335 1084 1477 1148 gratie}
1503 1085 1558 1131 ad
1588 1101 1724 1148 grana
1756 1101 1829 1130 xv·
1857 1103 1939 1149 pro
1960 1085 2053 1131 dosi
2085 1085 2298 1148 qualibet.

468 1147 591 1191 Hinc
625 1162 770 1193 autem
796 1149 1069 1213 experientia
1100 1166 1380 1214 compertum
1407 1149 1578 1202 habui,
1606 1150 1728 1213 quod
1753 1149 1903 1195 animo
1940 1150 2059 1214 prius
2091 1155 2302 1212 conjece-

468 1229 565 1258 ram
584 1245 597 1263 ,
619 1230 780 1275 nempe
809 1214 1104 1260 cocheniliam
1127 1215 1331 1261 curandae
1350 1214 1629 1278 gonorrhoeae
1649 1214 1852 1279 prodesse
1872 1214 1985 1263 nihil
2005 1249 2018 1267 ‚
2037 1214 2112 1262 sed
2133 1232 2298 1263 nocere

468 1275 617 1339 potius
632 1311 645 1330 ‚
661 1276 781 1340 quod
803 1277 1027 1339 dysuriam
1042 1313 1054 1331 ‚
1077 1280 1339 1342 genitalium
1354 1279 1601 1344 phlogosim
1618 1313 1632 1332 ‚
1651 1298 1699 1326 ac
1721 1279 1943 1327 seminalis
1970 1280 2171 1327 humoris
2189 1315 2202 1334 ,
2221 1282 2302 1345 qui

471 1340 673 1393 distillat,
695 1342 985 1389 acrimoniam
1009 1349 1055 1390 &
1077 1344 1360 1390 virulentiam
1379 1344 1599 1391 intendat.

196 1426 264 1464 lv,
281 1425 425 1461 Mercu.
534 1410 626 1451 IV.
657 1407 847 1453 Carolus
866 1408 1110 1455 Musitanus
1133 1409 1281 1455 laudat
1301 1412 1316 1466 (
1329 1412 1389 1464 a)
1418 1409 1495 1455 ubi
1521 1407 1648 1473 supra
1665 1441 1677 1460 ,
1706 1407 1824 1470 quasi
1850 1406 2099 1471 specificum
2130 1410 2183 1456 ad
2220 1428 2302 1457 ve-

196 1478 291 1535 num
307 1476 427 1528 praeci·
473 1484 586 1517 teres
605 1471 896 1534 gouorrhoeas
917 1474 1197 1520 Mercurium
1229 1474 1548 1538 praecipitatum
1577 1472 1771 1520 viridem
1789 1505 1801 1524 ‚
1826 1490 1960 1536 quem
1990 1473 2300 1522 exhibendum

195 1542 353 1588 prtatum
474 1534 622 1582 censet
643 1536 666 1581 εὶ
685 1553 752 1599 gr.
772 1538 817 1594 ij.
848 1539 902 1584 ad
923 1539 981 1585 iv.
1014 1544 1059 1584 &
1093 1557 1182 1602 quo
1213 1556 1413 1586 recentes
1445 1537 1736 1602 gonorrhoeas
1758 1536 1844 1583 una
1875 1535 1998 1590 dofi,
2029 1539 2302 1587 inveteratas

194 1583 429 1671 gssfflgffuffie
473 1616 665 1664 quatuor
693 1602 750 1648 ad
771 1602 990 1648 summum
1011 1603 1187 1649 dofibus
1207 1605 1352 1649 curari
1376 1603 1533 1650 affer-it.

402 1660 414 1670 ’
534 1667 654 1711 Cum
682 1683 737 1712 eo
768 1667 992 1714 consentit
1011 1668 1168 1714 Paulus
1188 1673 1474 1715 Hermannus
1493 1703 1506 1721 ‚
1537 1667 1622 1727 (b)
1658 1667 1736 1730 qui
1759 1671 1805 1712 δέ
1827 1665 1919 1730 ipse
1937 1666 1997 1712 ait
2018 1665 2178 1714 iisdem
2209 1667 2302 1715 fere

473 1729 624 1776 verbis
644 1736 910 1778 Mercurium
928 1735 1105 1779 viridem
1118 1734 1344 1798 specificam
1363 1736 1432 1794 eſj'b
1451 1738 1492 1779 in
1507 1731 1747 1794 gonorrhaec?
1763 1730 1976 1777 virulenti
1995 1770 2010 1786 ‚
2033 1734 2303 1795 rationefort&

479 1799 595 1859 cupri
613 1810 781 1859 propter
798 1811 948 1842 terram
965 1801 1218 1844 vitriolicam
1239 1836 1255 1851 ,
1275 1799 1496 1844 exhibitum
1518 1795 1544 1841 ic
1560 1815 1626 1861 gr.
1647 1798 1709 1858 iij.
1739 1797 1797 1842 ad
1819 1814 1862 1842 v.

247 1891 318 1930 Sed
372 1890 409 1927 ui
540 1861 653 1905 Sane
680 1860 789 1906 novi
807 1861 1088 1908 medicastros
1110 1896 1122 1914 ‚
1151 1862 1225 1909 scu
1252 1862 1395 1925 potius
1415 1878 1586 1925 agyrtas
1607 1879 1698 1907 non
1722 1878 1881 1925 paucos
1900 1893 1914 1912 ,
1946 1860 2024 1923 qui
2054 1860 2215 1908 eodem
2241 1879 2309 1909 re·

201 1904 403 1993 numqugm
479 1924 631 1970 medio
661 1940 870 1988 tanquam
899 1926 1115 1989 palmatio
1148 1927 1212 1974 uti
1245 1925 1415 1974 soleant
1452 1928 1507 1972 ad
1537 1926 1830 1989 gonorrhoeas
1868 1924 2148 1988 extirpandas
2179 1945 2188 1970 :
2217 1926 2307 1973 Sed

201 1995 286 2051 satis
312 1995 419 2032 inno-
479 1988 590 2051 quid
614 1989 672 2034 de
692 1989 771 2034 illo
791 1989 1071 2036 sentiendum
1095 1990 1143 2035 sit
1169 1996 1255 2053 jam
1283 1991 1410 2056 supra
1434 1991 1612 2037 abunde
1638 1991 1881 2036 indicatum
1904 1987 1989 2033 fuit
2008 2022 2020 2041 ‚
2047 1989 2123 2035 ubi
2145 1990 2201 2037 de
2226 1990 2305 2037 usu

200 2058 277 2085 81115
295 2046 359 2084 est·
478 2053 764 2116 purgantium
793 2054 1118 2101 mochlicorum
1139 2088 1151 2106 ,
1184 2055 1300 2102 inter
1327 2074 1422 2118 quat
1445 2055 1730 2102 vehementia
1761 2054 1929 2099 eminet
1951 2055 2204 2100 Mercurius
2229 2056 2307 2107 ille

478 2118 664 2170 viridis,
691 2122 813 2177 cujus
841 2120 886 2166 vi
914 2120 1098 2166 drasticzi
1129 2137 1222 2166 non
1251 2122 1389 2166 modo
1413 2121 1725 2184 hyperemetos
1754 2124 1797 2164 δε
1819 2118 2164 2182 hypercatharfis
2184 2154 2196 2171 ,
2229 2119 2308 2166 sed

479 2183 605 2245 quod
634 2183 771 2246 magis
795 2185 854 2230 est
874 2217 886 2236 ,
916 2189 1036 2247 cujus
1067 2185 1112 2231 vi
1141 2185 1323 2230 caustica
1347 2185 1593 2250 phlyitaenae
1615 2189 1660 2230 &
1681 2183 1886 2229 ulcerosae
1920 2181 2102 2228 sciss'urae
2132 2185 2304 2231 ventri-

479 2247 579 2293 culo
613 2247 866 2295 inferuntur
897 2247 1209 2314 saepenumero.
1244 2250 1375 2297 Adde
1401 2250 1719 2314 gonorrhoeam
1741 2282 1753 2299 ,
1781 2247 1810 2292 sl
1832 2248 1883 2294 ea
1906 2248 2078 2294 ratione
2108 2247 2270 2295 fistatur
2291 2283 2307 2303 ‚

477 2327 528 2357 ut
557 2311 662 2375 saepe
688 2312 770 2359 sisti
788 2314 1062 2377 experientia
1080 2314 1423 2378 comprobatum
1443 2317 1502 2361 est
1519 2349 1530 2368 ,
1556 2314 1637 2360 {isti
1656 2311 1826 2359 tantum
1850 2312 2045 2359 violenta
2064 2313 2306 2361 humorum

478 2377 688 2422 metastafi
708 2412 721 2430 ,
748 2396 882 2441 quam
900 2380 1092 2425 vomitio
1112 2379 1181 2426 vel
1199 2380 1403 2443 purgatio
1424 2380 1560 2427 nimia
1580 2379 1808 2425 concitant
1826 2397 1837 2428 ς
1860 2394 1952 2423 non
1977 2377 2083 2423 vera
2101 2377 2308 2424 humoris

476 2441 795 2504 profligatione
814 2476 827 2495 ,
857 2443 957 2489 cum
985 2444 1071 2490 una
1096 2460 1167 2489 aut
1189 2444 1325 2491 altera
1348 2444 1441 2491 dosi
1470 2443 1726 2509 praecipitati
1757 2441 1942 2494 viridis,
1972 2442 2027 2487 ad
2059 2458 2124 2505 gr.
2157 2442 2203 2505 ij.
2236 2443 2311 2489 vel

477 2506 542 2563 iij.
564 2507 724 2569 quibus
745 2508 819 2553 vix
840 2525 976 2554 unum
998 2509 1218 2555 Mercurii
1244 2509 1372 2555 crudi
1403 2527 1589 2573 granum
1625 2507 1881 2554 continetur
1899 2541 1912 2560 ,
1942 2523 2035 2552 non
2060 2505 2187 2571 possit
2214 2507 2314 2552 san-

478 2570 624 2633 guinis
643 2570 772 2617 maffa
794 2588 888 2619 tota
907 2573 1089 2635 pervadi
1107 2606 1119 2625 ‚
1141 2591 1286 2636 neque
1311 2575 1450 2620 atomi
1477 2591 1632 2620 omnes
1648 2572 1845 2635 contagii
1875 2571 2085 2622 venerei,
2104 2587 2199 2633 quae
2219 2589 2301 2617 va-

481 2636 557 2679 riis
584 2635 630 2679 in
658 2636 768 2682 locis
794 2637 1049 2683 nidulantur
1068 2671 1081 2689 ,
1115 2638 1280 2700 corrigi
1305 2643 1350 2683 δέ
1371 2639 1620 2690 eliminari,
1650 2637 1770 2683 unde
1798 2637 1847 2681 fit
1874 2652 1921 2681 ut
1941 2652 2149 2698 apparens
2171 2668 2183 2687 ‚
2214 2653 2310 2682 non

481 2714 589 2744 vera
614 2699 663 2744 sit
690 2701 966 2762 gonorrhoeae
987 2701 1155 2747 sanatio
1178 2735 1191 2754 ,
1208 2719 1302 2765 quae
1320 2702 1492 2750 idcirco
1512 2703 1584 2750 vel
1605 2701 1759 2766 sponte
1778 2698 2048 2747 recrudescit
2067 2733 2079 2752 ‚
2101 2700 2173 2747 vel
2189 2699 2311 2748 luem

482 2780 723 2810 veneream
744 2765 876 2811 tacite
907 2766 1152 2829 ingenerat.
1834 2808 1836 2811 .

212 2845 255 2879 v,
273 2840 438 2879 Resinam
550 2833 604 2873 V.
648 2828 806 2875 Refina
827 2831 1009 2876 Guaiaci
1028 2865 1041 2883 ,
1063 2849 1198 2894 quam
1217 2830 1292 2880 alii
1310 2830 1481 2894 gummi
1499 2846 1664 2876 vocant
1682 2864 1695 2883 ‚
1723 2835 1769 2877 δε
1797 2847 1895 2893 quae
1921 2846 1972 2875 ex
2000 2827 2211 2874 corticibus
2233 2845 2312 2873 ex·

210 2893 363 2930 Guaiaci
389 2921 400 2937 ‚
485 2895 614 2937 traela
647 2896 714 2939 vel
736 2896 875 2959 sponte
897 2895 978 2954 fita?
1005 2913 1171 2941 manans
1187 2935 1201 2949 ,
1230 2897 1354 2942 arida
1379 2895 1428 2953 est
1446 2934 1458 2949 ‚
1481 2895 1664 2954 friabilis
1684 2933 1700 2949 ,
1727 2895 2010 2957 subnigricans
2030 2932 2044 2946 ,
2067 2891 2270 2957 pellucidct
2289 2929 2309 2946 ,

211 2944 440 3045 gptaetllffidg-
477 2957 635 3020 fizporis
656 2963 763 3005 acris
780 2997 796 3012 ‚
816 2960 946 3006 odoris
960 2963 1073 3024 grati
1089 2998 1105 3015 ,
1132 2960 1344 3024 praesertim
1359 2962 1402 3022 fi
1425 2963 1506 3024 igni
1533 2964 1762 3025 imponatur
1779 2997 1795 3015 ‚
1820 2958 2056 3024 gonorrhoeae
2077 2956 2307 3021 specificam

212 3046 390 3099 =specifica.

573 3114 622 3157 a)
656 3112 782 3148 Τῐαᾶ.
805 3112 846 3149 de
861 3114 998 3150 morbis
1015 3115 1198 3159 venereis,
1214 3115 1292 3152 Lib.
1312 3129 1342 3162 3.
1357 3121 1429 3162 cap.
1450 3126 1486 3152 2.

576 3164 597 3201 b
613 3167 626 3215 J
658 3163 846 3215 Cynosura
864 3167 1020 3204 materiae
1034 3166 1168 3206 Medic.
1185 3168 1282 3212 Part.
1297 3179 1332 3203 2.
1346 3165 1382 3204 in
1398 3165 1510 3206 verbo
1525 3191 1539 3210 ,
1558 3169 1761 3206 Mercurius
1773 3166 1914 3204 viridis.
