2477 3643
559 89 1683 140 -asL112131111LCAvurvr
1929 108 2013 155 23¹

197 218 207 226 ,
231 175 494 243 ³Mult¹iplex
512 176 572 224 est
593 174 737 222 fistulae
756 173 1001 222 istiusmodi
1021 171 1288 221 differentia.

196 285 203 290 .
258 249 318 288 10.
359 240 552 289 Ratione
571 256 780 307 aperturae
796 275 807 293 ,
827 257 923 303 quae
943 238 1080 286 modo
1096 239 1227 287 latior
1249 239 1308 285 est
1325 242 1371 285 δε
1388 236 1492 285 ideo
1510 234 1723 301 perpetuo
1741 234 1858 288 hiat3
1878 236 2016 284 modo

186 307 409 370 angustior
431 305 634 370 adeoque
656 306 729 353 vel
751 304 887 352 crusta
907 305 977 351 vel
998 305 1120 352 tenui
1141 303 1346 370 pellicula
1366 301 1590 350 interdum
1611 300 1863 348 obducitur.

193 404 197 407 -
257 380 320 417 2⁰.
362 371 555 418 Ratione
582 370 750 418 sinuum
779 370 856 434 qui
874 368 991 416 intus
1011 370 1178 423 latent,
1216 368 1424 417 latiorum
1459 366 1532 415 vel
1558 366 1856 429 angustiorum
1876 398 1888 416 ,
1917 366 2015 429 plu-

187 434 306 482 rium
328 436 398 483 vel
433 437 698 501 pauciorum
715 469 728 490 ,
760 451 1053 483 cutaneorum
1075 435 1146 482 vel
1167 433 1516 501 profundiorum
1536 465 1549 486 ‚
1581 432 1804 478 redtorum
1833 429 1905 477 vel
1932 430 2016 477 fle-

188 500 429 548 xuosorum
450 506 538 548 &c.

252 575 313 628 3⁰.
350 567 545 614 Ratione
573 565 774 612 humoris
800 564 879 629 qui
898 563 1004 611 inde
1023 563 1207 629 profluit
1225 598 1238 618 ‚
1281 561 1499 629 paucioris
1533 560 1607 610 vel
1625 558 1908 627 copiosiori33
1929 576 2017 625 pu⁴

184 632 382 685 talenti,
405 630 558 677 saniofi
582 631 650 679 vel
669 630 922 696 simpliciter
943 629 1147 676 ichorosi.

249 705 319 755 40.
357 697 552 743 Demum
574 697 747 743 ratione
767 696 983 742 callorum
1012 694 1087 759 qui
1107 693 1277 740 smuum
1294 694 1433 741 latera
1450 690 1656 740 obsident
1670 726 1684 746 ,
1719 695 1766 738 ὃ(
1787 688 2014 754 magnitu4

182 760 295 808 dine
310 795 323 815 ‚
345 779 535 809 numero
549 796 561 815 ‚
584 762 750 808 duritie
767 759 1007 826 plurimum
1027 760 1213 805 variant.

246 829 399 887 Caufie.
441 829 584 874 Potest
604 826 788 890 quidem
805 840 979 890 apertus
998 824 1121 871 bubo
1140 824 1186 869 in
1212 823 1334 870 ulcus
1351 822 1582 869 sordidum
1597 855 1609 875 ‚
1627 821 1883 869 chironium
1899 854 1911 873 ‚
1933 819 2015 883 dy-

180 889 433 955 sepulotum
465 891 587 939 abire
619 891 777 938 vitiosa
797 890 1021 954 sanguinis
1047 889 1258 951 dyscrasia
1275 922 1287 941 ,
1318 886 1587 953 potiffimum
1607 888 1716 934 vero
1745 886 1920 934 seminii
1940 903 2015 933 ve-

181 956 308 1003 nerei
329 957 375 1002 in
396 956 606 1021 sanguine
628 957 803 1004 latentis
833 953 1058 1020 praesentia
1076 988 1088 1007 ,
1113 954 1232 1001 unde
1252 971 1331 1019 pus
1350 954 1492 999 acrius
1520 951 1769 1016 suggeritur
1787 970 1798 1004 3
1827 953 1875 998 in
1895 951 2013 998 fistu-

181 1020 273 1066 lam
306 1023 416 1068 vero
446 1040 690 1087 numquam
711 1055 724 1075 ,
757 1019 837 1066 nisi
868 1019 1021 1085 supina
1051 1019 1268 1083 Chirurgi
1300 1017 1474 1065 inscitia
1503 1019 1650 1065 multis
1679 1017 1826 1064 modis
1854 1035 2014 1083 pecca-

188 1100 283 1132 tum
311 1086 376 1132 fit.

254 1160 315 1197 1⁰.
357 1150 534 1198 Scilicet
573 1149 602 1195 fi
644 1149 873 1197 bubonem
908 1147 1198 1213 suppuratum
1234 1148 1484 1211 angustiore
1520 1146 1743 1194 foramine
1779 1145 2016 1211 imperitus

179 1217 405 1279 aperuerit
425 1215 513 1262 five
537 1215 722 1279 scapello
754 1215 841 1262 five
875 1214 1092 1260 cauterio.
1133 1212 1245 1260 Inde
1269 1214 1390 1259 enim
1410 1213 1571 1259 edrrEto
1593 1229 1702 1277 pure
1733 1209 1834 1257 cum
1854 1213 2015 1259 ulceris

179 1278 417 1343 superstitis
437 1280 601 1326 fundus
639 1298 721 1326 nec
744 1280 883 1326 oculis
904 1297 986 1326 nec
1012 1278 1221 1325 remediis
1242 1277 1338 1324 satis
1373 1278 1532 1324 obvius
1554 1277 1631 1330 sit,
1663 1277 1795 1323 facile
1830 1295 1924 1323 non
1955 1279 2015 1324 est

177 1360 254 1390 aut
277 1364 329 1392 ea
355 1363 449 1409 quae
475 1345 593 1390 intus
618 1361 836 1408 geruntur
862 1341 1112 1410 perspicere
1132 1377 1144 1397 ‚
1176 1359 1249 1389 aut
1268 1342 1426 1390 iisdem
1453 1342 1627 1390 mederi
1650 1362 1659 1388 ι
1699 1341 2012 1399 Quamobrem

178 1409 338 1456 ulceris
365 1410 583 1457 interiora
602 1410 782 1456 sordida
809 1425 1042 1456 remanent
1059 1443 1071 1461 ‚
1093 1409 1200 1455 dum
1236 1408 1359 1454 labra
1390 1425 1483 1471 quae
1507 1407 1815 1454 remediorum
1842 1406 2017 1453 viribus

179 1476 319 1538 magis
339 1492 492 1540 patent
509 1509 521 1528 ‚
540 1474 696 1522 melius
717 1474 892 1523 detersa
910 1475 962 1521 ad
985 1475 1276 1521 coalitionem
1291 1488 1534 1539 properant
1551 1507 1564 1526 ,
1586 1472 1705 1519 unde
1725 1471 1910 1517 fistulam
1934 1488 2014 1535 ge-

178 1541 327 1586 nerari
358 1540 581 1588 necessum
609 1541 683 1587 est.

241 1610 304 1650 20.
342 1606 388 1651 Si
419 1606 569 1657 ulcus,
598 1621 841 1668 utcumque
868 1603 955 1649 lata
984 1602 1108 1667 plaga
1128 1602 1350 1666 aperuerit
1367 1634 1378 1654 ‚
1406 1601 1461 1648 ad
1483 1597 1739 1647 cicatricem
1767 1600 1894 1647 citius
1916 1617 2015 1648 ten-

177 1666 289 1715 dere
320 1668 521 1715 incautus
548 1670 804 1734 permittat,
835 1666 1039 1714 nondum
1069 1665 1261 1730 perfedte
1281 1665 1515 1731 suppurata
1540 1665 1751 1728 glandula
1767 1683 1863 1729 quae
1889 1667 2014 1712 exul-

178 1749 379 1787 ceratur,
412 1734 483 1781 vel
511 1734 664 1780 infima
690 1734 842 1781 saltem
863 1731 1062 1795 ejusdem
1081 1732 1317 1797 portione,
1339 1748 1435 1795 quae
1461 1731 1618 1777 ulceris
1649 1747 1853 1777 centrum
1880 1749 2015 1778 occu-

178 1813 280 1862 pat3
302 1799 523 1862 variisque
550 1799 823 1845 membranis
847 1796 1111 1861 quibuscum
1143 1796 1400 1843 adhaerescit
1419 1830 1431 1848 ,
1464 1802 1508 1842 δε
1530 1813 1622 1858 quae
1653 1794 1750 1842 sunt
1777 1797 1906 1842 instar
1935 1815 2015 1861 pe-

178 1862 317 1909 diculi
332 1897 345 1916 ,
368 1862 682 1928 suppuratione
699 1863 903 1909 nondum
919 1860 1115 1925 delapsis.
1140 1861 1423 1925 Experientia
1438 1859 1654 1924 siquidem
1673 1877 1833 1907 notum
1851 1863 1910 1907 est
1929 1880 2013 1908 nec

181 1928 304 1974 ulcus
335 1929 528 1994 pe1·fe&:e
562 1946 757 1993 unquam
786 1927 971 1979 curari,
1006 1925 1083 1972 nisi
1111 1925 1276 1972 fundus
1315 1925 1455 1991 probe
1487 1925 1768 1989 detergatur3
1800 1943 1881 1972 nec
1910 1925 2016 1972 fun-

177 1992 288 2039 dum
308 1994 452 2058 probe
470 2012 668 2057 unquam
688 1992 863 2056 detergi
880 2027 892 2045 ,
911 1990 1111 2055 quandiu
1128 1990 1369 2056 suppuratae
1389 1990 1608 2054 glandulae
1622 1990 1854 2037 frustulum
1871 1991 2016 2054 quod-

179 2058 247 2106 vis
265 2092 278 2111 ,
300 2075 374 2104 aut
392 2058 789 2107 adhaerescentium
806 2058 1169 2104 membranarum
1191 2057 1352 2103 lacinia
1371 2054 1489 2102 intus
1509 2055 1803 2104 remanserint
1820 2090 1833 2110 ‚
1854 2054 2014 2122 suppu-

183 2124 355 2171 ratione
375 2124 579 2171 nondum
598 2124 803 2171 decidua.

249 2197 310 2250 30.
349 2190 394 2236 Si
417 2190 528 2236 male
561 2189 775 2254 providus
805 2206 899 2234 non
931 2188 1136 2235 advertat
1167 2204 1245 2251 pus
1276 2203 1330 2232 ex
1360 2185 1594 2251 suppurata
1628 2184 1762 2235 altera
1790 2184 2015 2234 viciniore

176 2252 390 2317 glandula
406 2288 418 2307 ‚
444 2272 518 2301 aut
536 2273 591 2301 ex
620 2254 848 2315 interjecffta
867 2255 985 2301 inter
1007 2252 1246 2299 viciniores
1268 2251 1498 2314 glandulas
1518 2249 1855 2313 intercapedine
1871 2251 1919 2296 in
1945 2252 2016 2298 ul-

177 2320 291 2364 ceris
319 2319 509 2366 fundum
530 2320 719 2366 latenter
740 2319 968 2371 instillari,
997 2318 1069 2363 cui
1092 2317 1181 2379 jugi
1207 2317 1327 2382 puris
1352 2315 1609 2379 scaturigini
1631 2315 1708 2360 nisi
1739 2315 1829 2360 cito
1856 2334 2017 2362 occur-

180 2399 298 2429 ratur
335 2384 516 2431 dilatata
549 2384 621 2432 via
656 2385 845 2449 scapello
875 2384 948 2430 vel
982 2383 1182 2428 cauterio
1203 2416 1216 2434 ,
1249 2380 1446 2446 perfecsta
1481 2381 1636 2428 ulceris
1667 2379 1848 2426 coalitio
1880 2398 2015 2427 num-

178 2465 316 2510 quam
348 2448 563 2512 speranda
594 2451 682 2501 est,
721 2465 963 2511 utcumque
995 2447 1119 2493 labra
1148 2446 1203 2492 ad
1234 2446 1486 2492 cicatricem
1524 2445 1713 2493 tendere
1743 2445 2014 2500 videantur,

182 2512 260 2559 sed
280 2512 400 2559 ulcus
420 2513 464 2558 in
480 2514 664 2559 fistulam
686 2513 923 2559 necessario
944 2512 1185 2558 desiturum
1204 2513 1278 2558 est.

242 2582 274 2623 S
272 2593 534 2642 ymptomata.
575 2579 902 2641 Qualicumque
932 2595 986 2624 ex
1014 2576 1249 2642 propositis
1281 2574 1419 2621 modo
1452 2575 1701 2639 Chirurgus
1728 2574 1980 2638 peccaverit
2000 2607 2014 2628 ,

182 2641 381 2704 sequitur
403 2643 509 2689 inde
551 2652 612 2688 10.
643 2643 845 2689 Fundum
870 2643 1057 2690 ulcerari
1084 2641 1278 2688 bubonis
1296 2675 1308 2693 ,
1330 2640 1358 2686 si
1380 2641 1586 2687 remediis
1609 2658 1702 2685 non
1721 2640 1980 2704 detergatur
2002 2673 2015 2692 ‚

186 2705 216 2750 si
246 2707 433 2769 putridis
469 2707 686 2771 glandulae
712 2724 785 2754 aut
814 2707 1180 2755 membranarum
1210 2705 1380 2753 laciniis
1407 2705 1659 2752 obsideatur
1676 2739 1688 2757 ‚
1723 2704 1752 2749 si
1774 2723 1882 2768 pure
1901 2705 2015 2768 jugi-

182 2786 250 2815 ter
271 2770 481 2818 illabente
501 2773 702 2825 madeat,
732 2791 814 2820 nec
851 2772 1132 2819 mundificari
1153 2805 1166 2824 ,
1188 2789 1269 2818 nec
1292 2770 1431 2834 proba
1461 2788 1592 2817 carne
1620 2770 1780 2834 repleri
1799 2803 1812 2822 ‚
1848 2788 1930 2816 nec
1958 2770 2012 2815 ad

167 2834 430 2882 >coitionem
461 2855 703 2901 properare
735 2837 853 2901 poffe
872 2872 885 2890 ,
912 2837 988 2884 sed
1023 2836 1227 2882 chironia
1249 2836 1581 2881 exulceratione
1612 2833 1888 2881 indesinente
1917 2852 2014 2881 ero-

163 2936 165 2938 -
183 2899 281 2948 sum
322 2902 368 2945 in
393 2902 630 2947 cavitatem
652 2920 835 2947 vacuam
851 2936 864 2954 ,
885 2907 1097 2961 majorem
1128 2902 1410 2946 minoremve
1430 2899 1651 2945 abiturum
1672 2898 1771 2945 effe.

246 2972 305 3012 2⁰.
341 2964 482 3010 Labra
509 2967 618 3011 vero
644 2967 803 3012 ulceris
821 3000 832 3017 ‚
855 2982 949 3028 quae
969 2963 1069 3010 cum
1087 2964 1391 3011 remediorum
1418 2964 1606 3027 energia:
1625 2964 1762 3010 obvia
1782 2968 1826 3009 δέ
1848 2964 2014 3010 caeteris

188 3028 312 3077 vitiis
327 3029 546 3075 immunia
565 3030 647 3075 sint
664 3064 677 3083 ,
704 3029 896 3094 Ρεῑῑεὲὶὲ
918 3029 1006 3075 elui
1026 3062 1037 3081 ,
1058 3028 1230 3091 detergi
1250 3063 1262 3081 ‚
1288 3028 1588 3077 succrescente
1605 3048 1735 3076 carne
1750 3029 1900 3092 augeri
1920 3028 2014 3090 pos-

173 3094 285 3141 ·sunt
305 3129 317 3147 ‚
338 3095 495 3141 ulceris
515 3113 640 3141 oram
661 3111 815 3141 mutuo
837 3094 1005 3141 accessu
1024 3094 1086 3139 ita
1106 3091 1259 3140 sensim
1277 3096 1550 3141 coarclmtura
1565 3128 1578 3146 ‚
1604 3111 1651 3140 ut
1671 3094 1812 3141 aditus
1833 3096 1877 3140 in
1897 3094 2012 3140 cavi-

185 3176 324 3206 tatem
350 3176 497 3225 pateat
515 3160 699 3223 exiguus
715 3194 727 3213 ,
755 3160 832 3224 qui
850 3160 986 3223 magis
1004 3157 1204 3205 minusve
1223 3159 1394 3209 hiulcus
1411 3160 1483 3210 vel
1501 3160 1718 3226 perpetuo
1741 3160 1915 3225 pervius
1934 3159 1983 3207 fit
1996 3193 2011 3214 ,

172 3226 261 3274 &vel
280 3225 531 3274 identidem
553 3225 694 3273 crusta
713 3244 786 3274 aut
804 3225 1010 3292 pellicula
1028 3224 1294 3272 obducature

2081 231 2089 240 ²
2103 178 2293 222 Differo-'nu

2062 243 2129 271 tiae.
2160 241 2164 245 '
2294 271 2297 273 ,

2098 826 2240 884 Caufae«

2098 2576 2286 2626 Sympt0-

2056 2637 2169 2664 mata.

2118 2709 2147 2733 ι.
2169 2697 2288 2736 Ulcus
2329 2725 2336 2734 .

2055 2746 2286 2788 Chironium.

2113 2960 2148 2984 2·
2172 2946 2286 2992 Quod

2057 2997 2147 3034 nulla
2186 3001 2243 3036 vel

2055 3050 2184 3100 patum
2212 3051 2287 3088 fir-

2056 3114 2114 3138 ma
2134 3114 2284 3139 cicatri-

2055 3166 2092 3190 ce
2124 3154 2285 3196 obduci·-

2054 3217 2128 3250 tur.
