2477 3643
555 103 1425 151 'annnimcanur
1489 106 1584 156 IV.
1912 119 2013 177 '2031

176 195 279 238 burn
296 217 309 240 ,
335 186 476 233 rarior
495 184 602 233 inde
622 184 796 232 futurus
813 187 872 233 est
891 185 947 233 ad
967 205 1182 236 venerem
1201 188 1395 235 stimulus
1424 207 1434 234 :
1463 189 1570 252 quia
1597 187 1748 247 semen
1767 191 1814 238 in
1835 196 2005 243 vesicu-

179 253 232 302 lis
251 251 493 299 seminariis
519 256 562 297 ὅ(
587 250 786 321 prostatis
820 251 989 316 parcius
1017 254 1253 302 collectum
1268 287 1281 308 ‚
1313 253 1441 319 copia
1459 287 1472 307 ‚
1495 254 1643 302 calore
1660 288 1675 308 ,
1703 256 2008 308 morsiunculis

181 332 395 367 venerem
427 315 564 362 rarius
585 315 858 362 iollicitabit.

253 389 315 426 2⁰.
349 385 454 427 Hoc
474 396 620 427 autem
649 380 838 427 maxime
871 397 1027 429 verum
1054 382 1114 430 est
1132 416 1145 436 ‚
1181 381 1210 428 fi
1234 381 1430 430 vesicula:
1461 383 1700 432 seminariae
1732 384 2008 443 afficiantur3

182 445 328 493 minus
346 447 455 503 vepro
472 479 485 499 ,
509 444 538 490 si
557 445 655 492 solae
674 447 869 510 prostatae
890 465 899 492 ε
921 447 1025 509 quia
1042 448 1191 494 semen
1210 482 1221 498 ,
1253 448 1376 510 quod
1398 449 1595 496 vesiculis
1626 451 1867 498 seminariis
1899 471 2010 500 con-

182 511 349 557 tinetur
368 545 381 564 ,
403 510 540 574 magis
558 510 781 556 :uiuidum
800 546 812 563 ,
840 512 1099 574 energicam
1117 547 1129 565 ‚
1155 510 1309 559 efficax
1330 514 1387 558 est
1404 547 1416 565 ‚
1439 520 1483 559 δε
1513 516 1704 579 proinde
1722 516 1778 561 ad
1797 532 2012 565 venerem

181 575 322 638 magis
347 575 485 630 facit3
513 575 673 621 contra
696 575 803 622 veto
822 579 1108 640 prostatarum
1133 576 1280 624 semen
1298 579 1529 643 vappidius
1549 582 1607 627 est
1630 580 1906 646 inertiusque
1926 617 1940 635 ‚
1965 589 2012 630 &

182 640 291 687 ideo
318 640 374 686 ad
396 640 608 687 venerem
640 641 784 687 minus
802 640 970 687 efficax.

248 715 311 766 3⁰.
346 706 484 763 Quod
519 705 549 750 si
586 706 760 752 seminis
790 705 1063 770 profluvium
1100 705 1365 751 continuum
1412 725 1504 753 non
1542 707 1618 761 fit,
1650 708 1725 756 sed
1763 711 2012 759 identidem

182 769 356 816 tantum
385 770 610 834 rariusque
640 786 836 817 recurrat
853 803 864 822 ,
890 770 1008 816 haud
1034 786 1154 815 tanta
1179 769 1328 816 futura
1356 773 1414 817 est
1432 772 1485 818 ad
1507 791 1719 821 venerem
1756 775 1978 839 frigiditas
2001 797 2010 823 :

179 835 285 896 quia
312 833 461 881 semen
480 835 526 880 in
548 835 873 897 conceptaculis
893 834 1111 898 copiosius
1131 835 1282 898 colligi
1301 869 1313 886 ,
1333 854 1379 880 ac
1403 838 1592 899 proinde
1615 841 1746 903 paulo
1766 842 1925 902 majori
1943 842 2013 889 ef-

181 899 332 945 ficacia
359 900 597 946 libidinem
625 900 870 946 accendere
903 900 1068 963 poterit
1088 934 1099 952 ‚
1128 899 1367 963 praesertim
1400 901 1429 946 fi
1463 901 1610 949 semen
1644 905 1767 968 quod
1796 907 1978 970 profluit
1997 941 2013 961 ,

181 980 275 1010 non
295 964 318 1009 εἰ
341 965 535 1012 vesiculis
556 964 801 1011 seminariis
820 999 832 1017 ,
850 964 926 1011 sed
945 965 968 1009 :l
989 965 1186 1028 prostatis
1209 966 1379 1011 tantum
1413 985 1660 1030 promanet.

247 1037 315 1087 40.
349 1029 517 1076 Verum
537 1029 566 1074 fi
589 1046 713 1075 tento
734 1045 911 1075 veretro
931 1030 976 1074 in
997 1029 1128 1075 armis
1153 1029 1411 1091 aliquandiu
1431 1032 1629 1077 standum
1651 1033 1700 1078 sit
1717 1068 1728 1086 ‚
1752 1034 1917 1081 semine
1946 1035 2011 1080 ci-

178 1091 263 1139 tius
289 1094 423 1157 quam
441 1112 517 1159 par
549 1093 653 1141 effer
681 1094 928 1154 profluente
944 1128 956 1145 ‚
976 1110 1107 1157 atque
1140 1095 1252 1139 adeo
1272 1094 1493 1141 subtracto
1525 1100 1697 1142 veneris
1719 1100 1893 1144 stimulo
1913 1099 2010 1145 lan-

179 1158 342 1220 guidus
372 1160 496 1223 penis
517 1158 645 1205 brevi
668 1156 897 1205 flaccescet
919 1175 1020 1204 ante
1041 1158 1288 1221 aggressiim
1307 1176 1415 1222 opus
1433 1194 1445 1213 ‚
1471 1166 1589 1207 unde
1608 1163 1835 1211 manifesta
1855 1163 2008 1210 saltem

178 1222 237 1268 ad
258 1240 468 1270 venerem
490 1223 631 1270 minsis
651 1224 893 1287 parabilem
918 1224 1199 1287 impotentia.

248 1295 312 1349 5⁰.
351 1288 543 1334 Demum
579 1287 609 1332 si
646 1287 881 1352 copiosum
914 1286 963 1332 sit
993 1287 1170 1334 seminis
1209 1286 1513 1351 profluvium,
1541 1292 1811 1354 consequens
1848 1295 1906 1340 est
1932 1312 2010 1341 ex-

179 1350 328 1398 hausta
358 1352 513 1398 sensim
537 1352 775 1398 bais-amica
794 1359 838 1399 &
862 1352 1091 1418 spirituosfi
1120 1352 1341 1416 sanguinis
1373 1370 1495 1416 parte
1515 1389 1526 1406 ,
1555 1373 1802 1403 marcorem
1823 1392 1833 1409 ‚
1858 1358 2010 1421 phthi-

179 1415 257 1462 sim
276 1450 289 1469 ,
314 1415 461 1464 tabem
495 1416 715 1464 dor-salem
736 1417 994 1464 inducenda
1014 1417 1097 1464 effe
1116 1452 1127 1469 ,
1160 1419 1333 1464 ratione
1356 1418 1513 1465 effidem
1542 1420 1787 1486 eademque
1809 1423 1865 1469 de
1888 1423 2013 1469 causa

181 1499 230 1528 ac
256 1482 303 1527 in
330 1482 409 1534 iis,
439 1482 515 1546 qui
542 1500 706 1529 venere
731 1482 1029 1528 immoderata
1054 1480 1143 1527 sese
1168 1498 1423 1528 extenuant.

240 1549 472 1610 Diagnosts.
502 1547 692 1593 Morbus
724 1554 768 1593 δε
791 1546 915 1593 causa
932 1547 1080 1593 morbi
1099 1547 1309 1611 primaria
1327 1581 1339 1600 ,
1367 1547 1640 1611 gomorrhoea
1662 1548 1856 1604 scilicet,
1888 1551 2011 1599 indi-

179 1627 335 1657 cantur
355 1611 607 1674 aegrotantis
628 1611 920 1658 confessione.

243 1676 443 1722 Geminae
474 1676 622 1722 morbi
654 1676 817 1740 species
849 1694 901 1722 ex
933 1674 976 1723 se
1005 1693 1187 1740 patent,
1220 1691 1351 1738 atque
1381 1676 1487 1722 inde
1510 1676 1723 1740 colligere
1758 1679 1888 1726 facile
1916 1682 2011 1734 est,

179 1757 378 1803 quonam
401 1740 513 1787 vitio
540 1740 715 1788 seminis
743 1741 957 1788 emisiaria
983 1741 1216 1792 laborent,
1242 1739 1342 1786 curn
1370 1741 1631 1787 stillatitium
1657 1744 1928 1807 profluvium
1957 1745 2012 1791 ab

180 1805 501 1852 emissariorum
538 1805 852 1870 ampliatione,
883 1823 977 1869 quae
1007 1805 1315 1857 semi-hiulca3
1349 1806 1620 1869 profluvium
1642 1809 1751 1854 vero
1780 1809 2012 1856 intermit-

181 1886 276 1916 tens
296 1870 351 1915 ab
376 1870 698 1916 emissariorum
720 1871 898 1916 laxitate
928 1870 1181 1934 dependeat
1210 1903 1222 1921 ,
1246 1888 1340 1932 qua?
1367 1870 1552 1916 inertius
1572 1873 1744 1918 occlusa
1766 1873 1877 1920 sunt.

244 1935 451 1980 Tandem
490 1935 609 1980 haud
640 1935 827 1980 arduum
852 1937 910 1981 est
951 1951 1055 1980 utrae
1085 1953 1137 1980 ex
1170 1934 1368 1980 veficulis
1394 1934 1636 1982 seminariis
1675 1939 1931 2001 prostatisve
1965 1939 2012 1986 in

178 1998 290 2044 vitio
319 1998 400 2044 sint
429 1998 710 2062 dignoscere.
739 2004 899 2046 Semen
933 2001 1055 2045 enim
1092 2015 1224 2045 tenue
1243 2033 1254 2050 ‚
1276 1998 1469 2045 serosum
1490 2035 1501 2052 ‚
1530 2001 1767 2066 limpidum
1793 2004 1816 2049 εὶ
1846 2006 2012 2069 prosta-

180 2064 235 2110 tis
257 2083 268 2115 ·,
290 2064 463 2129 spiffum
492 2065 601 2111 vero
624 2099 633 2116 ‚
655 2064 872 2110 viscidum
890 2099 900 2116 ,
925 2065 1119 2110 albicans
1140 2065 1162 2109 a
1184 2063 1384 2110 vesiculis
1407 2065 1580 2112 defluit.

251 2131 470 2193 Prognosts.
509 2129 698 2175 Seminis
729 2130 1000 2176 stillicidium
1022 2131 1123 2176 raro
1141 2129 1439 2194 periculosum
1470 2132 1559 2183 est,
1583 2147 1666 2177 nec
1701 2150 1896 2196 unquam
1932 2132 2012 2180 nifi

180 2192 370 2238 nimium
400 2193 449 2238 iit
466 2228 478 2246 ,
506 2194 629 2257 quod
653 2213 800 2240 rarum
821 2196 891 2240 est.

241 2262 300 2303 At
330 2257 359 2303 fi
393 2276 484 2303 non
506 2258 801 2322 periculosum
823 2293 834 2310 ,
862 2258 1013 2304 saltem
1045 2257 1388 2303 incommodum
1420 2261 1478 2305 est
1497 2293 1509 2310 ,
1533 2260 1799 2322 potiffimum
1825 2261 1877 2307 iis
1895 2296 1907 2314 ‚
1932 2263 2012 2325 qui

180 2321 336 2368 dolent
363 2322 614 2369 funeratam
633 2324 704 2369 vel
722 2323 871 2370 funeri
890 2323 1140 2388 proximam
1159 2340 1256 2369 eam
1278 2334 1451 2388 partem
1471 2324 1637 2372 habere
1656 2359 1668 2380 >
1687 2326 1771 2389 quai
1791 2325 1836 2372 se
1857 2327 2010 2374 Achil-

179 2387 241 2433 les
267 2387 354 2432 effe
384 2387 702 2449 gloriabantur.

240 2453 411 2496 Curatu
432 2450 652 2497 difficilius
676 2453 734 2498 est
756 2450 1024 2497 stillicidium
1051 2450 1228 2498 seminis
1248 2467 1509 2516 perpetuum
1527 2487 1538 2505 ‚
1569 2453 1703 2516 quam
1731 2453 2010 2517 profluvium

176 2513 427 2561 identidem
448 2533 681 2562 recurrens
701 2550 712 2568 ‚
736 2514 836 2560 cum
864 2513 1084 2561 difficilius
1108 2516 1158 2562 sit
1178 2517 1385 2563 latiorum
1404 2518 1727 2564 emissariorum
1750 2519 2008 2583 amplitudi-

179 2596 281 2626 nem
306 2581 509 2627 minuere
527 2615 540 2634 ,
559 2581 694 2644 quam
721 2579 918 2644 partibus
938 2581 1097 2626 inertia
1117 2582 1398 2645 peccantibus
1421 2598 1578 2629 tonum
1599 2582 1804 2628 reddere.

243 2650 432 2691 Curatio.
468 2653 528 2691 10.
561 2645 676 2691 Cum
703 2645 976 2709 experientia
1001 2645 1205 2692 docuerit
1233 2664 1494 2711 perpetuum
1522 2647 1699 2697 seminis
1719 2647 2006 2702 stillicidium,

177 2724 333 2772 praeter
369 2707 690 2756 emissariorum
722 2710 949 2755 laxitatem
971 2744 982 2761 ,
1011 2710 1034 2754 a
1056 2710 1144 2755 levi
1165 2714 1452 2775 prostatarum
1486 2717 1532 2758 &
1556 2712 1845 2757 velicularum
1876 2714 2007 2758 semi-

178 2773 400 2818 nariarum
420 2808 431 2826 ,
459 2792 530 2820 aut
561 2775 818 2821 earumdem
839 2774 1159 2820 emilia-riorum
1184 2776 1382 2839 phlogosi
1401 2776 1839 2839 quandoquefoveri
1859 2810 1871 2828 ,
1899 2777 2006 2823 sicut

176 2837 223 2882 in
244 2836 527 2900 lippientibus
555 2839 758 2885 vitiosam
780 2838 997 2884 lemarum
1019 2839 1313 2886 secretionem
1343 2842 1366 2884 a
1393 2840 1520 2885 simili
1547 2840 1860 2903 glandularum
1877 2873 1888 2891 ‚
1910 2859 2006 2903 qua:

177 2901 409 2965 palpebras
449 2904 633 2966 cingunt
654 2937 664 2955 ,
701 2902 935 2948 affestione
963 2903 1217 2965 dependere
1251 2904 1475 2956 diximus,
1510 2907 1672 2967 praestat
1702 2905 1833 2950 initio
1871 2922 2005 2952 unam

177 2983 251 3012 aut
281 2966 462 3012 alteram
502 2985 623 3013 venae
659 2967 896 3013 sectionem
928 2968 1192 3029 praemittere
1212 3002 1223 3019 ,
1255 2968 1341 3030 qua
1377 2968 1593 3014 methodo
1625 2968 1719 3015 vidi
1748 2987 1841 3016 non
1870 2969 2004 3016 semel

177 3047 332 3077 recens
353 3030 529 3077 seminis
552 3031 822 3095 profluvium
844 3030 1036 3076 feliciter
1064 3048 1263 3077 curatum
1286 3032 1427 3079 fuisse.

239 3104 302 3141 2⁰.
339 3096 481 3141 Simili
516 3097 570 3143 de
607 3095 759 3148 causti,
781 3095 880 3141 cum
914 3095 1087 3142 seminis
1110 3098 1357 3143 acrimonia
1381 3099 1403 3142 :i
1426 3114 1601 3144 veneno
1633 3097 1703 3144 vel
1737 3098 1760 3142 a
1794 3097 2005 3146 remediis

173 3162 399 3208 contracta
420 3161 691 3209 stillicidium
716 3161 978 3225 plerumque
1003 3161 1233 3216 intendat,
1262 3163 1565 3211 demulcentia
1583 3162 1840 3211 adhibenda
1871 3164 1969 3214 sunt
1987 3197 2003 3220 ,

1654 3229 1693 3273 C
1710 3245 1730 3273 c
1757 3232 1788 3291 ij

2059 216 2158 244 mata
2176 205 2285 245 stilli-

2059 259 2152 296 cidii.
2172 272 2197 296 1.
2216 263 2291 299 Se·-

2057 311 2186 363 gnities
2240 310 2289 348 ad

2057 374 2240 402 venerem.

2060 452 2091 475 2.
2110 440 2164 476 Ad
2178 450 2288 476 vene-

2059 501 2134 528 rem
2150 493 2288 533 inertia.

2105 741 2136 773 3.
2161 727 2202 763 M
2208 726 2216 763 i
2221 740 2286 766 not

2060 775 2257 827 aliquando

2060 825 2247 881 frigiditas

2058 880 2105 917 ad
2132 895 2246 921 vene-

2058 944 2150 972 rem,

2087 1057 2125 1089 4.
2142 1045 2287 1083 Ereecio

2058 1105 2180 1132 tamen
2221 1110 2286 1134 ne·-

2057 1158 2127 1197 que
2148 1148 2255 1186 firma
2272 1176 2287 1194 ,

2057 1212 2169 1250 neque
2200 1203 2288 1238 diu-

2058 1262 2181 1288 tuma.

2084 1337 2115 1370 5.
2135 1325 2288 1363 Marco:

2057 1378 2090 1412 &
2122 1375 2233 1414 tabes.

2074 1570 2286 1623 Diagnofis.

2075 2149 2287 2204 Prognofis-

2111 2654 2283 2699 Curatio.
