<?xml version="1.0" encoding="UTF-8"?>
<!DOCTYPE html PUBLIC "-//W3C//DTD XHTML 1.0 Transitional//EN"
    "http://www.w3.org/TR/xhtml1/DTD/xhtml1-transitional.dtd">
<html xmlns="http://www.w3.org/1999/xhtml" xml:lang="en" lang="en">
 <head>
  <title>
</title>
<meta http-equiv="Content-Type" content="text/html;charset=utf-8" />
  <meta name='ocr-system' content='tesseract 3.04.00' />
  <meta name='ocr-capabilities' content='ocr_page ocr_carea ocr_par ocr_line ocrx_word'/>
</head>
<body>
  <div class='ocr_page' id='page_1' title='image "./demorbisvenereis00astr_0425.png"; bbox 0 0 2477 3643; ppageno 0'>
   <div class='ocr_carea' id='block_1_1' title="bbox 701 103 2032 180">
    <p class='ocr_par' dir='ltr' id='par_1_1' title="bbox 701 103 2032 180">
     <span class='ocr_line' id='line_1_1' title="bbox 701 103 2032 180; baseline 0.008 -29"><span class='ocrx_word' id='word_1_1' title='bbox 701 103 1611 158; x_wconf 63' lang='lat' dir='ltr'>L1nsn1v.CA1=uTX.</span> <span class='ocrx_word' id='word_1_2' title='bbox 1940 125 2032 180; x_wconf 78' lang='lat'>339</span> 
     </span>
    </p>
   </div>
   <div class='ocr_carea' id='block_1_2' title="bbox 167 181 2026 2197">
    <p class='ocr_par' dir='ltr' id='par_1_2' title="bbox 189 181 2026 879">
     <span class='ocr_line' id='line_1_2' title="bbox 200 181 2026 260; baseline 0.002 -26"><span class='ocrx_word' id='word_1_3' title='bbox 200 185 303 234; x_wconf 70' lang='lat' dir='ltr'>sunt</span> <span class='ocrx_word' id='word_1_4' title='bbox 321 214 335 238; x_wconf 93' lang='lat'>‚</span> <span class='ocrx_word' id='word_1_5' title='bbox 376 197 425 231; x_wconf 92' lang='lat' dir='ltr'>ut</span> <span class='ocrx_word' id='word_1_6' title='bbox 460 181 616 230; x_wconf 85' lang='lat' dir='ltr'>nativae</span> <span class='ocrx_word' id='word_1_7' title='bbox 646 183 931 248; x_wconf 84' lang='lat' dir='ltr'>amplitudini</span> <span class='ocrx_word' id='word_1_8' title='bbox 965 184 1119 232; x_wconf 77' lang='lat' dir='ltr'>sensim</span> <span class='ocrx_word' id='word_1_9' title='bbox 1151 185 1393 233; x_wconf 84' lang='lat' dir='ltr'>reddantur</span> <span class='ocrx_word' id='word_1_10' title='bbox 1417 205 1427 232; x_wconf 74' lang='grc' dir='ltr'><strong><em>ε</em></strong></span> <span class='ocrx_word' id='word_1_11' title='bbox 1452 189 1632 252; x_wconf 83' lang='lat' dir='ltr'>Nempe</span> <span class='ocrx_word' id='word_1_12' title='bbox 1657 187 1704 234; x_wconf 92' lang='lat' dir='ltr'>in</span> <span class='ocrx_word' id='word_1_13' title='bbox 1731 195 2026 260; x_wconf 77' lang='lat' dir='ltr'>paraphimosi</span> 
     </span>
     <span class='ocr_line' id='line_1_3' title="bbox 202 248 2025 317; baseline 0.006 -21"><span class='ocrx_word' id='word_1_14' title='bbox 202 249 353 298; x_wconf 84' lang='lat' dir='ltr'>subter</span> <span class='ocrx_word' id='word_1_15' title='bbox 383 248 644 314; x_wconf 68' lang='lat' dir='ltr'>praeputium</span> <span class='ocrx_word' id='word_1_16' title='bbox 666 249 781 311; x_wconf 73' lang='lat' dir='ltr'>pone</span> <span class='ocrx_word' id='word_1_17' title='bbox 800 250 974 312; x_wconf 85' lang='lat' dir='ltr'>glandis</span> <span class='ocrx_word' id='word_1_18' title='bbox 991 268 1206 297; x_wconf 87' lang='lat' dir='ltr'>coronam</span> <span class='ocrx_word' id='word_1_19' title='bbox 1226 267 1510 314; x_wconf 87' lang='lat' dir='ltr'>corrugatum</span> <span class='ocrx_word' id='word_1_20' title='bbox 1528 286 1540 304; x_wconf 92' lang='lat'><strong>,</strong></span> <span class='ocrx_word' id='word_1_21' title='bbox 1558 253 1682 317; x_wconf 92' lang='lat' dir='ltr'>quod</span> <span class='ocrx_word' id='word_1_22' title='bbox 1701 272 1836 304; x_wconf 88' lang='lat' dir='ltr'>manu</span> <span class='ocrx_word' id='word_1_23' title='bbox 1862 260 2025 310; x_wconf 64' lang='lat' dir='ltr'>sinistri</span> 
     </span>
     <span class='ocr_line' id='line_1_4' title="bbox 201 313 2024 387; baseline 0.005 -25"><span class='ocrx_word' id='word_1_24' title='bbox 201 314 400 362; x_wconf 87' lang='lat' dir='ltr'>molliter</span> <span class='ocrx_word' id='word_1_25' title='bbox 436 313 721 361; x_wconf 87' lang='lat' dir='ltr'>retinendum</span> <span class='ocrx_word' id='word_1_26' title='bbox 755 315 841 366; x_wconf 87' lang='lat' dir='ltr'>est,</span> <span class='ocrx_word' id='word_1_27' title='bbox 868 314 1048 361; x_wconf 87' lang='lat' dir='ltr'>balanus</span> <span class='ocrx_word' id='word_1_28' title='bbox 1082 316 1241 363; x_wconf 75' lang='lat' dir='ltr'>blande</span> <span class='ocrx_word' id='word_1_29' title='bbox 1268 316 1389 362; x_wconf 79' lang='lat' dir='ltr'>intro</span> <span class='ocrx_word' id='word_1_30' title='bbox 1421 317 1730 382; x_wconf 75' lang='lat' dir='ltr'>repellendtiS‚</span> <span class='ocrx_word' id='word_1_31' title='bbox 1766 327 2024 387; x_wconf 83' lang='lat' dir='ltr'>praepurium</span> 
     </span>
     <span class='ocr_line' id='line_1_5' title="bbox 202 377 2024 454; baseline 0.006 -29"><span class='ocrx_word' id='word_1_32' title='bbox 202 378 457 428; x_wconf 76' lang='lat' dir='ltr'>anti-orsum</span> <span class='ocrx_word' id='word_1_33' title='bbox 477 377 602 424; x_wconf 81' lang='lat' dir='ltr'>simul</span> <span class='ocrx_word' id='word_1_34' title='bbox 622 377 889 424; x_wconf 83' lang='lat' dir='ltr'>adducendo</span> <span class='ocrx_word' id='word_1_35' title='bbox 909 413 920 432; x_wconf 87' lang='lat'><strong>,</strong></span> <span class='ocrx_word' id='word_1_36' title='bbox 941 385 985 426; x_wconf 91' lang='lat'>&amp;</span> <span class='ocrx_word' id='word_1_37' title='bbox 1004 380 1121 426; x_wconf 88' lang='lat' dir='ltr'>illius</span> <span class='ocrx_word' id='word_1_38' title='bbox 1147 398 1273 444; x_wconf 82' lang='lat' dir='ltr'>rugas</span> <span class='ocrx_word' id='word_1_39' title='bbox 1299 382 1508 447; x_wconf 78' lang='lat' dir='ltr'>paulatim</span> <span class='ocrx_word' id='word_1_40' title='bbox 1528 383 1808 447; x_wconf 82' lang='lat' dir='ltr'>explicando.</span> <span class='ocrx_word' id='word_1_41' title='bbox 1839 394 1890 434; x_wconf 90' lang='lat' dir='ltr'>In</span> <span class='ocrx_word' id='word_1_42' title='bbox 1921 391 2024 454; x_wconf 87' lang='lat' dir='ltr'>phi-</span> 
     </span>
     <span class='ocr_line' id='line_1_6' title="bbox 198 442 2024 520; baseline 0.006 -30"><span class='ocrx_word' id='word_1_43' title='bbox 198 443 309 491; x_wconf 70' lang='lat' dir='ltr'>mosi</span> <span class='ocrx_word' id='word_1_44' title='bbox 338 443 445 490; x_wconf 70' lang='lat' dir='ltr'>verb</span> <span class='ocrx_word' id='word_1_45' title='bbox 469 443 580 489; x_wconf 83' lang='lat' dir='ltr'>rima</span> <span class='ocrx_word' id='word_1_46' title='bbox 595 477 608 496; x_wconf 91' lang='lat'>‚</span> <span class='ocrx_word' id='word_1_47' title='bbox 627 442 712 506; x_wconf 68' lang='lat' dir='ltr'>quii</span> <span class='ocrx_word' id='word_1_48' title='bbox 730 446 990 508; x_wconf 75' lang='lat' dir='ltr'>praeputium</span> <span class='ocrx_word' id='word_1_49' title='bbox 1013 445 1213 510; x_wconf 87' lang='lat' dir='ltr'>pervium</span> <span class='ocrx_word' id='word_1_50' title='bbox 1234 448 1293 492; x_wconf 90' lang='lat' dir='ltr'>est</span> <span class='ocrx_word' id='word_1_51' title='bbox 1310 480 1322 498; x_wconf 89' lang='lat'>‚</span> <span class='ocrx_word' id='word_1_52' title='bbox 1346 447 1558 510; x_wconf 88' lang='lat' dir='ltr'>paulatim</span> <span class='ocrx_word' id='word_1_53' title='bbox 1576 449 1827 513; x_wconf 84' lang='lat' dir='ltr'>amplianda</span> <span class='ocrx_word' id='word_1_54' title='bbox 1845 454 1905 499; x_wconf 89' lang='lat' dir='ltr'>est</span> <span class='ocrx_word' id='word_1_55' title='bbox 1933 451 2024 520; x_wconf 81' lang='lat' dir='ltr'>spe-</span> 
     </span>
     <span class='ocr_line' id='line_1_7' title="bbox 198 506 2021 578; baseline 0.006 -22"><span class='ocrx_word' id='word_1_56' title='bbox 198 510 304 556; x_wconf 88' lang='lat' dir='ltr'>culo</span> <span class='ocrx_word' id='word_1_57' title='bbox 324 509 422 560; x_wconf 86' lang='lat' dir='ltr'>ani,</span> <span class='ocrx_word' id='word_1_58' title='bbox 445 508 568 571; x_wconf 90' lang='lat' dir='ltr'>quod</span> <span class='ocrx_word' id='word_1_59' title='bbox 592 506 763 554; x_wconf 88' lang='lat' dir='ltr'>summo</span> <span class='ocrx_word' id='word_1_60' title='bbox 785 509 908 572; x_wconf 81' lang='lat' dir='ltr'>apice</span> <span class='ocrx_word' id='word_1_61' title='bbox 931 509 1124 573; x_wconf 72' lang='lat' dir='ltr'>primum</span> <span class='ocrx_word' id='word_1_62' title='bbox 1152 511 1452 558; x_wconf 44' lang='lat' dir='ltr'>introductum</span> <span class='ocrx_word' id='word_1_63' title='bbox 1469 545 1482 564; x_wconf 90' lang='lat'>‚</span> <span class='ocrx_word' id='word_1_64' title='bbox 1511 512 1617 559; x_wconf 90' lang='lat' dir='ltr'>dein</span> <span class='ocrx_word' id='word_1_65' title='bbox 1641 514 1916 578; x_wconf 80' lang='lat' dir='ltr'>pedetentim</span> <span class='ocrx_word' id='word_1_66' title='bbox 1941 537 2021 566; x_wconf 78' lang='lat' dir='ltr'>ex·</span> 
     </span>
     <span class='ocr_line' id='line_1_8' title="bbox 195 571 2015 642; baseline 0.007 -23"><span class='ocrx_word' id='word_1_67' title='bbox 195 573 399 638; x_wconf 84' lang='lat' dir='ltr'>plicatur.</span> <span class='ocrx_word' id='word_1_68' title='bbox 432 572 624 619; x_wconf 73' lang='lat' dir='ltr'>Demum</span> <span class='ocrx_word' id='word_1_69' title='bbox 645 573 690 619; x_wconf 90' lang='lat' dir='ltr'>in</span> <span class='ocrx_word' id='word_1_70' title='bbox 712 571 906 619; x_wconf 83' lang='lat' dir='ltr'>foeminis</span> <span class='ocrx_word' id='word_1_71' title='bbox 926 575 1210 621; x_wconf 64' lang='lat' dir='ltr'>constrictum</span> <span class='ocrx_word' id='word_1_72' title='bbox 1231 578 1398 639; x_wconf 66' lang='lat' dir='ltr'>vaginae</span> <span class='ocrx_word' id='word_1_73' title='bbox 1419 577 1684 642; x_wconf 85' lang='lat' dir='ltr'>principium</span> <span class='ocrx_word' id='word_1_74' title='bbox 1703 612 1715 631; x_wconf 94' lang='lat'>‚</span> <span class='ocrx_word' id='word_1_75' title='bbox 1742 581 1913 629; x_wconf 87' lang='lat' dir='ltr'>intruso</span> <span class='ocrx_word' id='word_1_76' title='bbox 1941 585 2015 631; x_wconf 89' lang='lat' dir='ltr'>ani</span> 
     </span>
     <span class='ocr_line' id='line_1_9' title="bbox 192 637 2016 712; baseline 0.005 -27"><span class='ocrx_word' id='word_1_77' title='bbox 192 637 266 685; x_wconf 86' lang='lat' dir='ltr'>vel</span> <span class='ocrx_word' id='word_1_78' title='bbox 285 637 480 688; x_wconf 83' lang='lat' dir='ltr'>matricis</span> <span class='ocrx_word' id='word_1_79' title='bbox 503 637 677 702; x_wconf 87' lang='lat' dir='ltr'>speculo</span> <span class='ocrx_word' id='word_1_80' title='bbox 692 672 703 690; x_wconf 86' lang='lat'>,</span> <span class='ocrx_word' id='word_1_81' title='bbox 724 638 940 702; x_wconf 78' lang='lat' dir='ltr'>gradatim</span> <span class='ocrx_word' id='word_1_82' title='bbox 963 639 1240 687; x_wconf 84' lang='lat' dir='ltr'>dilatandum</span> <span class='ocrx_word' id='word_1_83' title='bbox 1261 643 1317 686; x_wconf 86' lang='lat' dir='ltr'>est</span> <span class='ocrx_word' id='word_1_84' title='bbox 1335 640 1461 688; x_wconf 79' lang='lat' dir='ltr'>simili</span> <span class='ocrx_word' id='word_1_85' title='bbox 1484 643 1701 690; x_wconf 88' lang='lat' dir='ltr'>methodo</span> <span class='ocrx_word' id='word_1_86' title='bbox 1718 678 1731 697; x_wconf 88' lang='lat'>‚</span> <span class='ocrx_word' id='word_1_87' title='bbox 1752 663 1845 709; x_wconf 82' lang='lat' dir='ltr'>quae</span> <span class='ocrx_word' id='word_1_88' title='bbox 1867 647 2016 712; x_wconf 79' lang='lat' dir='ltr'>fingu-</span> 
     </span>
     <span class='ocr_line' id='line_1_10' title="bbox 189 700 2018 767; baseline 0.006 -18"><span class='ocrx_word' id='word_1_89' title='bbox 189 702 235 749; x_wconf 84' lang='lat' dir='ltr'>la</span> <span class='ocrx_word' id='word_1_90' title='bbox 261 703 426 767; x_wconf 89' lang='lat' dir='ltr'>pluries</span> <span class='ocrx_word' id='word_1_91' title='bbox 445 700 520 749; x_wconf 84' lang='lat' dir='ltr'>sed</span> <span class='ocrx_word' id='word_1_92' title='bbox 542 703 720 748; x_wconf 74' lang='lat' dir='ltr'>modice</span> <span class='ocrx_word' id='word_1_93' title='bbox 751 709 795 749; x_wconf 67' lang='grc' dir='ltr'>δέ</span> <span class='ocrx_word' id='word_1_94' title='bbox 829 703 952 748; x_wconf 74' lang='lat' dir='ltr'>caute</span> <span class='ocrx_word' id='word_1_95' title='bbox 986 706 1223 767; x_wconf 85' lang='lat' dir='ltr'>repetenda</span> <span class='ocrx_word' id='word_1_96' title='bbox 1246 705 1344 750; x_wconf 87' lang='lat' dir='ltr'>sunt</span> <span class='ocrx_word' id='word_1_97' title='bbox 1360 739 1373 758; x_wconf 90' lang='lat'>‚</span> <span class='ocrx_word' id='word_1_98' title='bbox 1393 707 1835 761; x_wconf 88' lang='lat' dir='ltr'>donecemollitione</span> <span class='ocrx_word' id='word_1_99' title='bbox 1856 718 1901 758; x_wconf 68' lang='grc' dir='ltr'>ὅ(</span> <span class='ocrx_word' id='word_1_100' title='bbox 1923 713 2018 760; x_wconf 87' lang='lat' dir='ltr'>dis-</span> 
     </span>
     <span class='ocr_line' id='line_1_11' title="bbox 191 767 2017 837; baseline 0.007 -23"><span class='ocrx_word' id='word_1_101' title='bbox 191 768 410 814; x_wconf 70' lang='lat' dir='ltr'>traffione</span> <span class='ocrx_word' id='word_1_102' title='bbox 438 767 756 814; x_wconf 74' lang='lat' dir='ltr'>alternantibus</span> <span class='ocrx_word' id='word_1_103' title='bbox 783 784 1026 832; x_wconf 73' lang='lat' dir='ltr'>corrugata:</span> <span class='ocrx_word' id='word_1_104' title='bbox 1044 785 1190 833; x_wconf 85' lang='lat' dir='ltr'>partes</span> <span class='ocrx_word' id='word_1_105' title='bbox 1210 770 1397 835; x_wconf 81' lang='lat' dir='ltr'>pristina:</span> <span class='ocrx_word' id='word_1_106' title='bbox 1421 772 1702 837; x_wconf 84' lang='lat' dir='ltr'>amplitudini</span> <span class='ocrx_word' id='word_1_107' title='bbox 1728 774 1880 824; x_wconf 80' lang='lat' dir='ltr'>sensim</span> <span class='ocrx_word' id='word_1_108' title='bbox 1900 783 1945 825; x_wconf 74' lang='grc' dir='ltr'>δε</span> <span class='ocrx_word' id='word_1_109' title='bbox 1964 778 2017 825; x_wconf 80' lang='lat' dir='ltr'>si-</span> 
     </span>
     <span class='ocr_line' id='line_1_12' title="bbox 193 830 711 879; baseline -0.002 0"><span class='ocrx_word' id='word_1_110' title='bbox 193 849 250 879; x_wconf 85' lang='lat' dir='ltr'>ne</span> <span class='ocrx_word' id='word_1_111' title='bbox 271 830 397 879; x_wconf 90' lang='lat' dir='ltr'>sensu</span> <span class='ocrx_word' id='word_1_112' title='bbox 419 833 711 878; x_wconf 86' lang='lat' dir='ltr'>restituantur.</span> 
     </span>
    </p>

    <p class='ocr_par' dir='ltr' id='par_1_3' title="bbox 179 896 2017 1549">
     <span class='ocr_line' id='line_1_13' title="bbox 251 896 2017 973; baseline 0.004 -32"><span class='ocrx_word' id='word_1_113' title='bbox 251 906 318 955; x_wconf 86' lang='lat'>40.</span> <span class='ocrx_word' id='word_1_114' title='bbox 352 897 539 956; x_wconf 76' lang='lat' dir='ltr'>Quodsi</span> <span class='ocrx_word' id='word_1_115' title='bbox 560 915 610 943; x_wconf 84' lang='lat' dir='ltr'>ea</span> <span class='ocrx_word' id='word_1_116' title='bbox 636 915 726 943; x_wconf 90' lang='lat' dir='ltr'>non</span> <span class='ocrx_word' id='word_1_117' title='bbox 749 896 986 943; x_wconf 81' lang='lat' dir='ltr'>succedant</span> <span class='ocrx_word' id='word_1_118' title='bbox 1005 931 1017 951; x_wconf 92' lang='lat'>,</span> <span class='ocrx_word' id='word_1_119' title='bbox 1043 896 1233 945; x_wconf 68' lang='lat' dir='ltr'>sectione</span> <span class='ocrx_word' id='word_1_120' title='bbox 1262 900 1478 947; x_wconf 90' lang='lat' dir='ltr'>utendum</span> <span class='ocrx_word' id='word_1_121' title='bbox 1495 903 1567 967; x_wconf 60' lang='lat' dir='ltr'>3st</span> <span class='ocrx_word' id='word_1_122' title='bbox 1584 937 1596 955; x_wconf 91' lang='lat'>‚</span> <span class='ocrx_word' id='word_1_123' title='bbox 1625 920 1785 970; x_wconf 87' lang='lat' dir='ltr'>nempe</span> <span class='ocrx_word' id='word_1_124' title='bbox 1811 906 1857 952; x_wconf 91' lang='lat' dir='ltr'>in</span> <span class='ocrx_word' id='word_1_125' title='bbox 1884 916 2017 973; x_wconf 80' lang='lat' dir='ltr'>para..·</span> 
     </span>
     <span class='ocr_line' id='line_1_14' title="bbox 186 961 2012 1030; baseline 0.008 -23"><span class='ocrx_word' id='word_1_126' title='bbox 186 961 371 1026; x_wconf 82' lang='lat' dir='ltr'>phimosi</span> <span class='ocrx_word' id='word_1_127' title='bbox 400 962 522 1026; x_wconf 80' lang='lat' dir='ltr'>plicae</span> <span class='ocrx_word' id='word_1_128' title='bbox 543 962 767 1025; x_wconf 74' lang='lat' dir='ltr'>corrugati</span> <span class='ocrx_word' id='word_1_129' title='bbox 788 963 982 1026; x_wconf 66' lang='lat' dir='ltr'>praeputii</span> <span class='ocrx_word' id='word_1_130' title='bbox 1005 963 1107 1008; x_wconf 86' lang='lat' dir='ltr'>hinc</span> <span class='ocrx_word' id='word_1_131' title='bbox 1133 968 1177 1009; x_wconf 84' lang='lat'>&amp;</span> <span class='ocrx_word' id='word_1_132' title='bbox 1200 964 1306 1010; x_wconf 88' lang='lat' dir='ltr'>inde</span> <span class='ocrx_word' id='word_1_133' title='bbox 1334 967 1688 1030; x_wconf 81' lang='lat' dir='ltr'>perpendiculari</span> <span class='ocrx_word' id='word_1_134' title='bbox 1718 977 1763 1016; x_wconf 72' lang='lat' dir='ltr'>Sc</span> <span class='ocrx_word' id='word_1_135' title='bbox 1795 971 1893 1019; x_wconf 86' lang='lat' dir='ltr'>satis</span> <span class='ocrx_word' id='word_1_136' title='bbox 1925 975 2012 1021; x_wconf 69' lang='lat' dir='ltr'>altz‘i</span> 
     </span>
     <span class='ocr_line' id='line_1_15' title="bbox 188 1026 2010 1098; baseline 0.008 -26"><span class='ocrx_word' id='word_1_137' title='bbox 188 1026 316 1091; x_wconf 58' lang='lat' dir='ltr'>plagii</span> <span class='ocrx_word' id='word_1_138' title='bbox 339 1027 612 1079; x_wconf 69' lang='lat' dir='ltr'>incidendae,</span> <span class='ocrx_word' id='word_1_139' title='bbox 644 1043 690 1072; x_wconf 86' lang='lat' dir='ltr'>ut</span> <span class='ocrx_word' id='word_1_140' title='bbox 709 1027 900 1072; x_wconf 86' lang='lat' dir='ltr'>laxatum</span> <span class='ocrx_word' id='word_1_141' title='bbox 931 1029 1192 1092; x_wconf 64' lang='lat' dir='ltr'>praeputium</span> <span class='ocrx_word' id='word_1_142' title='bbox 1225 1029 1363 1075; x_wconf 72' lang='lat' dir='ltr'>libere</span> <span class='ocrx_word' id='word_1_143' title='bbox 1396 1031 1557 1078; x_wconf 85' lang='lat' dir='ltr'>adduci</span> <span class='ocrx_word' id='word_1_144' title='bbox 1580 1052 1589 1078; x_wconf 77' lang='grc' dir='ltr'>ε</span> <span class='ocrx_word' id='word_1_145' title='bbox 1611 1039 1661 1079; x_wconf 91' lang='lat' dir='ltr'>In</span> <span class='ocrx_word' id='word_1_146' title='bbox 1689 1035 1876 1098; x_wconf 85' lang='lat' dir='ltr'>phimosi</span> <span class='ocrx_word' id='word_1_147' title='bbox 1899 1041 2010 1086; x_wconf 70' lang='lat' dir='ltr'>verb</span> 
     </span>
     <span class='ocr_line' id='line_1_16' title="bbox 190 1091 2010 1166; baseline 0.005 -28"><span class='ocrx_word' id='word_1_148' title='bbox 190 1092 377 1138; x_wconf 83' lang='lat' dir='ltr'>annulus</span> <span class='ocrx_word' id='word_1_149' title='bbox 394 1092 617 1138; x_wconf 75' lang='lat' dir='ltr'>constric&#39;ti</span> <span class='ocrx_word' id='word_1_150' title='bbox 638 1091 835 1155; x_wconf 86' lang='lat' dir='ltr'>praeputii</span> <span class='ocrx_word' id='word_1_151' title='bbox 856 1091 959 1137; x_wconf 89' lang='lat' dir='ltr'>hinc</span> <span class='ocrx_word' id='word_1_152' title='bbox 982 1098 1026 1138; x_wconf 89' lang='lat'>&amp;</span> <span class='ocrx_word' id='word_1_153' title='bbox 1044 1093 1149 1139; x_wconf 90' lang='lat' dir='ltr'>inde</span> <span class='ocrx_word' id='word_1_154' title='bbox 1168 1092 1324 1139; x_wconf 87' lang='lat' dir='ltr'>forfice</span> <span class='ocrx_word' id='word_1_155' title='bbox 1343 1094 1616 1143; x_wconf 66' lang='lat' dir='ltr'>dissecandus</span> <span class='ocrx_word' id='word_1_156' title='bbox 1635 1132 1647 1150; x_wconf 90' lang='lat'>,</span> <span class='ocrx_word' id='word_1_157' title='bbox 1675 1117 1720 1144; x_wconf 90' lang='lat' dir='ltr'>ut</span> <span class='ocrx_word' id='word_1_158' title='bbox 1748 1104 2010 1166; x_wconf 87' lang='lat' dir='ltr'>praeputium</span> 
     </span>
     <span class='ocr_line' id='line_1_17' title="bbox 188 1156 2007 1222; baseline 0.007 -20"><span class='ocrx_word' id='word_1_159' title='bbox 188 1156 352 1203; x_wconf 88' lang='lat' dir='ltr'>deduci</span> <span class='ocrx_word' id='word_1_160' title='bbox 370 1157 507 1220; x_wconf 82' lang='lat' dir='ltr'>poslit.</span> <span class='ocrx_word' id='word_1_161' title='bbox 538 1156 692 1203; x_wconf 85' lang='lat' dir='ltr'>Solent</span> <span class='ocrx_word' id='word_1_162' title='bbox 712 1156 924 1202; x_wconf 88' lang='lat' dir='ltr'>autem·in</span> <span class='ocrx_word' id='word_1_163' title='bbox 945 1173 1135 1220; x_wconf 89' lang='lat' dir='ltr'>utroque</span> <span class='ocrx_word' id='word_1_164' title='bbox 1157 1158 1253 1203; x_wconf 75' lang='lat' dir='ltr'>casu</span> <span class='ocrx_word' id='word_1_165' title='bbox 1274 1160 1395 1222; x_wconf 84' lang='lat' dir='ltr'>penis</span> <span class='ocrx_word' id='word_1_166' title='bbox 1414 1160 1548 1207; x_wconf 84' lang='lat' dir='ltr'>latera</span> <span class='ocrx_word' id='word_1_167' title='bbox 1574 1163 1630 1208; x_wconf 87' lang='lat' dir='ltr'>ad</span> <span class='ocrx_word' id='word_1_168' title='bbox 1652 1163 1892 1213; x_wconf 63' lang='lat' dir='ltr'>sectionem</span> <span class='ocrx_word' id='word_1_169' title='bbox 1923 1169 2007 1215; x_wconf 89' lang='lat' dir='ltr'>eli-</span> 
     </span>
     <span class='ocr_line' id='line_1_18' title="bbox 189 1221 2008 1287; baseline 0.007 -20"><span class='ocrx_word' id='word_1_170' title='bbox 189 1221 259 1285; x_wconf 86' lang='lat' dir='ltr'>gi,</span> <span class='ocrx_word' id='word_1_171' title='bbox 288 1221 408 1285; x_wconf 79' lang='lat' dir='ltr'>quod</span> <span class='ocrx_word' id='word_1_172' title='bbox 426 1221 647 1266; x_wconf 64' lang='lat' dir='ltr'>anatomia</span> <span class='ocrx_word' id='word_1_173' title='bbox 670 1237 949 1284; x_wconf 83' lang='lat' dir='ltr'>compertum</span> <span class='ocrx_word' id='word_1_174' title='bbox 966 1221 1105 1268; x_wconf 88' lang='lat' dir='ltr'>fitilla</span> <span class='ocrx_word' id='word_1_175' title='bbox 1121 1223 1402 1287; x_wconf 75' lang='lat' dir='ltr'>paucioribus</span> <span class='ocrx_word' id='word_1_176' title='bbox 1424 1230 1467 1270; x_wconf 62' lang='grc' dir='ltr'>ὃς</span> <span class='ocrx_word' id='word_1_177' title='bbox 1488 1228 1765 1274; x_wconf 83' lang='lat' dir='ltr'>tenuioribus</span> <span class='ocrx_word' id='word_1_178' title='bbox 1784 1231 1890 1278; x_wconf 86' lang='lat' dir='ltr'>vafis</span> <span class='ocrx_word' id='word_1_179' title='bbox 1909 1232 2008 1279; x_wconf 81' lang='lat' dir='ltr'>san-</span> 
     </span>
     <span class='ocr_line' id='line_1_19' title="bbox 181 1285 2006 1352; baseline 0.008 -22"><span class='ocrx_word' id='word_1_180' title='bbox 181 1286 369 1349; x_wconf 86' lang='lat' dir='ltr'>guiferis</span> <span class='ocrx_word' id='word_1_181' title='bbox 396 1286 537 1350; x_wconf 86' lang='lat' dir='ltr'>perlui</span> <span class='ocrx_word' id='word_1_182' title='bbox 558 1319 571 1338; x_wconf 89' lang='lat'>,</span> <span class='ocrx_word' id='word_1_183' title='bbox 589 1285 707 1331; x_wconf 88' lang='lat' dir='ltr'>unde</span> <span class='ocrx_word' id='word_1_184' title='bbox 730 1285 915 1331; x_wconf 82' lang='lat' dir='ltr'>minoris</span> <span class='ocrx_word' id='word_1_185' title='bbox 944 1286 1274 1351; x_wconf 66' lang='lat' dir='ltr'>haemorrhagiae</span> <span class='ocrx_word' id='word_1_186' title='bbox 1301 1290 1562 1352; x_wconf 86' lang='lat' dir='ltr'>periculum.</span> <span class='ocrx_word' id='word_1_187' title='bbox 1600 1294 1825 1341; x_wconf 79' lang='lat' dir='ltr'>Caeterum</span> <span class='ocrx_word' id='word_1_188' title='bbox 1845 1298 2006 1345; x_wconf 82' lang='lat' dir='ltr'>vulne-</span> 
     </span>
     <span class='ocr_line' id='line_1_20' title="bbox 180 1350 2007 1417; baseline 0.007 -21"><span class='ocrx_word' id='word_1_189' title='bbox 180 1367 276 1396; x_wconf 81' lang='lat' dir='ltr'>rata</span> <span class='ocrx_word' id='word_1_190' title='bbox 303 1350 402 1396; x_wconf 85' lang='lat' dir='ltr'>loca</span> <span class='ocrx_word' id='word_1_191' title='bbox 427 1368 479 1396; x_wconf 85' lang='lat' dir='ltr'>ex</span> <span class='ocrx_word' id='word_1_192' title='bbox 508 1350 611 1396; x_wconf 82' lang='lat' dir='ltr'>artis</span> <span class='ocrx_word' id='word_1_193' title='bbox 634 1350 805 1414; x_wconf 84' lang='lat' dir='ltr'>legibus</span> <span class='ocrx_word' id='word_1_194' title='bbox 826 1352 1019 1398; x_wconf 83' lang='lat' dir='ltr'>curanda</span> <span class='ocrx_word' id='word_1_195' title='bbox 1044 1352 1142 1398; x_wconf 87' lang='lat' dir='ltr'>sunt</span> <span class='ocrx_word' id='word_1_196' title='bbox 1159 1387 1170 1405; x_wconf 93' lang='lat'>,</span> <span class='ocrx_word' id='word_1_197' title='bbox 1194 1352 1384 1417; x_wconf 72' lang='lat' dir='ltr'>primum</span> <span class='ocrx_word' id='word_1_198' title='bbox 1408 1354 1652 1417; x_wconf 81' lang='lat' dir='ltr'>digestivo,</span> <span class='ocrx_word' id='word_1_199' title='bbox 1676 1363 1719 1403; x_wconf 68' lang='grc' dir='ltr'>ὃς</span> <span class='ocrx_word' id='word_1_200' title='bbox 1741 1359 1845 1406; x_wconf 89' lang='lat' dir='ltr'>dein</span> <span class='ocrx_word' id='word_1_201' title='bbox 1870 1361 2007 1409; x_wconf 82' lang='lat' dir='ltr'>balsa-</span> 
     </span>
     <span class='ocr_line' id='line_1_21' title="bbox 179 1415 2006 1491; baseline 0.007 -30"><span class='ocrx_word' id='word_1_202' title='bbox 179 1432 258 1462; x_wconf 90' lang='lat' dir='ltr'>mo</span> <span class='ocrx_word' id='word_1_203' title='bbox 282 1416 421 1461; x_wconf 84' lang='lat' dir='ltr'>Arcaei</span> <span class='ocrx_word' id='word_1_204' title='bbox 439 1449 451 1467; x_wconf 84' lang='lat'>‚</span> <span class='ocrx_word' id='word_1_205' title='bbox 470 1415 710 1478; x_wconf 82' lang='lat' dir='ltr'>diligenter</span> <span class='ocrx_word' id='word_1_206' title='bbox 731 1415 933 1461; x_wconf 83' lang='lat' dir='ltr'>cavendo</span> <span class='ocrx_word' id='word_1_207' title='bbox 963 1434 1018 1463; x_wconf 89' lang='lat' dir='ltr'>ne</span> <span class='ocrx_word' id='word_1_208' title='bbox 1039 1418 1220 1463; x_wconf 74' lang='lat' dir='ltr'>cicatrix</span> <span class='ocrx_word' id='word_1_209' title='bbox 1241 1418 1287 1463; x_wconf 89' lang='lat' dir='ltr'>in</span> <span class='ocrx_word' id='word_1_210' title='bbox 1313 1421 1525 1482; x_wconf 81' lang='lat' dir='ltr'>angustias</span> <span class='ocrx_word' id='word_1_211' title='bbox 1553 1424 1777 1469; x_wconf 64' lang='lat' dir='ltr'>contr-aesta</span> <span class='ocrx_word' id='word_1_212' title='bbox 1804 1427 2006 1491; x_wconf 64' lang='lat' dir='ltr'>praeputii.</span> 
     </span>
     <span class='ocr_line' id='line_1_22' title="bbox 182 1479 1682 1549; baseline 0.004 -22"><span class='ocrx_word' id='word_1_213' title='bbox 182 1479 447 1527; x_wconf 62' lang='lat' dir='ltr'>deductioni</span> <span class='ocrx_word' id='word_1_214' title='bbox 466 1485 511 1526; x_wconf 88' lang='lat'>&amp;</span> <span class='ocrx_word' id='word_1_215' title='bbox 532 1480 791 1526; x_wconf 58' lang='lat' dir='ltr'>adductioni</span> <span class='ocrx_word' id='word_1_216' title='bbox 811 1480 958 1527; x_wconf 80' lang='lat' dir='ltr'>obeffe</span> <span class='ocrx_word' id='word_1_217' title='bbox 974 1515 986 1534; x_wconf 91' lang='lat'>‚</span> <span class='ocrx_word' id='word_1_218' title='bbox 1010 1487 1056 1528; x_wconf 74' lang='grc' dir='ltr'>δε</span> <span class='ocrx_word' id='word_1_219' title='bbox 1075 1482 1284 1529; x_wconf 87' lang='lat' dir='ltr'>morbum</span> <span class='ocrx_word' id='word_1_220' title='bbox 1306 1502 1521 1532; x_wconf 86' lang='lat' dir='ltr'>renovare</span> <span class='ocrx_word' id='word_1_221' title='bbox 1543 1486 1682 1549; x_wconf 84' lang='lat' dir='ltr'>poffit.</span> 
     </span>
    </p>

    <p class='ocr_par' dir='ltr' id='par_1_4' title="bbox 167 1544 2003 2197">
     <span class='ocr_line' id='line_1_23' title="bbox 246 1544 2003 1618; baseline 0.007 -28"><span class='ocrx_word' id='word_1_222' title='bbox 246 1554 312 1608; x_wconf 85' lang='lat'>50.</span> <span class='ocrx_word' id='word_1_223' title='bbox 347 1551 398 1591; x_wconf 91' lang='lat' dir='ltr'>In</span> <span class='ocrx_word' id='word_1_224' title='bbox 423 1544 685 1592; x_wconf 86' lang='lat' dir='ltr'>mulieribus</span> <span class='ocrx_word' id='word_1_225' title='bbox 706 1544 887 1591; x_wconf 67' lang='lat' dir='ltr'>sectioni</span> <span class='ocrx_word' id='word_1_226' title='bbox 904 1547 1046 1593; x_wconf 88' lang='lat' dir='ltr'>nullus</span> <span class='ocrx_word' id='word_1_227' title='bbox 1064 1547 1186 1594; x_wconf 90' lang='lat' dir='ltr'>locus</span> <span class='ocrx_word' id='word_1_228' title='bbox 1206 1549 1265 1594; x_wconf 92' lang='lat' dir='ltr'>est</span> <span class='ocrx_word' id='word_1_229' title='bbox 1279 1581 1291 1601; x_wconf 90' lang='lat'>,</span> <span class='ocrx_word' id='word_1_230' title='bbox 1311 1548 1389 1593; x_wconf 78' lang='lat' dir='ltr'>nisi</span> <span class='ocrx_word' id='word_1_231' title='bbox 1409 1551 1557 1613; x_wconf 72' lang='lat' dir='ltr'>aperte</span> <span class='ocrx_word' id='word_1_232' title='bbox 1579 1551 1745 1615; x_wconf 78' lang='lat' dir='ltr'>liqueat</span> <span class='ocrx_word' id='word_1_233' title='bbox 1768 1553 2003 1618; x_wconf 82' lang='lat' dir='ltr'>phimofim</span> 
     </span>
     <span class='ocr_line' id='line_1_24' title="bbox 176 1610 2003 1685; baseline 0.007 -29"><span class='ocrx_word' id='word_1_234' title='bbox 176 1610 377 1674; x_wconf 84' lang='lat' dir='ltr'>pendere</span> <span class='ocrx_word' id='word_1_235' title='bbox 405 1611 428 1656; x_wconf 68' lang='grc' dir='ltr'>τὶ</span> <span class='ocrx_word' id='word_1_236' title='bbox 451 1611 616 1656; x_wconf 84' lang='lat' dir='ltr'>coalitu</span> <span class='ocrx_word' id='word_1_237' title='bbox 635 1610 822 1658; x_wconf 84' lang='lat' dir='ltr'>laterum</span> <span class='ocrx_word' id='word_1_238' title='bbox 843 1611 1009 1673; x_wconf 80' lang='lat' dir='ltr'>vaginae</span> <span class='ocrx_word' id='word_1_239' title='bbox 1032 1612 1103 1658; x_wconf 90' lang='lat' dir='ltr'>vel</span> <span class='ocrx_word' id='word_1_240' title='bbox 1125 1614 1265 1659; x_wconf 84' lang='lat' dir='ltr'>vulvae</span> <span class='ocrx_word' id='word_1_241' title='bbox 1284 1647 1297 1665; x_wconf 86' lang='lat'><em>‚</em></span> <span class='ocrx_word' id='word_1_242' title='bbox 1313 1631 1408 1676; x_wconf 83' lang='lat' dir='ltr'>quae</span> <span class='ocrx_word' id='word_1_243' title='bbox 1428 1614 1586 1679; x_wconf 76' lang='lat' dir='ltr'>possint</span> <span class='ocrx_word' id='word_1_244' title='bbox 1603 1618 1794 1681; x_wconf 83' lang='lat' dir='ltr'>proinde</span> <span class='ocrx_word' id='word_1_245' title='bbox 1811 1618 1902 1666; x_wconf 78' lang='lat' dir='ltr'>sine</span> <span class='ocrx_word' id='word_1_246' title='bbox 1921 1638 2003 1685; x_wconf 87' lang='lat' dir='ltr'>pe-</span> 
     </span>
     <span class='ocr_line' id='line_1_25' title="bbox 177 1674 2001 1748; baseline 0.007 -28"><span class='ocrx_word' id='word_1_247' title='bbox 177 1674 321 1721; x_wconf 88' lang='lat' dir='ltr'>riculo</span> <span class='ocrx_word' id='word_1_248' title='bbox 342 1674 535 1721; x_wconf 61' lang='lat' dir='ltr'>sectione</span> <span class='ocrx_word' id='word_1_249' title='bbox 553 1674 724 1721; x_wconf 89' lang='lat' dir='ltr'>divelli.</span> <span class='ocrx_word' id='word_1_250' title='bbox 752 1675 828 1721; x_wconf 80' lang='lat' dir='ltr'>Sin</span> <span class='ocrx_word' id='word_1_251' title='bbox 850 1676 974 1722; x_wconf 84' lang='lat' dir='ltr'>aliter</span> <span class='ocrx_word' id='word_1_252' title='bbox 991 1677 1014 1722; x_wconf 67' lang='lat' dir='ltr'>:i</span> <span class='ocrx_word' id='word_1_253' title='bbox 1035 1676 1229 1724; x_wconf 67' lang='lat' dir='ltr'>sectione</span> <span class='ocrx_word' id='word_1_254' title='bbox 1248 1679 1372 1723; x_wconf 88' lang='lat' dir='ltr'>omni</span> <span class='ocrx_word' id='word_1_255' title='bbox 1404 1680 1711 1727; x_wconf 84' lang='lat' dir='ltr'>abstinendum</span> <span class='ocrx_word' id='word_1_256' title='bbox 1738 1685 1797 1728; x_wconf 88' lang='lat' dir='ltr'>est</span> <span class='ocrx_word' id='word_1_257' title='bbox 1816 1717 1829 1735; x_wconf 85' lang='lat'>,</span> <span class='ocrx_word' id='word_1_258' title='bbox 1854 1701 2001 1748; x_wconf 89' lang='lat' dir='ltr'>neque</span> 
     </span>
     <span class='ocr_line' id='line_1_26' title="bbox 173 1739 2001 1805; baseline 0.007 -22"><span class='ocrx_word' id='word_1_259' title='bbox 173 1739 297 1786; x_wconf 86' lang='lat' dir='ltr'>enim</span> <span class='ocrx_word' id='word_1_260' title='bbox 315 1739 606 1786; x_wconf 60' lang='lat' dir='ltr'>licetxtunicas</span> <span class='ocrx_word' id='word_1_261' title='bbox 626 1739 795 1803; x_wconf 80' lang='lat' dir='ltr'>vagina:</span> <span class='ocrx_word' id='word_1_262' title='bbox 815 1739 861 1785; x_wconf 87' lang='lat' dir='ltr'>in</span> <span class='ocrx_word' id='word_1_263' title='bbox 880 1741 1090 1787; x_wconf 85' lang='lat' dir='ltr'>annulum</span> <span class='ocrx_word' id='word_1_264' title='bbox 1109 1758 1363 1805; x_wconf 78' lang='lat' dir='ltr'>corrugatas</span> <span class='ocrx_word' id='word_1_265' title='bbox 1385 1748 1430 1789; x_wconf 85' lang='lat'>&amp;</span> <span class='ocrx_word' id='word_1_266' title='bbox 1452 1746 1698 1791; x_wconf 65' lang='lat' dir='ltr'>constrictas</span> <span class='ocrx_word' id='word_1_267' title='bbox 1723 1750 1888 1795; x_wconf 73' lang='lat' dir='ltr'>temere</span> <span class='ocrx_word' id='word_1_268' title='bbox 1908 1768 2001 1796; x_wconf 86' lang='lat' dir='ltr'>rne-</span> 
     </span>
     <span class='ocr_line' id='line_1_27' title="bbox 174 1803 2000 1871; baseline 0.005 -21"><span class='ocrx_word' id='word_1_269' title='bbox 174 1803 269 1850; x_wconf 80' lang='lat' dir='ltr'>dias</span> <span class='ocrx_word' id='word_1_270' title='bbox 288 1803 542 1851; x_wconf 84' lang='lat' dir='ltr'>discindere</span> <span class='ocrx_word' id='word_1_271' title='bbox 559 1804 685 1868; x_wconf 56' lang='lat' dir='ltr'>plag&amp;</span> <span class='ocrx_word' id='word_1_272' title='bbox 707 1803 909 1856; x_wconf 87' lang='lat' dir='ltr'>difficili,</span> <span class='ocrx_word' id='word_1_273' title='bbox 934 1810 981 1850; x_wconf 66' lang='grc' dir='ltr'>ὃς</span> <span class='ocrx_word' id='word_1_274' title='bbox 1007 1824 1101 1869; x_wconf 81' lang='lat' dir='ltr'>quae</span> <span class='ocrx_word' id='word_1_275' title='bbox 1124 1808 1383 1871; x_wconf 87' lang='lat' dir='ltr'>plerumque</span> <span class='ocrx_word' id='word_1_276' title='bbox 1417 1809 1763 1856; x_wconf 87' lang='lat' dir='ltr'>inutilis·futura</span> <span class='ocrx_word' id='word_1_277' title='bbox 1790 1811 1867 1865; x_wconf 82' lang='lat' dir='ltr'>fit,</span> <span class='ocrx_word' id='word_1_278' title='bbox 1898 1814 2000 1861; x_wconf 75' lang='lat' dir='ltr'>cum</span> 
     </span>
     <span class='ocr_line' id='line_1_28' title="bbox 172 1868 2000 1938; baseline 0.007 -24"><span class='ocrx_word' id='word_1_279' title='bbox 172 1868 359 1915; x_wconf 80' lang='lat' dir='ltr'>cicatrix</span> <span class='ocrx_word' id='word_1_280' title='bbox 386 1870 520 1934; x_wconf 70' lang='lat' dir='ltr'>plagae</span> <span class='ocrx_word' id='word_1_281' title='bbox 545 1869 799 1915; x_wconf 86' lang='lat' dir='ltr'>inducenda</span> <span class='ocrx_word' id='word_1_282' title='bbox 826 1869 976 1915; x_wconf 86' lang='lat' dir='ltr'>locum</span> <span class='ocrx_word' id='word_1_283' title='bbox 1009 1872 1158 1918; x_wconf 77' lang='lat' dir='ltr'>denuo</span> <span class='ocrx_word' id='word_1_284' title='bbox 1192 1875 1463 1919; x_wconf 58' lang='lat' dir='ltr'>coast-statura</span> <span class='ocrx_word' id='word_1_285' title='bbox 1496 1874 1558 1919; x_wconf 83' lang='lat' dir='ltr'>sit.</span> <span class='ocrx_word' id='word_1_286' title='bbox 1589 1876 1677 1921; x_wconf 86' lang='lat' dir='ltr'>Sed</span> <span class='ocrx_word' id='word_1_287' title='bbox 1713 1876 1823 1938; x_wconf 88' lang='lat' dir='ltr'>quid</span> <span class='ocrx_word' id='word_1_288' title='bbox 1850 1877 1898 1924; x_wconf 85' lang='lat' dir='ltr'>in</span> <span class='ocrx_word' id='word_1_289' title='bbox 1929 1879 2000 1926; x_wconf 84' lang='lat' dir='ltr'>his</span> 
     </span>
     <span class='ocr_line' id='line_1_29' title="bbox 173 1933 1998 2007; baseline 0.005 -28"><span class='ocrx_word' id='word_1_290' title='bbox 173 1933 340 1980; x_wconf 74' lang='lat' dir='ltr'>diutius</span> <span class='ocrx_word' id='word_1_291' title='bbox 360 1953 514 1980; x_wconf 81' lang='lat' dir='ltr'>moror</span> <span class='ocrx_word' id='word_1_292' title='bbox 534 1947 547 1982; x_wconf 66' lang='grc' dir='ltr'><strong>Ξ</strong></span> <span class='ocrx_word' id='word_1_293' title='bbox 569 1934 701 1991; x_wconf 74' lang='lat' dir='ltr'>Quali</span> <span class='ocrx_word' id='word_1_294' title='bbox 725 1933 832 1980; x_wconf 75' lang='lat' dir='ltr'>vero</span> <span class='ocrx_word' id='word_1_295' title='bbox 851 1934 1059 1983; x_wconf 86' lang='lat' dir='ltr'>mulieres</span> <span class='ocrx_word' id='word_1_296' title='bbox 1078 1937 1159 1983; x_wconf 79' lang='lat' dir='ltr'>illae</span> <span class='ocrx_word' id='word_1_297' title='bbox 1175 1970 1188 1989; x_wconf 88' lang='lat'>,</span> <span class='ocrx_word' id='word_1_298' title='bbox 1209 1955 1303 2000; x_wconf 78' lang='lat' dir='ltr'>quae</span> <span class='ocrx_word' id='word_1_299' title='bbox 1321 1938 1367 1982; x_wconf 90' lang='lat' dir='ltr'>in</span> <span class='ocrx_word' id='word_1_300' title='bbox 1388 1939 1577 1985; x_wconf 67' lang='lat' dir='ltr'>venerea</span> <span class='ocrx_word' id='word_1_301' title='bbox 1599 1940 1786 2004; x_wconf 62' lang='lat' dir='ltr'>palaestrfi</span> <span class='ocrx_word' id='word_1_302' title='bbox 1813 1945 1998 2007; x_wconf 83' lang='lat' dir='ltr'>jampri-</span> 
     </span>
     <span class='ocr_line' id='line_1_30' title="bbox 171 1997 1999 2068; baseline 0.005 -23"><span class='ocrx_word' id='word_1_303' title='bbox 171 1997 277 2045; x_wconf 87' lang='lat' dir='ltr'>dem</span> <span class='ocrx_word' id='word_1_304' title='bbox 314 2016 516 2046; x_wconf 86' lang='lat' dir='ltr'>meruere</span> <span class='ocrx_word' id='word_1_305' title='bbox 536 2032 549 2052; x_wconf 93' lang='lat'>,</span> <span class='ocrx_word' id='word_1_306' title='bbox 584 2000 727 2046; x_wconf 87' lang='lat' dir='ltr'>nostra</span> <span class='ocrx_word' id='word_1_307' title='bbox 760 2015 963 2046; x_wconf 87' lang='lat' dir='ltr'>curarent</span> <span class='ocrx_word' id='word_1_308' title='bbox 991 2001 1170 2047; x_wconf 80' lang='lat' dir='ltr'>confilia</span> <span class='ocrx_word' id='word_1_309' title='bbox 1189 2035 1201 2053; x_wconf 85' lang='lat'>‚</span> <span class='ocrx_word' id='word_1_310' title='bbox 1234 2020 1453 2067; x_wconf 86' lang='lat' dir='ltr'>opemque</span> <span class='ocrx_word' id='word_1_311' title='bbox 1480 2004 1796 2068; x_wconf 83' lang='lat' dir='ltr'>implorarent,</span> <span class='ocrx_word' id='word_1_312' title='bbox 1829 2011 1876 2051; x_wconf 86' lang='lat'>&amp;</span> <span class='ocrx_word' id='word_1_313' title='bbox 1904 2026 1999 2055; x_wconf 85' lang='lat' dir='ltr'>non</span> 
     </span>
     <span class='ocr_line' id='line_1_31' title="bbox 171 2063 2000 2136; baseline 0.007 -27"><span class='ocrx_word' id='word_1_314' title='bbox 171 2063 357 2110; x_wconf 82' lang='lat' dir='ltr'>mallent</span> <span class='ocrx_word' id='word_1_315' title='bbox 382 2064 643 2112; x_wconf 83' lang='lat' dir='ltr'>ementitam</span> <span class='ocrx_word' id='word_1_316' title='bbox 668 2064 788 2110; x_wconf 87' lang='lat' dir='ltr'>illam</span> <span class='ocrx_word' id='word_1_317' title='bbox 812 2064 1117 2127; x_wconf 84' lang='lat' dir='ltr'>virginitatem</span> <span class='ocrx_word' id='word_1_318' title='bbox 1142 2066 1322 2113; x_wconf 85' lang='lat' dir='ltr'>incauto</span> <span class='ocrx_word' id='word_1_319' title='bbox 1354 2068 1534 2114; x_wconf 85' lang='lat' dir='ltr'>cuidam</span> <span class='ocrx_word' id='word_1_320' title='bbox 1550 2103 1563 2123; x_wconf 83' lang='lat'>,</span> <span class='ocrx_word' id='word_1_321' title='bbox 1583 2069 1659 2118; x_wconf 88' lang='lat' dir='ltr'>sed</span> <span class='ocrx_word' id='word_1_322' title='bbox 1685 2071 1741 2117; x_wconf 88' lang='lat' dir='ltr'>ad</span> <span class='ocrx_word' id='word_1_323' title='bbox 1761 2088 1869 2136; x_wconf 88' lang='lat' dir='ltr'>opus</span> <span class='ocrx_word' id='word_1_324' title='bbox 1889 2074 2000 2129; x_wconf 65' lang='lat' dir='ltr'>stre-27</span> 
     </span>
     <span class='ocr_line' id='line_1_32' title="bbox 167 2127 1497 2197; baseline 0.002 -20"><span class='ocrx_word' id='word_1_325' title='bbox 167 2143 262 2177; x_wconf 80' lang='lat' dir='ltr'>nuo</span> <span class='ocrx_word' id='word_1_326' title='bbox 279 2130 431 2193; x_wconf 86' lang='lat' dir='ltr'>juveni</span> <span class='ocrx_word' id='word_1_327' title='bbox 451 2129 699 2177; x_wconf 87' lang='lat' dir='ltr'>concedere</span> <span class='ocrx_word' id='word_1_328' title='bbox 713 2162 729 2182; x_wconf 88' lang='lat'>‚</span> <span class='ocrx_word' id='word_1_329' title='bbox 750 2128 822 2174; x_wconf 91' lang='lat' dir='ltr'>cui</span> <span class='ocrx_word' id='word_1_330' title='bbox 840 2127 883 2175; x_wconf 89' lang='lat' dir='ltr'>se</span> <span class='ocrx_word' id='word_1_331' title='bbox 903 2131 1235 2194; x_wconf 84' lang='lat' dir='ltr'>pertundendas</span> <span class='ocrx_word' id='word_1_332' title='bbox 1259 2133 1497 2197; x_wconf 79' lang='lat' dir='ltr'>praebeant.</span> 
     </span>
    </p>
   </div>
   <div class='ocr_carea' id='block_1_3' title="bbox 394 2250 1766 2316">
    <p class='ocr_par' dir='ltr' id='par_1_5' title="bbox 394 2250 1766 2316">
     <span class='ocr_line' id='line_1_33' title="bbox 394 2250 1766 2316; baseline 0.002 -9"><span class='ocrx_word' id='word_1_333' title='bbox 394 2250 1244 2316; x_wconf 72' lang='lat' dir='ltr'>§.1v.coNDYLoMATA</span> <span class='ocrx_word' id='word_1_334' title='bbox 1297 2264 1392 2308; x_wconf 80' lang='lat' dir='ltr'>ET</span> <span class='ocrx_word' id='word_1_335' title='bbox 1440 2263 1766 2310; x_wconf 75' lang='lat' dir='ltr'>cR15TAE.</span> 
     </span>
    </p>
   </div>
   <div class='ocr_carea' id='block_1_4' title="bbox 163 2385 1996 3101">
    <p class='ocr_par' dir='ltr' id='par_1_6' title="bbox 163 2385 1996 3101">
     <span class='ocr_line' id='line_1_34' title="bbox 234 2385 1996 2454; baseline 0.004 -20"><span class='ocrx_word' id='word_1_336' title='bbox 234 2391 256 2434; x_wconf 92' lang='lat'>1</span> <span class='ocrx_word' id='word_1_337' title='bbox 271 2393 327 2434; x_wconf 83' lang='lat' dir='ltr'>V.</span> <span class='ocrx_word' id='word_1_338' title='bbox 358 2391 460 2451; x_wconf 79' lang='lat' dir='ltr'>Spes</span> <span class='ocrx_word' id='word_1_339' title='bbox 487 2387 607 2433; x_wconf 83' lang='lat' dir='ltr'>nulla</span> <span class='ocrx_word' id='word_1_340' title='bbox 624 2389 683 2434; x_wconf 90' lang='lat' dir='ltr'>est</span> <span class='ocrx_word' id='word_1_341' title='bbox 701 2385 800 2433; x_wconf 92' lang='lat' dir='ltr'>fore</span> <span class='ocrx_word' id='word_1_342' title='bbox 816 2404 865 2433; x_wconf 92' lang='lat' dir='ltr'>ut</span> <span class='ocrx_word' id='word_1_343' title='bbox 882 2387 1195 2449; x_wconf 79' lang='lat' dir='ltr'>condylomata</span> <span class='ocrx_word' id='word_1_344' title='bbox 1211 2422 1223 2441; x_wconf 85' lang='lat'>‚</span> <span class='ocrx_word' id='word_1_345' title='bbox 1245 2388 1376 2436; x_wconf 79' lang='lat' dir='ltr'>cristae</span> <span class='ocrx_word' id='word_1_346' title='bbox 1394 2424 1406 2443; x_wconf 77' lang='grc'>,</span> <span class='ocrx_word' id='word_1_347' title='bbox 1424 2389 1550 2454; x_wconf 81' lang='lat' dir='ltr'>fraga</span> <span class='ocrx_word' id='word_1_348' title='bbox 1566 2424 1578 2443; x_wconf 91' lang='lat'>,</span> <span class='ocrx_word' id='word_1_349' title='bbox 1600 2408 1725 2437; x_wconf 83' lang='lat' dir='ltr'>mora</span> <span class='ocrx_word' id='word_1_350' title='bbox 1740 2425 1754 2445; x_wconf 86' lang='lat'>‚</span> <span class='ocrx_word' id='word_1_351' title='bbox 1773 2391 1846 2439; x_wconf 85' lang='lat' dir='ltr'>fici</span> <span class='ocrx_word' id='word_1_352' title='bbox 1863 2427 1875 2447; x_wconf 87' lang='lat'>,</span> <span class='ocrx_word' id='word_1_353' title='bbox 1896 2400 1996 2442; x_wconf 69' lang='lat' dir='ltr'>mai-J</span> 
     </span>
     <span class='ocr_line' id='line_1_35' title="bbox 168 2450 1990 2521; baseline 0.004 -23"><span class='ocrx_word' id='word_1_354' title='bbox 168 2450 291 2499; x_wconf 80' lang='lat' dir='ltr'>tiscae</span> <span class='ocrx_word' id='word_1_355' title='bbox 310 2484 324 2504; x_wconf 87' lang='lat'>,</span> <span class='ocrx_word' id='word_1_356' title='bbox 355 2468 607 2513; x_wconf 74' lang='lat' dir='ltr'>caeterceque</span> <span class='ocrx_word' id='word_1_357' title='bbox 633 2451 681 2497; x_wconf 83' lang='lat' dir='ltr'>id</span> <span class='ocrx_word' id='word_1_358' title='bbox 709 2469 844 2514; x_wconf 84' lang='lat' dir='ltr'>genus</span> <span class='ocrx_word' id='word_1_359' title='bbox 875 2452 1209 2505; x_wconf 83' lang='lat' dir='ltr'>excrescentiae,</span> <span class='ocrx_word' id='word_1_360' title='bbox 1241 2471 1333 2517; x_wconf 77' lang='lat' dir='ltr'>quae</span> <span class='ocrx_word' id='word_1_361' title='bbox 1364 2456 1417 2501; x_wconf 82' lang='lat' dir='ltr'>ab</span> <span class='ocrx_word' id='word_1_362' title='bbox 1441 2456 1612 2521; x_wconf 65' lang='lat' dir='ltr'>impura</span> <span class='ocrx_word' id='word_1_363' title='bbox 1639 2474 1802 2504; x_wconf 85' lang='lat' dir='ltr'>venere</span> <span class='ocrx_word' id='word_1_364' title='bbox 1831 2459 1990 2506; x_wconf 86' lang='lat' dir='ltr'>adnas-</span> 
     </span>
     <span class='ocr_line' id='line_1_36' title="bbox 168 2516 1989 2580; baseline 0.005 -18"><span class='ocrx_word' id='word_1_365' title='bbox 168 2533 329 2562; x_wconf 89' lang='lat' dir='ltr'>cuntur</span> <span class='ocrx_word' id='word_1_366' title='bbox 355 2534 439 2562; x_wconf 91' lang='lat' dir='ltr'>ano</span> <span class='ocrx_word' id='word_1_367' title='bbox 465 2516 537 2561; x_wconf 86' lang='lat' dir='ltr'>vel</span> <span class='ocrx_word' id='word_1_368' title='bbox 567 2516 783 2580; x_wconf 83' lang='lat' dir='ltr'>pudendis</span> <span class='ocrx_word' id='word_1_369' title='bbox 804 2551 816 2569; x_wconf 87' lang='lat'>‚</span> <span class='ocrx_word' id='word_1_370' title='bbox 840 2517 917 2563; x_wconf 89' lang='lat' dir='ltr'>usu</span> <span class='ocrx_word' id='word_1_371' title='bbox 939 2518 1265 2564; x_wconf 77' lang='lat' dir='ltr'>mercurialium</span> <span class='ocrx_word' id='word_1_372' title='bbox 1286 2520 1594 2568; x_wconf 66' lang='lat' dir='ltr'>inunc‘tionum</span> <span class='ocrx_word' id='word_1_373' title='bbox 1617 2521 1818 2568; x_wconf 78' lang='lat' dir='ltr'>marcidae</span> <span class='ocrx_word' id='word_1_374' title='bbox 1845 2530 1891 2569; x_wconf 62' lang='grc' dir='ltr'>δέ</span> <span class='ocrx_word' id='word_1_375' title='bbox 1910 2543 1989 2572; x_wconf 84' lang='lat' dir='ltr'>ex-</span> 
     </span>
     <span class='ocr_line' id='line_1_37' title="bbox 169 2578 1985 2654; baseline 0.004 -27"><span class='ocrx_word' id='word_1_376' title='bbox 169 2597 360 2628; x_wconf 81' lang='lat' dir='ltr'>tenuatae</span> <span class='ocrx_word' id='word_1_377' title='bbox 386 2578 541 2644; x_wconf 70' lang='lat' dir='ltr'>sponte</span> <span class='ocrx_word' id='word_1_378' title='bbox 562 2599 754 2645; x_wconf 87' lang='lat' dir='ltr'>unquam</span> <span class='ocrx_word' id='word_1_379' title='bbox 774 2581 986 2628; x_wconf 82' lang='lat' dir='ltr'>decidant</span> <span class='ocrx_word' id='word_1_380' title='bbox 1004 2602 1015 2635; x_wconf 81' lang='lat'>3</span> <span class='ocrx_word' id='word_1_381' title='bbox 1036 2583 1198 2648; x_wconf 88' lang='lat' dir='ltr'>quippe</span> <span class='ocrx_word' id='word_1_382' title='bbox 1217 2584 1338 2647; x_wconf 73' lang='lat' dir='ltr'>quod</span> <span class='ocrx_word' id='word_1_383' title='bbox 1360 2586 1449 2630; x_wconf 81' lang='lat' dir='ltr'>lato</span> <span class='ocrx_word' id='word_1_384' title='bbox 1467 2619 1479 2637; x_wconf 85' lang='lat'>,</span> <span class='ocrx_word' id='word_1_385' title='bbox 1507 2585 1643 2631; x_wconf 80' lang='lat' dir='ltr'>crasso</span> <span class='ocrx_word' id='word_1_386' title='bbox 1659 2619 1672 2638; x_wconf 89' lang='lat'>,</span> <span class='ocrx_word' id='word_1_387' title='bbox 1700 2585 1880 2634; x_wconf 90' lang='lat' dir='ltr'>succoso</span> <span class='ocrx_word' id='word_1_388' title='bbox 1908 2608 1985 2654; x_wconf 87' lang='lat' dir='ltr'>pe-</span> 
     </span>
     <span class='ocr_line' id='line_1_38' title="bbox 171 2645 1987 2712; baseline 0.005 -20"><span class='ocrx_word' id='word_1_389' title='bbox 171 2645 324 2692; x_wconf 85' lang='lat' dir='ltr'>diculo</span> <span class='ocrx_word' id='word_1_390' title='bbox 347 2645 547 2692; x_wconf 85' lang='lat' dir='ltr'>radicatae</span> <span class='ocrx_word' id='word_1_391' title='bbox 574 2647 894 2694; x_wconf 84' lang='lat' dir='ltr'>nutrimentum</span> <span class='ocrx_word' id='word_1_392' title='bbox 928 2647 1106 2694; x_wconf 86' lang='lat' dir='ltr'>uberius</span> <span class='ocrx_word' id='word_1_393' title='bbox 1139 2649 1368 2712; x_wconf 81' lang='lat' dir='ltr'>accipiant.</span> <span class='ocrx_word' id='word_1_394' title='bbox 1403 2650 1627 2708; x_wconf 66' lang='lat' dir='ltr'>Quocirca</span> <span class='ocrx_word' id='word_1_395' title='bbox 1662 2649 1828 2711; x_wconf 54' lang='lat' dir='ltr'>abjecta</span> <span class='ocrx_word' id='word_1_396' title='bbox 1861 2656 1987 2701; x_wconf 86' lang='lat' dir='ltr'>omni</span> 
     </span>
     <span class='ocr_line' id='line_1_39' title="bbox 168 2710 1986 2784; baseline 0.006 -28"><span class='ocrx_word' id='word_1_397' title='bbox 168 2711 451 2757; x_wconf 68' lang='lat' dir='ltr'>cunctatione</span> <span class='ocrx_word' id='word_1_398' title='bbox 469 2744 480 2763; x_wconf 87' lang='lat'>‚</span> <span class='ocrx_word' id='word_1_399' title='bbox 507 2710 554 2756; x_wconf 89' lang='lat' dir='ltr'>in</span> <span class='ocrx_word' id='word_1_400' title='bbox 581 2711 890 2774; x_wconf 80' lang='lat' dir='ltr'>hydrargyrofi</span> <span class='ocrx_word' id='word_1_401' title='bbox 909 2712 997 2784; x_wconf 60' lang='lat' dir='ltr'>ipsa</span> <span class='ocrx_word' id='word_1_402' title='bbox 1015 2747 1027 2765; x_wconf 92' lang='lat'>,</span> <span class='ocrx_word' id='word_1_403' title='bbox 1049 2712 1146 2759; x_wconf 73' lang='lat' dir='ltr'>cum</span> <span class='ocrx_word' id='word_1_404' title='bbox 1167 2714 1222 2760; x_wconf 85' lang='lat' dir='ltr'>ad</span> <span class='ocrx_word' id='word_1_405' title='bbox 1242 2715 1408 2759; x_wconf 86' lang='lat' dir='ltr'>exitum</span> <span class='ocrx_word' id='word_1_406' title='bbox 1437 2716 1583 2778; x_wconf 79' lang='lat' dir='ltr'>vergit</span> <span class='ocrx_word' id='word_1_407' title='bbox 1621 2714 1651 2760; x_wconf 89' lang='lat' dir='ltr'>fi</span> <span class='ocrx_word' id='word_1_408' title='bbox 1688 2732 1800 2778; x_wconf 80' lang='lat' dir='ltr'>aeger</span> <span class='ocrx_word' id='word_1_409' title='bbox 1819 2717 1986 2766; x_wconf 87' lang='lat' dir='ltr'>viribus</span> 
     </span>
     <span class='ocr_line' id='line_1_40' title="bbox 163 2773 1985 2843; baseline 0.004 -22"><span class='ocrx_word' id='word_1_410' title='bbox 163 2773 500 2827; x_wconf 69' lang='lat' dir='ltr'>satisvalea13fi</span> <span class='ocrx_word' id='word_1_411' title='bbox 532 2776 640 2823; x_wconf 74' lang='lat' dir='ltr'>vero</span> <span class='ocrx_word' id='word_1_412' title='bbox 676 2776 875 2823; x_wconf 80' lang='lat' dir='ltr'>infirmus</span> <span class='ocrx_word' id='word_1_413' title='bbox 911 2780 960 2822; x_wconf 79' lang='lat' dir='ltr'>{it</span> <span class='ocrx_word' id='word_1_414' title='bbox 988 2780 1078 2842; x_wconf 88' lang='lat' dir='ltr'>post</span> <span class='ocrx_word' id='word_1_415' title='bbox 1104 2779 1354 2824; x_wconf 77' lang='lat' dir='ltr'>instauratas</span> <span class='ocrx_word' id='word_1_416' title='bbox 1382 2781 1497 2826; x_wconf 83' lang='lat' dir='ltr'>vires</span> <span class='ocrx_word' id='word_1_417' title='bbox 1526 2780 1693 2843; x_wconf 86' lang='lat' dir='ltr'>aliquot</span> <span class='ocrx_word' id='word_1_418' title='bbox 1721 2781 1894 2829; x_wconf 87' lang='lat' dir='ltr'>dierum</span> <span class='ocrx_word' id='word_1_419' title='bbox 1915 2784 1985 2829; x_wconf 90' lang='lat' dir='ltr'>in-</span> 
     </span>
     <span class='ocr_line' id='line_1_41' title="bbox 169 2838 1986 2908; baseline 0.005 -23"><span class='ocrx_word' id='word_1_420' title='bbox 169 2838 311 2885; x_wconf 86' lang='lat' dir='ltr'>duciis</span> <span class='ocrx_word' id='word_1_421' title='bbox 330 2872 341 2889; x_wconf 92' lang='lat'>,</span> <span class='ocrx_word' id='word_1_422' title='bbox 373 2840 638 2887; x_wconf 75' lang='lat' dir='ltr'>deradendae</span> <span class='ocrx_word' id='word_1_423' title='bbox 659 2846 704 2887; x_wconf 74' lang='grc' dir='ltr'>δε</span> <span class='ocrx_word' id='word_1_424' title='bbox 724 2841 1019 2888; x_wconf 75' lang='lat' dir='ltr'>detondendae</span> <span class='ocrx_word' id='word_1_425' title='bbox 1039 2843 1134 2888; x_wconf 89' lang='lat' dir='ltr'>sunt</span> <span class='ocrx_word' id='word_1_426' title='bbox 1153 2844 1285 2905; x_wconf 69' lang='lat' dir='ltr'>quam</span> <span class='ocrx_word' id='word_1_427' title='bbox 1307 2845 1507 2908; x_wconf 70' lang='lat' dir='ltr'>proxime</span> <span class='ocrx_word' id='word_1_428' title='bbox 1536 2845 1589 2890; x_wconf 89' lang='lat' dir='ltr'>ad</span> <span class='ocrx_word' id='word_1_429' title='bbox 1611 2845 1748 2890; x_wconf 88' lang='lat' dir='ltr'>cutim</span> <span class='ocrx_word' id='word_1_430' title='bbox 1768 2863 1779 2898; x_wconf 79' lang='lat'>3</span> <span class='ocrx_word' id='word_1_431' title='bbox 1800 2847 1899 2892; x_wconf 86' lang='lat' dir='ltr'>calli</span> <span class='ocrx_word' id='word_1_432' title='bbox 1915 2881 1927 2899; x_wconf 85' lang='lat'>‚</span> <span class='ocrx_word' id='word_1_433' title='bbox 1956 2847 1986 2894; x_wconf 86' lang='lat' dir='ltr'>fi</span> 
     </span>
     <span class='ocr_line' id='line_1_42' title="bbox 163 2902 1984 2976; baseline 0.005 -27"><span class='ocrx_word' id='word_1_434' title='bbox 163 2904 244 2967; x_wconf 90' lang='lat' dir='ltr'>qui</span> <span class='ocrx_word' id='word_1_435' title='bbox 266 2903 314 2948; x_wconf 88' lang='lat' dir='ltr'>in</span> <span class='ocrx_word' id='word_1_436' title='bbox 334 2902 421 2948; x_wconf 82' lang='lat' dir='ltr'>basi</span> <span class='ocrx_word' id='word_1_437' title='bbox 441 2903 603 2950; x_wconf 84' lang='lat' dir='ltr'>subsint</span> <span class='ocrx_word' id='word_1_438' title='bbox 617 2940 628 2957; x_wconf 87' lang='lat'>,</span> <span class='ocrx_word' id='word_1_439' title='bbox 650 2906 936 2951; x_wconf 75' lang='lat' dir='ltr'>cathaereticis</span> <span class='ocrx_word' id='word_1_440' title='bbox 954 2907 1178 2953; x_wconf 82' lang='lat' dir='ltr'>exedendi</span> <span class='ocrx_word' id='word_1_441' title='bbox 1205 2908 1275 2953; x_wconf 91' lang='lat' dir='ltr'>vel</span> <span class='ocrx_word' id='word_1_442' title='bbox 1300 2910 1403 2970; x_wconf 74' lang='lat' dir='ltr'>igne</span> <span class='ocrx_word' id='word_1_443' title='bbox 1424 2909 1637 2954; x_wconf 81' lang='lat' dir='ltr'>adurendi</span> <span class='ocrx_word' id='word_1_444' title='bbox 1653 2928 1664 2961; x_wconf 79' lang='lat'>3</span> <span class='ocrx_word' id='word_1_445' title='bbox 1683 2910 1862 2957; x_wconf 77' lang='lat' dir='ltr'>demum</span> <span class='ocrx_word' id='word_1_446' title='bbox 1890 2911 1984 2976; x_wconf 85' lang='lat' dir='ltr'>pla-</span> 
     </span>
     <span class='ocr_line' id='line_1_43' title="bbox 166 2966 1986 3032; baseline 0.007 -20"><span class='ocrx_word' id='word_1_447' title='bbox 166 2985 225 3031; x_wconf 79' lang='lat' dir='ltr'>ga</span> <span class='ocrx_word' id='word_1_448' title='bbox 252 2966 459 3032; x_wconf 85' lang='lat' dir='ltr'>superstes</span> <span class='ocrx_word' id='word_1_449' title='bbox 488 2968 766 3032; x_wconf 77' lang='lat' dir='ltr'>supputanda</span> <span class='ocrx_word' id='word_1_450' title='bbox 783 3003 796 3021; x_wconf 88' lang='lat'>‚</span> <span class='ocrx_word' id='word_1_451' title='bbox 822 2970 1095 3031; x_wconf 82' lang='lat' dir='ltr'>detergenda</span> <span class='ocrx_word' id='word_1_452' title='bbox 1111 3004 1123 3022; x_wconf 86' lang='lat'>‚</span> <span class='ocrx_word' id='word_1_453' title='bbox 1143 2976 1189 3016; x_wconf 66' lang='grc' dir='ltr'>ὃς</span> <span class='ocrx_word' id='word_1_454' title='bbox 1218 2972 1421 3017; x_wconf 84' lang='lat' dir='ltr'>cicatrice</span> <span class='ocrx_word' id='word_1_455' title='bbox 1442 2973 1709 3021; x_wconf 77' lang='lat' dir='ltr'>obducenda</span> <span class='ocrx_word' id='word_1_456' title='bbox 1735 2975 1794 3020; x_wconf 85' lang='lat' dir='ltr'>est</span> <span class='ocrx_word' id='word_1_457' title='bbox 1811 2993 1863 3024; x_wconf 88' lang='lat' dir='ltr'>ex</span> <span class='ocrx_word' id='word_1_458' title='bbox 1883 2977 1986 3025; x_wconf 86' lang='lat' dir='ltr'>artis</span> 
     </span>
     <span class='ocr_line' id='line_1_44' title="bbox 166 3032 1435 3101; baseline 0.002 -21"><span class='ocrx_word' id='word_1_459' title='bbox 166 3032 341 3097; x_wconf 83' lang='lat' dir='ltr'>legibus</span> <span class='ocrx_word' id='word_1_460' title='bbox 360 3066 375 3087; x_wconf 89' lang='lat'><em>,</em></span> <span class='ocrx_word' id='word_1_461' title='bbox 406 3049 512 3096; x_wconf 85' lang='lat' dir='ltr'>quas</span> <span class='ocrx_word' id='word_1_462' title='bbox 532 3033 657 3099; x_wconf 54' lang='lat' dir='ltr'>supr&amp;</span> <span class='ocrx_word' id='word_1_463' title='bbox 679 3033 986 3099; x_wconf 89' lang='lat' dir='ltr'>proposuimus</span> <span class='ocrx_word' id='word_1_464' title='bbox 1006 3035 1104 3084; x_wconf 76' lang='lat' dir='ltr'>Lib.</span> <span class='ocrx_word' id='word_1_465' title='bbox 1125 3040 1220 3084; x_wconf 88' lang='lat' dir='ltr'><em>III.</em></span> <span class='ocrx_word' id='word_1_466' title='bbox 1249 3051 1340 3101; x_wconf 73' lang='lat' dir='ltr'>cap.</span> <span class='ocrx_word' id='word_1_467' title='bbox 1375 3055 1435 3083; x_wconf 88' lang='lat'>10.</span> 
     </span>
    </p>
   </div>
   <div class='ocr_carea' id='block_1_5' title="bbox 1575 3232 1769 3295">
    <p class='ocr_par' dir='ltr' id='par_1_7' title="bbox 1575 3232 1769 3295">
     <span class='ocr_line' id='line_1_45' title="bbox 1575 3232 1769 3295; baseline 0.005 -16"><span class='ocrx_word' id='word_1_468' title='bbox 1575 3232 1769 3295; x_wconf 77' lang='lat' dir='ltr'>Ccciij</span> 
     </span>
    </p>
   </div>
   <div class='ocr_carea' id='block_1_6' title="bbox 2032 2412 2274 3140">
    <p class='ocr_par' dir='ltr' id='par_1_8' title="bbox 2032 2412 2274 3140">
     <span class='ocr_line' id='line_1_46' title="bbox 2077 2412 2272 2465; baseline 0 -16"><span class='ocrx_word' id='word_1_469' title='bbox 2077 2412 2272 2465; x_wconf 62' lang='lat' dir='ltr'>Condyloz</span> 
     </span>
     <span class='ocr_line' id='line_1_47' title="bbox 2038 2464 2274 2507; baseline 0.004 -6"><span class='ocrx_word' id='word_1_470' title='bbox 2038 2476 2137 2501; x_wconf 82' lang='lat' dir='ltr'>mata</span> <span class='ocrx_word' id='word_1_471' title='bbox 2155 2492 2165 2507; x_wconf 86' lang='lat'>‚</span> <span class='ocrx_word' id='word_1_472' title='bbox 2187 2464 2274 2502; x_wconf 79' lang='lat' dir='ltr'>ctis·</span> 
     </span>
     <span class='ocr_line' id='line_1_48' title="bbox 2037 2522 2274 2560; baseline 0.008 -8"><span class='ocrx_word' id='word_1_473' title='bbox 2037 2528 2081 2553; x_wconf 83' lang='lat' dir='ltr'>tae</span> <span class='ocrx_word' id='word_1_474' title='bbox 2099 2544 2110 2560; x_wconf 97' lang='lat'><em>,</em></span> <span class='ocrx_word' id='word_1_475' title='bbox 2139 2522 2174 2553; x_wconf 91' lang='lat'>&amp;</span> <span class='ocrx_word' id='word_1_476' title='bbox 2202 2530 2274 2554; x_wconf 86' lang='lat' dir='ltr'>ex·-</span> 
     </span>
     <span class='ocr_line' id='line_1_49' title="bbox 2035 2568 2234 2606; baseline 0 -1"><span class='ocrx_word' id='word_1_477' title='bbox 2035 2568 2234 2606; x_wconf 74' lang='lat' dir='ltr'>crescentiae</span> 
     </span>
     <span class='ocr_line' id='line_1_50' title="bbox 2035 2620 2272 2662; baseline 0 -5"><span class='ocrx_word' id='word_1_478' title='bbox 2035 2633 2170 2659; x_wconf 79' lang='lat' dir='ltr'>caeterae</span> <span class='ocrx_word' id='word_1_479' title='bbox 2191 2620 2272 2662; x_wconf 76' lang='lat' dir='ltr'>tum</span> 
     </span>
     <span class='ocr_line' id='line_1_51' title="bbox 2036 2673 2228 2723; baseline -0.005 -15"><span class='ocrx_word' id='word_1_480' title='bbox 2036 2673 2228 2723; x_wconf 83' lang='lat' dir='ltr'>pudendo-</span> 
     </span>
     <span class='ocr_line' id='line_1_52' title="bbox 2036 2737 2217 2762; baseline 0.022 -3"><span class='ocrx_word' id='word_1_481' title='bbox 2036 2737 2116 2760; x_wconf 87' lang='lat' dir='ltr'>rum</span> <span class='ocrx_word' id='word_1_482' title='bbox 2135 2737 2217 2762; x_wconf 74' lang='lat' dir='ltr'>tum</span> 
     </span>
     <span class='ocr_line' id='line_1_53' title="bbox 2032 2776 2232 2814; baseline -0.005 -1"><span class='ocrx_word' id='word_1_483' title='bbox 2032 2776 2232 2814; x_wconf 79' lang='lat' dir='ltr'>aniadver-</span> 
     </span>
     <span class='ocr_line' id='line_1_54' title="bbox 2033 2827 2271 2878; baseline 0.013 -14"><span class='ocrx_word' id='word_1_484' title='bbox 2033 2827 2093 2865; x_wconf 60' lang='lat' dir='ltr'>scis</span> <span class='ocrx_word' id='word_1_485' title='bbox 2109 2827 2271 2878; x_wconf 76' lang='lat' dir='ltr'>hydrar-</span> 
     </span>
     <span class='ocr_line' id='line_1_55' title="bbox 2034 2879 2198 2931; baseline 0.012 -16"><span class='ocrx_word' id='word_1_486' title='bbox 2034 2879 2198 2931; x_wconf 71' lang='lat' dir='ltr'>gytofim</span> 
     </span>
     <span class='ocr_line' id='line_1_56' title="bbox 2034 2934 2250 2983; baseline 0.028 -18"><span class='ocrx_word' id='word_1_487' title='bbox 2034 2934 2250 2983; x_wconf 76' lang='lat' dir='ltr'>plexumque</span> 
     </span>
     <span class='ocr_line' id='line_1_57' title="bbox 2032 2995 2267 3025; baseline 0.017 -5"><span class='ocrx_word' id='word_1_488' title='bbox 2032 2995 2267 3025; x_wconf 82' lang='lat' dir='ltr'>contumaces</span> 
     </span>
     <span class='ocr_line' id='line_1_58' title="bbox 2032 3035 2211 3077; baseline 0.006 -5"><span class='ocrx_word' id='word_1_489' title='bbox 2032 3035 2143 3077; x_wconf 63' lang='lat' dir='ltr'>sums</span> <span class='ocrx_word' id='word_1_490' title='bbox 2174 3042 2211 3076; x_wconf 86' lang='lat'>&amp;</span> 
     </span>
     <span class='ocr_line' id='line_1_59' title="bbox 2033 3094 2180 3140; baseline 0.02 -14"><span class='ocrx_word' id='word_1_491' title='bbox 2033 3099 2146 3140; x_wconf 82' lang='lat' dir='ltr'>quare</span> <span class='ocrx_word' id='word_1_492' title='bbox 2166 3094 2180 3129; x_wconf 62' lang='grc' dir='ltr'><strong>ἃ</strong></span> 
     </span>
    </p>
   </div>
  </div>
 </body>
</html>
