2477 3643
663 100 926 146 Linea
991 100 1077 145 11.
1148 96 1427 145 Canu-r
1492 98 1704 146 VIII.
1973 115 2063 170 ¹35

223 178 280 228 in
305 178 562 227 tenuiffimis
586 194 892 228 extremorum
910 178 1118 226 vasorum
1141 176 1461 244 capillamentis
1477 210 1490 231 ,
1511 176 1588 225 ubi
1606 180 1779 227 constat
1793 182 2060 248 sanguinem

225 242 299 293 len
311 244 469 292 tissimo
494 245 633 309 gradu
656 243 918 309 procedere.

286 312 456 356 Lemma
485 314 533 356 V
535 312 563 355 1
571 313 611 356 Ι.
647 309 720 355 Sic
750 309 887 372 igitur
923 323 1203 355 momentum
1237 322 1461 369 guttarum
1484 307 1736 361 Mercurii,
1756 308 1879 372 quod
1911 311 2057 375 primo

226 373 435 426 instanti,
476 373 673 436 quandiu
712 374 924 421 velocitas
958 390 1044 418 una
1077 371 1163 418 fuit
1180 405 1193 425 ,
1235 371 1466 438 superabat
1508 388 1792 419 momentum
1830 390 2057 437 guttarum

222 438 457 500 aequalium
484 437 708 501 sanguinis
733 437 1054 484 ratione-solius
1074 436 1330 501 gravitatis,
1355 436 1441 501 qua
1460 437 1744 485 mercuriales
1762 439 1941 501 guttulae
1959 456 2057 503 gut·

227 503 328 548 tulis
356 502 579 566 sanguinis
610 503 657 548 in
688 502 831 568 specie
860 502 1257 568 praeponderabant
1275 535 1288 552 ,
1309 506 1398 564 jam
1425 501 1590 549 eodem
1613 501 1822 549 intenfius
1852 500 2054 554 futurum

225 568 286 614 est
313 567 485 615 ratione
514 582 608 613 tum
640 569 852 632 ponderis
881 567 1060 628 majoris
1080 600 1092 619 ,
1127 582 1221 613 tum
1248 566 1464 613 citatioris
1483 566 1737 615 velocitatis
1754 586 1766 622 3
1786 583 1917 632 atque
1935 569 2051 618 adeo

221 630 329 677 licet
349 630 546 679 absolute
571 632 825 680 decreverit
851 633 875 678 ὲ
902 633 1047 698 primo
1072 631 1209 694 gradu
1230 631 1387 678 eidem
1407 631 1580 679 ratione
1598 665 1612 684 ,
1633 631 1720 695 quzi
1740 632 1942 679 decrevit
1960 635 2051 698 pri-

225 695 423 758 migenia
442 696 641 759 ejusdem
662 699 874 744 velocitas
889 730 901 749 ,
923 695 1214 742 nihilominus
1233 711 1383 742 tamen
1415 696 1656 762 respective
1680 701 1819 759 majus
1846 696 2051 747 futurum

222 761 284 807 est
301 759 478 824 singulis
495 762 753 809 instantibus
772 761 1027 809 successivis.
1057 761 1127 807 Sic
1148 777 1256 824 ergo
1288 759 1389 807 cum
1410 762 1554 826 primo
1587 761 1764 808 instanti
1781 778 1938 827 quater
1968 764 2048 811 de-

223 825 312 872 cies
332 830 468 888 majus
495 843 667 873 tantum
695 827 742 873 sit
764 829 811 873 in
831 842 964 873 aortae
988 842 1147 872 trunco
1164 859 1176 878 ‚
1206 842 1439 873 momento
1467 826 1658 891 partium
1684 825 1904 891 sanguinis
1935 827 2049 891 ejus-

221 889 326 936 dem
355 892 483 938 molis
502 925 515 944 ‚
542 892 638 955 plus
663 893 798 956 quam
816 892 982 939 centies
1007 894 1142 953 majus
1172 888 1372 937 futurum
1401 892 1460 938 est
1489 907 1722 939 momento
1748 893 1942 958 partium
1977 912 2048 942 ea-

221 954 427 1002 rumdem
457 957 503 1002 in
529 958 736 1004 extremis
763 957 1024 1003 arteriarum
1045 955 1316 1020 capillarium
1339 956 1484 1002 ramis.
1615 1004 1620 1009 ,

290 1024 458 1066 Lemma
488 1026 601 1069 VII
612 1028 649 1069 I.
682 1022 972 1069 Mercuriales
1005 1020 1181 1084 guttula:
1206 1036 1341 1083 agunt
1376 1021 1423 1066 in
1453 1019 1589 1067 obvia.
1605 1021 1723 1067 inter
1741 1020 2047 1072 circulandurn

220 1081 352 1130 instar
373 1083 506 1132 solidi
525 1087 724 1151 corporis
742 1121 754 1139 ,
781 1093 826 1133 ὃ(
846 1085 950 1132 ideo
971 1085 1129 1147 majori
1146 1100 1411 1137 momento,
1438 1102 1532 1148 quo
1563 1085 1720 1147 majori
1752 1086 1887 1134 mole.
1921 1090 2048 1147 Qua·

224 1164 410 1212 propter
427 1150 517 1213 quo
535 1152 682 1216 plures
710 1152 757 1197 in
775 1150 1034 1214 grandiores
1068 1164 1212 1213 guttas
1233 1150 1319 1195 una
1343 1150 1532 1196 coierint
1551 1183 1567 1204 ‚
1581 1150 1636 1197 eb
1654 1148 1817 1197 fortius
1834 1151 1884 1199 in
1911 1152 2047 1202 obvia

220 1230 482 1260 arietaturae.

283 1281 346 1323 Ex
367 1278 433 1324 his
453 1277 604 1341 colligi
621 1277 796 1344 possunt
814 1278 1065 1324 Corollaria
1086 1276 1313 1341 sequentia
1332 1295 1342 1323 z
2088 1285 2246 1328 Effectus
2265 1292 2319 1332 seq-

282 1346 316 1387 1-
352 1344 642 1390 Mercuriales
668 1345 859 1407 guttulas
887 1344 1006 1389 inter
1035 1342 1340 1389 circulandum
1363 1341 1518 1406 pervia
1546 1343 1749 1407 corporis
1771 1343 1871 1391 vasa
1902 1347 2044 1408 cujus·
2088 1343 2264 1384 ‘'²1⁸1ssss

218 1422 392 1469 cunque
411 1408 587 1471 generis
607 1442 619 1460 ‚
642 1410 776 1455 etiam
796 1407 1040 1455 tenuiffima
1059 1423 1357 1472 permeaturas
1376 1405 1461 1453 effe
1478 1441 1491 1459 ,
1513 1406 1613 1453 εἰκῆ]
1634 1427 1718 1472 prae
1737 1408 2041 1461 divifibilitate

217 1470 378 1536 poffint
404 1472 609 1521 vasorum
642 1490 1028 1538 quorumcumque
1058 1473 1261 1537 angustiae
1302 1471 1433 1518 facile
1466 1474 1797 1521 accommodari
1823 1493 1876 1520 ex
1907 1476 2043 1537 Postu<

220 1539 304 1583 lato
333 1553 364 1580 1.

281 1605 347 1646 ΙΙ.
383 1605 554 1664 Impete
584 1598 700 1646 facito
727 1616 1030 1665 penetraturus
1060 1600 1196 1649 etiam
1232 1599 1282 1647 in
1311 1600 1532 1648 obstructa
1557 1601 1685 1656 vasa,
1715 1621 1816 1667 quae,
1837 1603 2041 1668 sanguini

218 1663 341 1710 invia
362 1664 459 1712 sunt
477 1698 490 1718 ‚
515 1665 652 1711 modo
673 1665 870 1730 oppofita
888 1664 1123 1713 refistentia
1151 1666 1299 1711 minor
1319 1665 1369 1712 sit
1395 1682 1626 1714 momento
1644 1701 1660 1721 ,
1678 1685 1771 1732 quo
1789 1671 2042 1718 Mercurius

217 1729 422 1792 sangnini
443 1730 650 1801 praevalet
668 1764 680 1783 ,
702 1748 779 1794 per
812 1736 1022 1777 Lemmata
1041 1752 1083 1789 4.
1107 1729 1157 1777 ὠ·
1178 1749 1218 1789 7.

283 1799 385 1841 ΙΙΙ.
419 1799 465 1841 Si
495 1795 619 1858 quod
640 1813 714 1842 vas
738 1795 1008 1841 obstructum
1035 1794 1315 1843 resistentiam
1341 1799 1557 1858 majorem
1581 1814 1780 1863 opponat
1799 1833 1812 1852 ‚
1840 1799 2047 1847 collectis

222 1858 280 1906 ad
309 1859 514 1905 ostiolum
535 1877 620 1924 prae
638 1859 850 1906 haerentizi
870 1864 916 1906 δέ
938 1860 1063 1905 mor&
1077 1860 1275 1924 pluribus
1294 1863 1513 1908 Mercurii
1535 1864 1701 1925 guttis,
1731 1882 1824 1928 qua:
1842 1865 1889 1910 in
1906 1882 2041 1911 unam

219 1924 401 1971 coiturae
425 1921 524 1969 sunt
541 1958 553 1976 ,
580 1943 632 1970 ex
665 1923 862 1982 Postulato
882 1943 924 1982 4.
951 1924 1072 1971 velut
1108 1926 1286 1988 agmine
1322 1926 1437 1972 facto
1457 1960 1468 1978 ‚
1508 1944 1641 1990 arque
1672 1928 1785 1976 adeo
1820 1928 2042 1978 validiore

216 1989 355 2037 ariete
384 2002 459 2052 per
478 1993 647 2034 Lemma
666 1993 703 2034 8.
739 1988 962 2049 objectum
983 1988 1163 2036 obicem
1189 1991 1404 2055 pulsatum
1424 1991 1479 2037 iri
1498 2025 1511 2043 ‚
1533 1991 1641 2038 dum
1661 1992 1735 2039 fiat
1757 1994 1829 2040 via
1849 1993 1908 2040 vi.

280 2057 369 2100 IV.
406 2053 477 2099 Sic
505 2070 614 2115 ergo
641 2053 706 2098 itu
735 2054 972 2117 redituque
1002 2054 1202 2100 reseratis
1228 2053 1380 2102 sensim
1399 2090 1411 2108 ,
1441 2057 1657 2118 disjectis,
1690 2059 1909 2123 perruptis
1941 2056 2046 2104 obi-2-

215 2115 341 2166 cibus
363 2117 462 2164 vasa
487 2118 639 2164 omnia
663 2120 863 2183 corporis
881 2153 894 2172 ‚
916 2119 1051 2166 etiam
1070 2121 1357 2184 angustiffima
1374 2154 1388 2173 ‚
1421 2120 1565 2168 libere
1595 2122 1884 2187 permeabilia
1917 2122 2043 2169 futu-

219 2202 267 2232 ra
304 2182 407 2229 effe.

278 2252 330 2294 V.
366 2245 557 2310 Liquida
592 2247 745 2293 omnia
781 2248 982 2311 corporis
1003 2282 1014 2299 ,
1049 2247 1306 2313 sanguinem
1327 2284 1340 2303 ‚
1376 2248 1622 2313 limpham,
1647 2250 1863 2299 humores.
1892 2269 2044 2299 recre‘

216 2312 445 2358 mentitios
467 2317 512 2357 &
534 2313 894 2358 excrementitios
912 2346 925 2365 ,
948 2311 977 2356 si
1004 2330 1089 2376 qua
1123 2314 1326 2361 crassiora
1354 2312 1681 2378 viscidioraque
1715 2312 1885 2362 fuerint
1901 2351 1913 2370 ,
1942 2335 2041 2363 mo-

218 2392 372 2422 mento
401 2380 570 2437 majore
589 2410 600 2428 ‚
621 2394 712 2439 quo
735 2377 951 2423 Mercurii
981 2393 1112 2439 gutta:
1142 2378 1305 2441 ubique
1333 2378 1503 2443 pollent
1523 2398 1598 2443 per
1618 2383 1831 2426 Lemmata
1851 2402 1894 2440 4.
1926 2379 1976 2427 ό*
1999 2399 2038 2438 7.

219 2444 268 2486 δε
287 2439 514 2487 celeritate
538 2440 727 2501 majori,
758 2441 844 2504 qua
872 2459 1111 2488 moventur
1135 2444 1182 2489 in
1206 2444 1414 2490 extremis
1437 2443 1543 2491 vasis
1575 2462 1652 2509 per
1675 2448 1843 2490 Lemma
1857 2454 1897 2491 6.
1923 2461 2038 2491 arte-

217 2505 358 2559 tenda
379 2509 423 2550 ὃ(
450 2505 796 2551 comminuenda
825 2503 938 2559 effe,
967 2522 1098 2569 atque
1116 2508 1230 2556 adeo
1250 2509 1486 2573 eliquanda
1504 2545 1518 2563 ,
1549 2515 1597 2557 ὃς
1624 2509 1683 2555 ad
1710 2510 1905 2556 nativam
1933 2509 2038 2556 flui-

217 2569 404 2616 ditatem
429 2569 641 2633 paulatim
661 2571 811 2616 onmia
830 2572 1096 2618 revocanda.

280 2638 320 2680 V
335 2640 368 2680 Ι.
403 2636 474 2680 Sic
493 2651 600 2697 ergo
628 2650 768 2680 tutam
786 2669 799 2688 ‚
821 2653 984 2682 certam
1001 2671 1014 2689 ‚
1034 2637 1226 2683 celerem
1253 2636 1416 2683 vitioso
1442 2636 1663 2702 sanguinis
1679 2672 1697 2690 ‚1
1720 2637 1895 2704 limphae
1910 2672 1921 2690 ,
1950 2637 2038 2685 hu-

214 2714 394 2745 morum
414 2699 849 2746 recrementitiorum
869 2706 914 2746 &
935 2701 1373 2748 excrementitiorum
1408 2703 1571 2749 leutori
1591 2703 1860 2750 medicinam
1881 2704 2036 2751 affore.

289 2767 410 2809 VII.
444 2763 584 2809 Porro
621 2766 900 2811 mercuriales
943 2768 1121 2829 guttulae
1162 2767 1332 2812 tunicas
1366 2785 1546 2830 quoque
1580 2768 1783 2830 vasorum
1819 2787 1899 2833 pro
1934 2787 2037 2815 mo-

216 2843 372 2873 mento
394 2832 437 2873 &
459 2828 685 2874 celeritate
709 2830 865 2890 majori
897 2828 1056 2876 fortius
1082 2831 1358 2895 impetituras
1377 2832 1461 2878 effe
1479 2866 1491 2884 ‚
1518 2849 1652 2896 atque
1677 2834 1790 2879 adeo
1819 2833 1875 2878 ad
1908 2831 2037 2878 oscil-

216 2892 396 2939 lationis
435 2907 607 2938 motum
647 2890 868 2939 efficacius
904 2894 1241 2946 sollicitaturos,
1280 2895 1400 2942 unde
1429 2897 1610 2942 illorum
1640 2896 1785 2961 pulsus
1812 2901 1953 2959 major
1989 2901 2036 2944 δε

217 2957 394 3004 citatior
426 2954 599 3002 futurus
626 2959 698 3002 est.

279 3027 317 3067 V
333 3026 351 3067 Ι
367 3026 384 3067 1
402 3026 435 3066 Ι.
471 3022 537 3068 Sic
564 3038 672 3084 ergo
699 3021 869 3084 liquida
888 3022 1049 3085 quaevis
1068 3055 1081 3074 ‚
1100 3021 1337 3085 sanguinea
1355 3057 1367 3077 ‚
1390 3023 1646 3089 limphatica
1661 3059 1674 3077 ,
1705 3024 2036 3074 recrementitia

221 3090 268 3134 δί
286 3086 625 3132 excrementitia
655 3090 741 3147 jam
764 3085 970 3132 fluidiora
989 3121 1001 3139 ,
1034 3092 1079 3133 &
1108 3087 1161 3133 ab
1191 3089 1490 3135 oscillantibus
1510 3091 1615 3136 vasis
1637 3090 1796 3137 fortius
1828 3090 2035 3156 propulsis

218 3149 495 3216 progressura
516 3156 561 3201 &
582 3150 847 3202 circulatura
867 3151 952 3202 effe
975 3150 1166 3205 velocius
1181 3187 1196 3209 ,
1222 3152 1394 3203 facilius
1410 3189 1425 3211 ,
1444 3154 1650 3213 liberius,
1671 3172 1801 3222 atque
1828 3157 1941 3216 adeo
1967 3157 2034 3204 in·
