2477 3643
670 144 1474 197 L1BER1V.CA1⁵u·r
1535 154 1649 200 IV.

246 233 342 279 lv.
377 228 505 276 Bubo
525 227 614 276 five
633 245 770 293 panus
796 227 1032 291 inguinum
1057 227 1236 293 impuro
1254 227 1518 276 concubitui
1539 226 1869 294 superveniens.

248 299 356 343 Hoc
380 294 552 358 signum
580 294 934 359 praecedentibus
959 294 1178 357 gravitate
1208 294 1329 342 cedit
1347 329 1359 349 ,
1374 294 1404 340 st
1422 293 1546 341 bubo
1565 294 1821 360 suppuratus
1848 297 1924 344 diu
1941 298 2023 347 flu-

188 361 307 410 xerit
325 395 339 414 ,
365 376 438 406 aut
459 359 489 405 fi
508 360 557 406 in
580 359 774 426 represso
798 360 1085 407 Mercurialia
1108 377 1161 407 ex
1188 376 1282 407 arte
1304 361 1431 408 caute
1451 359 1653 407 adhibita
1681 359 1851 407 fuerint
1874 364 1929 409 ad
1957 364 2024 410 vi-

190 443 262 474 ms
289 424 635 491 profligandum.
668 429 726 471 At
745 425 775 471 si
795 424 951 472 neutra
971 426 1143 472 ratione
1165 426 1326 473 veneni
1346 425 1660 492 propagationi
1678 425 1911 473 occursum
1928 428 2027 476 fue-

191 491 251 538 rit
270 524 282 543 ,
312 489 661 556 praecedentibus
678 490 797 537 haud
816 491 959 555 impar
980 491 1039 537 est
1056 524 1069 542 ,
1089 491 1326 556 psaesertim
1348 492 1376 537 fi
1399 490 1521 538 bubo
1542 497 1586 538 &
1605 490 1834 554 glandulas
1866 493 2026 539 multas

193 562 242 602 ὃς
263 555 342 602 diu
373 555 487 601 male
510 552 712 603 affecerit
733 575 745 611 3
766 555 795 602 st
817 556 1071 620 suppuratio
1101 556 1229 603 febre
1261 556 1333 603 vel
1369 555 1570 622 plilogofi
1598 572 1697 602 ante
1732 571 1902 621 tempus
1922 576 2025 605 exa-

188 620 334 670 ruerit
353 639 365 673 3
386 618 415 665 fi
442 619 544 666 calli
564 621 767 668 duriores
795 621 1128 685 suppurantium
1152 619 1395 667 efficaciam
1423 621 1631 668 eluserint
1651 626 1736 667 δίε.

254 690 311 733 V.
339 685 624 732 Gonorrhoea
653 687 875 735 virulenta
893 718 907 738 ‚
934 684 1076 749 qualis
1101 686 1327 752 impurum
1363 686 1654 735 concubitum
1675 685 2024 750 frequentiffime

189 747 315 813 sequi
337 748 460 796 solet.

263 814 347 862 Vix
386 815 491 861 licet
525 831 722 879 unquam
753 814 873 861 luem
899 831 1137 862 veneream
1163 812 1333 862 inferre
1368 833 1420 862 ex
1452 814 1683 880 pra'grefsti
1716 815 1987 877 gonorrhoefi
2011 850 2024 870 ‚

189 895 285 942 quae
307 879 384 926 diu
405 913 416 932 ,
440 879 636 926 ubertim
652 913 665 932 ,
686 879 774 926 sine
796 879 1116 926 intermistione
1138 878 1313 926 fluxerit
1330 914 1342 933 ‚
1369 884 1488 941 cujus
1509 885 1609 942 juge
1632 879 1860 926 effluvium.
1882 897 2027 929 reme-

193 944 279 989 diis
302 961 393 990 non
422 944 667 990 co‘e'rcitum
696 943 858 997 fuerit,
894 944 967 989 sed
997 944 1235 991 virulentia
1260 944 1411 992 sensam
1440 945 1699 991 mitescente
1731 944 1885 1008 sponte
1918 964 2026 993 eva-

186 1009 339 1054 nuerit
371 1014 457 1055 &c.
490 1009 704 1072 quoniam
727 1025 831 1055 tunc
865 1008 986 1071 larga
1012 1009 1323 1073 suppuratione
1354 1013 1472 1056 virus
1500 1027 1635 1056 omne
1664 1009 1786 1072 quod
1813 1010 2028 1057 introsus-

189 1089 368 1137 ceptum
398 1090 523 1126 etat,
545 1074 799 1119 exhaustum
818 1072 945 1119 fuisse
973 1073 1066 1137 spes
1095 1074 1154 1119 est
1177 1106 1189 1124 ,
1218 1091 1298 1119 nec
1334 1090 1381 1120 ut
1407 1073 1646 1138 plurimum
1667 1092 1797 1120 vana.
1825 1079 1883 1120 At
1916 1076 2026 1123 vero

188 1137 252 1183 fin
276 1136 394 1184 secus
409 1172 421 1191 ,
443 1140 609 1184 constat
624 1139 742 1184 luem
758 1137 1104 1201 frequentissime
1122 1138 1146 1181 a
1176 1139 1447 1199 gonorrhoezi
1477 1138 1694 1199 produci,
1716 1139 1892 1201 quoties
1921 1158 2027 1188 cou-

188 1203 323 1266 tingit
354 1202 627 1249 virulentum
655 1202 892 1249 humorem
922 1203 968 1247 in
989 1201 1249 1264 sanguinem
1269 1203 1555 1250 retroceffiffe
1576 1238 1589 1256 ,
1609 1218 1655 1248 ut
1675 1203 1837 1249 accidit
1853 1237 1867 1256 ‚

259 1276 322 1311 10.
360 1267 404 1313 Si
437 1266 579 1313 fluxus
605 1266 821 1312 inhibitus
847 1265 984 1313 fuerit
1012 1267 1262 1330 constipatis
1286 1268 1574 1315 vesicularum
1608 1268 1941 1314 seminariarum
1977 1274 2025 1316 δέ

174 1332 481 1396 vprostatarum
510 1329 736 1377 emissariis
761 1331 897 1377 abusu
924 1331 1213 1392 injestionum
1245 1333 1581 1397 astringentium
1606 1333 1653 1377 in
1675 1332 1931 1386 methrani,
1951 1334 2024 1382 vel

182 1395 494 1443 remediorum
518 1397 801 1443 internorum
823 1396 1019 1458 ejusdem
1040 1392 1258 1442 efficaciae.

251 1468 314 1506 2⁰.
351 1461 396 1506 Si
427 1460 566 1507 fluxus
596 1460 840 1526 suppressus
864 1460 999 1508 fuerit
1018 1461 1375 1508 inflammatione
1396 1461 1588 1527 partium
1610 1459 1863 1510 affectatum
1883 1497 1894 1515 ,
1914 1481 2026 1527 qua-

187 1524 242 1572 lis
271 1524 516 1572 advocatur
537 1525 615 1571 usu
638 1528 902 1591 praepostero
930 1545 1079 1572 rerum
1099 1544 1392 1575 venerearum
1409 1561 1422 1580 ‚
1445 1526 1724 1590 equitatione
1740 1563 1753 1582 ,
1773 1528 2023 1594 potatione,

187 1589 319 1638 febre
339 1589 497 1654 sponte
527 1589 690 1636 oborta
710 1624 721 1642 ‚
753 1590 978 1638 erroribus
1008 1591 1142 1637 diaetae
1161 1596 1248 1638 &c.

262 1662 325 1715 30.
356 1655 400 1702 Si
422 1653 563 1701 fluxus
583 1656 798 1701 co'e'rcitus
819 1654 869 1700 fit
887 1672 1063 1701 tumore
1090 1655 1378 1720 spermatico,
1404 1655 1755 1703 inflammator-io
1773 1690 1786 1710 ,
1806 1672 1880 1703 aut
1898 1656 2024 1705 oede-

183 1719 370 1766 matode
396 1718 622 1782 utriusque
647 1721 718 1766 vel
745 1721 999 1767 alterutrius
1033 1722 1167 1767 testis.

247 1793 318 1841 40.
350 1783 545 1843 Demum
571 1783 601 1829 si
632 1784 773 1831 fluxus
790 1819 801 1837 ,
830 1786 937 1832 licet
965 1785 1172 1849 perennis
1189 1818 1201 1837 ‚
1232 1802 1407 1831 veneno
1427 1783 1733 1831 exhauriendo
1758 1785 1901 1849 impar
1926 1785 2025 1832 fue-

187 1847 246 1894 tit
263 1882 275 1900 ,
297 1847 386 1894 five
408 1848 529 1911 quod
553 1867 774 1896 venenum
797 1850 987 1896 nimium
1020 1850 1070 1895 fit
1103 1856 1147 1895 δε
1178 1848 1309 1895 solito
1339 1850 1480 1895 acrius
1498 1883 1511 1902 ‚
1534 1850 1622 1897 slve
1651 1850 1773 1912 quod
1802 1867 2026 1912 aegrotan-

189 1913 244 1959 tis
271 1913 475 1959 socordia
500 1930 583 1959 nec
615 1914 869 1978 mitigatum
900 1913 1250 1979 temperantibus
1283 1932 1366 1960 nec
1399 1915 1648 1979 opportune
1681 1915 2026 1961 Mercurialibus

186 1978 481 2043 profligatum
510 1977 574 2023 sit.
818 1996 823 1998 ‘

256 2047 346 2090 VI.
381 2042 539 2095 Porri,
576 2059 797 2095 vermeae,
834 2042 1179 2103 condylomata,
1218 2040 1371 2104 fraga,
1410 2041 1509 2093 fici,
1547 2041 1765 2095 mariscae,
1800 2041 2024 2089 ulcuscula

188 2105 399 2154 cancrosa
421 2105 508 2153 δίε.
536 2124 632 2170 quae
670 2107 727 2153 ad
757 2125 892 2154 anum
926 2107 1093 2153 adstant
1113 2141 1126 2160 ,
1145 2107 1326 2170 quando
1354 2106 1472 2153 virus
1497 2107 1788 2172 impurissima
1822 2109 2023 2172 corporis

187 2172 319 2219 usura
340 2172 631 2218 contrahitur.

249 2238 503 2285 Periculum
523 2271 536 2289 ‚
565 2235 690 2300 quod
716 2236 739 2281 ἃ
774 2235 953 2300 singulis
992 2234 1243 2282 timendum
1266 2237 1324 2281 est
1345 2269 1356 2287 ,
1386 2237 1586 2283 aestimari
1619 2237 1753 2282 debet
1783 2235 1839 2282 ad
1868 2255 2019 2284 exem-

220 2301 312 2348 lum
334 2301 548 2367 periculi,
571 2301 695 2364 quod
722 2302 745 2347 a
776 2301 988 2348 similibus
1016 2300 1187 2346 morbis
1218 2300 1424 2347 imminet
1447 2302 1495 2347 in
1522 2301 1815 2365 genitalibus,
1842 2301 1898 2349 de
1923 2303 2018 2365 qui-

188 2318 273 2412 bus
300 2366 439 2412 modo
458 2366 651 2412 diximus
668 2367 782 2429 signo
806 2370 1150 2412 commemorarivo
1172 2381 1202 2408 1.
1224 2363 1274 2410 ῥ’
1296 2383 1334 2410 z.

253 2436 376 2477 VII.
406 2429 649 2476 Ulcuscula
669 2463 681 2482 ‚
715 2429 963 2493 phlogofis,
995 2429 1290 2474 inflammatio
1322 2462 1335 2482 ,
1379 2429 1724 2492 condylomata,
1756 2430 2018 2476 excrescen-

188 2494 257 2540 tiae
278 2529 289 2547 ,
320 2507 415 2558 quae
434 2495 480 2540 in
499 2494 670 2559 papillis
692 2494 893 2557 areisque
920 2511 1212 2539 mammarum
1236 2527 1247 2545 ,
1277 2510 1350 2539 aut
1378 2493 1580 2543 bubones
1596 2531 1607 2548 ‚
1629 2493 1772 2559 quiin
1797 2494 2018 2557 glandulis

185 2559 441 2606 axillaribus
470 2559 678 2605 accidunt
709 2593 723 2613 ‚
759 2559 859 2606 cum
888 2558 1071 2605 morbus
1111 2558 1165 2604 ab
1196 2558 1442 2606 infantibus
1479 2561 1526 2606 in
1561 2560 1755 2607 nutrices
1781 2559 2017 2606 lactatione

190 2624 456 2671 traducitur.
1726 2676 1730 2680 ι

256 2693 327 2736 De
352 2689 530 2752 singulis
555 2687 768 2749 judicium
790 2687 908 2734 idem
931 2687 1250 2734 instituendum
1280 2689 1339 2734 est
1365 2707 1412 2734 ac
1446 2689 1502 2735 cle
1533 2686 1735 2735 affinibus
1757 2685 1984 2735 affestibus
2001 2722 2014 2742 ,

187 2753 266 2816 qui
284 2754 531 2817 congressui
553 2755 732 2818 impuro
755 2753 993 2799 succedunt
1016 2754 1062 2798 in
1081 2752 1367 2814 genitalibus.

252 2824 322 2864 VI
342 2823 405 2863 ΙΙ.
446 2817 687 2864 Ulcuscula
720 2818 973 2882 phlogodea
997 2817 1216 2862 labiorum
1236 2851 1246 2868 ,
1276 2818 1559 2881 gingivarum
1579 2852 1590 2871 ‚
1623 2817 1788 2880 palati,
1821 2816 1982 2880 linguae
2001 2850 2014 2871 ,

175 2882 433 2928 ⁴columella:
466 2898 537 2928 aut
564 2882 761 2928 faucium
783 2900 793 2934 3
822 2881 1104 2944 tumoresque
1132 2881 1474 2929 buboniformes
1497 2881 1801 2945 glandularum
1827 2880 2016 2945 limpha-

190 2948 379 2993 ticarum
398 2980 410 2998 ‚
430 2964 524 3008 quae
549 2947 825 3010 parotidibus
857 2963 928 2991 aut
964 2945 1262 2991 maxillaribus
1293 2947 1434 2992 adfitae
1455 2946 1550 2992 sunt
1568 2980 1580 2998 ‚
1600 2945 1628 2989 si
1650 2944 1841 2991 infantes
1867 2963 2017 2991 conta-

190 3012 315 3077 gium
337 3012 360 3056 a
381 3011 555 3057 nutrice
585 3011 812 3073 sugendo,
838 3010 908 3056 vel
943 3010 1083 3055 adulti
1114 3009 1401 3058 columbatim
1430 3010 1579 3056 oscula
1603 3010 1834 3072 jungendo
1863 3011 2015 3061 conci-

180 3078 330 3142 piant.

252 3145 318 3186 Ut
350 3140 624 3203 singulorum
655 3139 871 3184 horumce
904 3137 1167 3184 morborum
1194 3138 1417 3202 aetiologia
1451 3139 1607 3186 eadem
1635 3139 1693 3183 est
1720 3155 1768 3183 ac
1796 3138 2018 3202 aetiologia

192 3204 400 3252 fimilium
428 3203 665 3253 affectuum
681 3238 693 3256 ‚
716 3204 797 3267 qui
821 3203 876 3250 ab
904 3204 1081 3269 impuro
1116 3203 1358 3252 concubitu
1389 3203 1501 3254 fiunt
1518 3238 1532 3259 ‚
1560 3202 1615 3250 s1c
1642 3202 1798 3248 eadem
1823 3204 1881 3250 est
1903 3223 2017 3270 quo-

1649 3266 1786 3328 Ttij

1917 164 2023 222 533¹*

2098 256 2299 307 ⁸Quarum.

2069 307 2175 345 Bubo
2208 307 2280 348 five

2069 371 2180 410 panus
2203 361 2264 398 in-

2069 423 2232 463 gumum.

2086 717 2282 767 Quintum.

2073 770 2202 805 Gonot
2217 792 2223 798 ·

2074 820 2183 860 rhoea
2201 821 2302 863 vim-⁴

2071 871 2181 914 lenta.

2096 2070 2257 2104 Sextum.

2072 2115 2175 2152 Porri
2192 2144 2202 2159 ,
2220 2130 2303 2156 ver-

2066 2167 2301 2220 rucae,fraga‚

2068 2220 2156 2264 fici,
2184 2220 2302 2258 ulcu(-

2067 2273 2147 2309 cula
2167 2275 2274 2325 juxta

2067 2337 2189 2371 auum.

2078 2459 2280 2506 Septimum.

2065 2509 2265 2549 Ulcuscula
2282 2538 2297 2557 ‚

2066 2560 2256 2613 phlogofis
2270 2591 2284 2608 ,

2062 2614 2299 2666 condyloma-

2065 2677 2100 2701 ta
2124 2666 2156 2700 iu
2176 2668 2296 2717 papil-

2064 2717 2104 2754 lis
2131 2719 2296 2770 areisque

2065 2781 2287 2814 mammam.

2088 2845 2285 2884 offavum.

2064 2895 2264 2935 Ulcuscula

2065 2948 2267 2995 labiorum,

2065 3001 2138 3037 otis
2167 3027 2178 3044 ,
2203 2999 2293 3043 fau„-

2064 3053 2176 3100 cium²
