2477 3643
618 129 1728 179 LtnnRIV.CA1’u·i-V111·
1915 138 2034 198 ‘367

273 214 346 260 6⁰.
387 211 434 260 Si
464 209 646 260 morbus
675 210 902 259 difficilior
927 211 1133 261 remediis
1153 229 1244 260 non
1266 212 1394 260 cedat
1414 245 1426 265 ‚
1457 211 1504 259 in
1522 212 1646 260 usum
1665 213 1908 261 advocetur
1934 214 2035 279 p'ul-

210 275 278 324 vis
298 276 458 324 radicis
477 275 740 328 brasilianae,
773 276 907 340 vulgo
935 277 1262 344 Hipecacnanhae
1290 277 1314 323 ἓι
1340 276 1488 341 granis
1517 294 1587 324 xx.
1607 276 1664 324 ad
1693 293 1791 324 xxx.
1813 295 1901 341 quo
1920 279 2033 326 nihil

207 339 430 389 efficacius
449 340 584 388 estad
601 339 974 405 liquefaciendam
995 349 1038 388 ὄε
1060 340 1353 389 everrendam
1371 342 1590 389 acriorem
1610 342 1814 405 pituitam
1832 375 1843 394 ‚
1862 343 1948 405 qufi
1966 343 2034 388 in-

209 406 363 453 testina
382 405 612 452 irritantur
634 412 678 451 &
699 405 755 451 ad
776 406 1082 452 excretionem
1101 407 1383 453 continenter
1407 405 1713 453 sollicitantur.
1814 409 1819 414 ”

262 479 328 529 70.
367 469 633 517 Mitescente
655 469 742 517 alvi
764 470 988 533 profluvio
1009 471 1210 533 purgatio
1229 469 1530 534 praescribarur
1545 489 1598 519 ex
1619 470 1829 517 catholici
1849 489 1930 533 pro
1947 488 2028 519 ore

206 539 253 582 δέ
277 552 444 581 mannae
465 534 698 581 calabrinae
722 552 803 580 ana
830 535 858 601 ξ
884 539 909 594 j.
928 536 975 580 in
995 535 1180 581 decocto
1200 535 1416 581 foliorum
1438 536 1664 588 verbasci,
1685 537 1756 583 vel
1777 554 1829 583 ex
1850 536 1879 606 ξ
1901 539 1945 599 ij.
1967 536 2027 598 syu

200 601 302 663 tupi
324 600 587 665 Magistralis
606 599 652 644 in
672 599 834 646 eodem
853 600 1042 646 decodlm
1062 599 1221 653 diluti,
1251 617 1298 646 ut
1316 599 1487 648 fomitis
1514 600 1713 649 morboli
1732 602 1925 666 reliquiae
1951 635 1963 654 ,
1996 601 2027 647 fi

203 681 300 727 quae
321 663 532 728 supersint
552 699 563 716 ,
582 664 839 711 educantur.

275 734 339 774 80.
381 729 575 777 Demum
595 729 793 793 posthinc
816 727 940 775 caute
963 727 1216 774 attendatur
1238 745 1292 774 an
1313 746 1390 793 per
1409 730 1512 793 aegri
1533 732 1686 776 statum
1706 731 1835 778 liceat
1856 731 1901 777 in
1920 747 2030 795 pro'-

202 792 346 856 posito
371 793 654 858 susceptoque
683 793 865 839 consilio
893 790 1175 856 perseverare
1195 827 1207 845 ‚
1229 809 1404 842 necne?
1445 796 1489 841 si
1519 796 1636 859 prius
1655 829 1667 846 ,
1695 796 1921 860 therapeia
1948 796 2028 842 ali-

198 857 404 920 quandiu
421 856 661 905 intermilsa
687 876 740 905 ex
769 858 873 904 artis
891 855 1060 919 legibus
1078 857 1354 904 instauretur.
1396 860 1474 905 Sin
1493 860 1647 906 contra
1668 894 1679 911 ,
1699 863 1868 906 curatio
1902 861 2028 906 malis

206 922 362 969 avibus
392 923 586 969 instituta
609 923 656 969 in
678 938 848 988 tempus
878 922 1170 986 opportunius
1200 922 1463 976 differatur,
1494 925 1601 972 dum
1629 926 1883 988 aegrotantis
1916 926 2030 973 vires

207 987 476 1034 confirmatae
506 987 689 1034 fuerint.

274 1056 364 1100 IV.
400 1052 495 1097 Usu
519 1054 644 1100 venit
668 1053 717 1097 in
737 1050 1050 1116 aegrotantibus
1070 1050 1295 1097 nonnullis
1313 1084 1326 1104 ,
1354 1068 1401 1097 ut
1421 1054 1512 1116 post
1534 1053 1811 1101 inunffiones
1828 1053 2027 1118 quinque

203 1114 405 1178 legitime
433 1117 751 1163 administratas
777 1133 858 1162 nec
885 1115 1084 1162 salivatio
1113 1115 1228 1167 ulla,
1260 1133 1342 1161 nec
1372 1117 1460 1163 ulla
1483 1118 1617 1163 etiam
1644 1119 1762 1183 signa
1787 1136 2027 1183 appareant

205 1179 365 1228 futurae
386 1181 654 1229 salivationis
672 1181 912 1245 praenuntia
927 1214 940 1233 ‚
963 1180 1081 1243 quasi
1103 1181 1354 1227 Mercurius
1369 1214 1380 1232 ,
1403 1187 1522 1243 cujus
1539 1182 1586 1227 in
1635 1184 1824 1247 lerisque
1842 1184 2027 1231 nimiam

207 1242 517 1293 efficacitatem
542 1251 638 1308 jure
667 1244 1038 1298 reformidamus,
1061 1245 1108 1290 in
1129 1245 1196 1291 his
1219 1245 1348 1309 plane
1375 1246 1491 1293 iners
1517 1265 1564 1293 ac
1587 1201 1631 1292 (Ρ
1727 1250 1733 1257 ’

204 1325 286 1355 ner
311 1310 583 1357 hebesceret.
621 1310 965 1357 Phaenomenum
993 1309 1194 1375 presciti)
1236 1308 1478 1373 singulare,
1508 1317 1627 1373 cujus
1659 1313 1830 1366 causas,
1855 1330 1951 1377 quae
1982 1332 2026 1361 1n

205 1375 297 1419 alto
316 1375 457 1423 latent
477 1409 488 1428 ‚
508 1392 662 1422 eruere
679 1375 992 1421 attentavimus
1016 1375 1142 1438 supr-3.
1159 1374 1256 1421 Lib.
1277 1380 1343 1421 II.
1368 1380 1474 1440 Cap.
1496 1381 1532 1422 8.
1550 1394 1641 1440 quo
1666 1378 1808 1423 nullus
1843 1378 2029 1441 quidem

205 1437 368 1486 dubito
395 1473 409 1493 ,
436 1440 547 1503 quin
575 1438 769 1506 primum
797 1440 1015 1486 creditum
1046 1440 1183 1486 fuerit
1216 1438 1487 1504 therapeiam
1517 1443 1834 1489 Mercurialem
1863 1442 2030 1506 pelium

203 1503 366 1550 ituram
384 1538 397 1558 ‚
426 1503 500 1551 sed
529 1522 620 1568 quo
649 1520 798 1551 tamen
823 1504 1095 1569 experientia
1118 1509 1206 1565 jam
1234 1504 1411 1567 pridem
1439 1523 1719 1571 compertum
1747 1509 1806 1554 est
1842 1508 2032 1556 remedii

204 1568 375 1616 exitum
403 1585 485 1616 nec
513 1569 657 1616 hilum
687 1568 875 1633 infringi
903 1570 1046 1616 autin
1075 1568 1271 1617 deterius
1300 1571 1527 1633 perverti,
1549 1571 1688 1618 modo
1716 1571 1902 1637 sequens
1933 1589 2029 1621 me-

206 1633 372 1680 thodus
392 1650 445 1680 ex
468 1650 562 1680 arte
582 1633 862 1680 adhibeatur.
1583 1633 1591 1641 ’

276 1706 337 1742 1⁰.
378 1698 569 1755 Quoties
600 1699 820 1762 contingit
852 1713 900 1743 ut
920 1697 1132 1760 legitimis
1150 1698 1366 1762 unguenti
1398 1700 1672 1747 mercurialis
1699 1700 2031 1750 inuncstionibus

200 1761 444 1826 quinquies
472 1762 668 1826 repetitis
689 1780 767 1828 per
782 1762 876 1809 dies
904 1780 1070 1809 novem
1101 1764 1304 1810 salivatio
1329 1764 1446 1810 nulla
1476 1763 1684 1811 succedat
1700 1799 1713 1818 ,
1737 1784 1863 1812 mora
1891 1768 2031 1825 inter-

205 1826 418 1891 ponenda
436 1828 494 1872 est
515 1827 689 1873 dierum
712 1843 903 1890 quatuor
925 1827 995 1873 vel
1016 1828 1211 1892 quinque
1231 1861 1243 1879 ‚
1263 1844 1310 1873 ut
1329 1829 1559 1892 explorare
1578 1830 1707 1876 liceat
1721 1864 1732 1881 ,
1758 1848 1864 1876 num
1884 1850 1961 1896 per
1982 1831 2032 1879 id.

208 1907 381 1954 tempus
401 1892 653 1937 Mercurius
673 1891 731 1937 sat
750 1891 909 1955 magna
927 1892 1054 1955 copia
1071 1896 1157 1954 jam
1174 1892 1306 1938 illitus
1321 1892 1367 1937 in
1384 1908 1584 1958 apertum
1603 1895 1882 1957 ptyalismum
1901 1914 2031 1961 erup-

207 1971 331 2002 turus
351 1955 413 2001 fit.
457 1956 631 2003 Interea
652 1973 765 2019 aeger
790 1956 920 2021 parce
951 1958 1170 2002 nutriatur
1189 1991 1201 2009 ,
1233 1973 1281 2002 ut
1305 1956 1477 2021 sanguis
1503 1958 1527 2003 ὁ.
1554 1959 1685 2020 chylo
1715 1960 1868 2023 purior
1896 1961 2032 2007 adeo-

199 2037 295 2085 que
337 2019 528 2066 fluxilior
562 2021 772 2068 humores
799 2019 1097 2067 secernendos
1126 2019 1297 2068 facilius
1337 2022 1534 2085 deponat
1557 2041 1569 2076 3
1605 2029 1650 2069 &
1684 2023 1807 2088 largo
1842 2027 2033 2089 tepentis

242 2084 385 2131 tisanae
416 2101 524 2150 potu
548 2085 719 2132 eluatur
739 2119 752 2138 ‚
777 2101 825 2131 ut
849 2086 987 2131 atomi
1016 2087 1299 2133 mercuriales
1328 2087 1451 2133 latius
1479 2087 1666 2134 diduerae
1691 2106 1769 2152 per
1796 2090 2032 2136 int1·icatis-=

200 2104 336 2196 {Hunos
364 2149 570 2196 vasorum
599 2168 734 2215 poros
759 2150 941 2197 liberius
968 2167 1200 2215 permeent
1220 2184 1232 2203 ,
1256 2151 1471 2198 obstr-ueta
1490 2152 1656 2199 viscera
1672 2151 1890 2200 efficacius
1912 2154 2033 2206 rese-

209 2231 312 2262 rent
328 2248 340 2268 ‚
365 2220 411 2261 δε
433 2213 461 2259 fi
480 2214 589 2277 quid
609 2231 792 2262 moturae
816 2215 896 2261 sint
915 2249 927 2267 ,
951 2214 1084 2276 ocyus
1104 2232 1330 2261 moveant.

277 2288 342 2326 2⁰.
378 2279 527 2325 Postea
546 2312 560 2331 ,
586 2278 616 2324 fi
647 2280 913 2326 nullomodo
933 2280 1156 2326 turbatum
1178 2279 1226 2324 sit
1242 2313 1254 2331 ‚
1278 2298 1354 2343 per
1374 2297 1540 2327 novem
1559 2281 1652 2328 dies
1673 2281 1901 2344 sequentes
1924 2282 2034 2330 fric-

207 2343 352 2390 tiones
381 2344 470 2389 aliae
499 2344 697 2406 quinque
723 2344 934 2390 iterandae
956 2343 1085 2395 sunt,
1113 2343 1268 2390 eadem
1297 2345 1541 2398 methodo,
1571 2346 1666 2410 pari
1686 2346 1756 2393 vel
1777 2347 1911 2394 etiam
1940 2367 2035 2395 ma-

208 2408 297 2472 jori
324 2409 541 2470 unguenti
569 2407 659 2453 dofi
680 2442 692 2460 ‚
720 2408 937 2471 similique
959 2408 1217 2454 cautionum
1239 2408 1472 2472 diligentia
1491 2445 1503 2464 ,
1525 2411 1673 2456 alvum
1700 2412 1904 2474 quotidie
1924 2413 2036 2474 clys-

210 2488 309 2519 tere
337 2472 531 2518 eluendo
548 2504 560 2523 ‚
593 2476 639 2517 δε
666 2490 715 2518 os
741 2472 978 2535 diligenter
1003 2472 1356 2537 introspiciendo
1376 2508 1387 2526 ,
1409 2492 1464 2521 ne
1483 2476 1592 2539 quid
1611 2475 1718 2521 mali
1747 2476 1770 2521 εὶ
1796 2476 1928 2541 dupla
1953 2495 2036 2523 un·-

207 2536 370 2602 guenti
389 2536 636 2599 quantitate
654 2569 667 2588 ‚
688 2544 781 2600 quae
801 2537 1040 2584 adhibetur
1056 2570 1069 2588 ,
1093 2555 1145 2585 ex
1166 2538 1413 2603 improviso
1433 2538 1726 2606 superveniat.

276 2601 336 2661 3⁰.
353 2600 489 2658 Quod
513 2599 541 2645 si
561 2601 812 2664 ptyalismus
827 2601 1006 2649 tandem
1027 2601 1215 2667 obrepat
1230 2637 1242 2655 ,
1266 2605 1484 2667 regendus
1504 2607 1562 2652 est
1576 2622 1627 2652 ex
1650 2604 1752 2650 artis
1773 2602 1943 2666 legibus
1966 2603 2038 2650 su-

205 2665 291 2731 pra
323 2664 555 2730 propositis
571 2698 581 2715 ‚
605 2667 968 2730 Cap.praecedeme
987 2706 1000 2721 ‚
1017 2666 1240 2714 fovendus
1271 2667 1435 2716 scilicet
1466 2670 1493 2715 si
1528 2669 1782 2716 moderatus
1800 2700 1813 2720 ,
1839 2667 2041 2733 compes‘

212 2729 380 2776 cendus
407 2730 515 2776 vero
534 2729 562 2774 sl
585 2729 746 2776 nimius
767 2730 903 2778 fuerit
922 2750 933 2785 3
955 2731 1158 2779 caeterum
1189 2732 1290 2779 satis
1319 2734 1457 2798 longo
1483 2735 1657 2782 dietum
1686 2732 1824 2798 spatio
1849 2734 2041 2798 permit:-¹

210 2793 372 2842 tendus
388 2827 400 2846 ,
429 2794 574 2840 donec
601 2795 784 2842 morbus
810 2797 1048 2860 extirpatus
1067 2796 1152 2844 esse
1174 2797 1396 2844 videatur.

278 2862 348 2914 4⁰.
379 2859 551 2904 Contra
580 2858 607 2903 fi
634 2861 777 2906 nullus
797 2861 1005 2907 adveniat
1027 2861 1279 2925 ptyalismus
1299 2881 1464 2910 novem
1487 2863 1572 2910 illis
1593 2862 1738 2910 alteris
1759 2860 1916 2908 diebus
1934 2895 1947 2914 ‚
1966 2862 2041 2908 in-'

213 2922 496 2985 terponenda
532 2923 673 2968 rursus
703 2942 829 2970 mora
855 2924 988 2970 altera
1022 2926 1195 2971 dierum
1218 2943 1383 2973 novem
1407 2929 1476 2975 vel
1511 2929 1666 2975 decem
1689 2960 1701 2979 ‚
1736 2941 1783 2972 ut
1804 2928 2039 2973 Mercurio

216 2985 403 3050 spatium
424 3003 515 3031 non
535 2985 642 3032 defit
667 2987 758 3033 vim
780 2988 898 3034 suam
924 2989 1136 3035 exerendi
1156 3022 1167 3040 ‚
1193 2991 1350 3052 quibus
1371 2992 1590 3038 transastis
1620 2992 1714 3037 tuto
1736 2997 1780 3037 δε
1802 2989 1890 3037 fine
1912 2991 2042 3038 ullius

219 3050 427 3097 recidivae
451 3050 648 3114 periculo
667 3050 771 3098 licet
793 3070 844 3099 ex
865 3053 968 3098 artis
990 3053 1150 3117 regulis
1170 3070 1314 3102 cutem
1336 3056 1571 3121 detergere
1589 3091 1600 3110 ,
1621 3057 1756 3104 lintea
1775 3055 2008 3103 detrahere
2024 3089 2042 3110 a

216 3115 529 3180 purgationem
557 3115 790 3179 aliquoties
820 3117 983 3164 iterare
1002 3152 1014 3170 ‚
1047 3118 1293 3182 pleniorem
1325 3120 1497 3170 diaetam
1522 3122 1735 3187 paulatim
1759 3120 2042 3182 concedere,

215 3196 270 3235 ac
296 3180 479 3229 demum
503 3197 666 3244 argtum
685 3181 829 3247 priori
854 3182 954 3231 vitae
975 3183 1181 3234 reddere.

1607 1266 1667 1293 uae
1695 1249 1869 1295 virtutis
1889 1249 2028 1312 dege-
2059 1276 2064 1281 .

2100 1063 2165 1100 iv.
2185 1062 2306 1100 Abso-

2074 1114 2152 1152 luta
2168 1114 2304 1154 saliva-

2077 1167 2183 1204 tionis
2208 1168 2278 1203 ab·

2074 1218 2200 1264 sentia,
2214 1220 2308 1270 qui-

2076 1283 2274 1321 tecumque

2075 1323 2261 1374 diligentia

2077 1374 2288 1426 hydrargy-

2076 1426 2163 1465 rofis
2185 1426 2307 1465 admi-

2076 1480 2256 1518 nistretur.
