2477 3643
640 114 1539 166 L rnrn111.CArurI.
1914 118 2042 186 '¹³75'

185 198 500 269 lipothymiam
514 233 527 254 ,
546 199 802 265 asphyxiam
816 236 828 256 ‚
847 216 1039 248 mortem
1070 199 1205 247 etiam
1222 198 1496 262 quandoque
1518 197 1742 252 inferunt·‚
1762 215 1856 263 quae
1874 219 2008 251 num·
2036 237 2044 241 -

182 285 321 333 quam
339 266 433 312 tuto
446 299 459 319 ‚
478 282 573 329 quae
603 266 702 311 raro
728 267 909 331 impune
927 265 1194 312 exhibentur
1209 282 1220 317 3
1235 281 1330 327 quae
1361 261 1391 308 sl
1413 281 1609 328 unquam
1629 263 1833 311 adhiberi
1850 269 2005 329 poffint

186 333 212 379 εὶ
270 331 456 378 rudente
477 329 663 377 Medico
677 363 690 383 ‚
708 330 757 377 in
775 331 958 379 robustis
985 329 1156 377 tantum
1169 363 1182 383 ,
1202 327 1419 376 athleticis
1434 361 1449 383 ,
1470 328 1635 376 rusticis
1649 361 1662 380 ‚
1683 329 1896 377 militibus
1916 336 2003 378 &c.

183 397 239 444 ad
274 395 441 442 ibenda
467 394 581 442 sunt.

246 465 313 507 2⁰.
343 463 540 507 Decocsta
559 493 572 512 ‚
600 476 694 523 quae
715 458 851 521 vulgo
880 457 1115 506 sudorifica
1135 458 1344 505 dicuntur
1361 491 1373 511 ,
1395 461 1442 504 δε
1461 473 1556 521 quae
1571 473 1780 522 parantur
1800 475 1853 505 ex
1872 457 2005 522 lignis

180 525 366 572 Guaiaci
392 530 438 572 δε
460 524 664 571 Sassafras
683 558 694 577 ,
726 524 1035 588 radicibusque
1067 524 1225 571 Chinae
1264 529 1309 570 ὃς
1330 521 1649 586 Sarsae-parillae
1667 556 1681 575 ,
1706 523 1913 570 omnibus
1934 524 2006 569 in-

180 589 518 636 discriminatim
548 589 821 636 exhibendo.
849 590 1009 636 Valent
1025 607 1076 636 ea
1094 588 1278 652 quidem
1297 588 1352 633 ad
1371 586 1628 640 exsiccanda
1659 587 1809 634 ulcera
1841 589 1888 634 in
1907 589 2005 653 pin·-

178 653 338 716 guibus
370 659 417 700 &
449 654 660 719 pituitofis
680 688 693 705 ,
713 653 871 718 quibus
897 653 1067 718 sanguis
1100 652 1274 698 crassior
1306 654 1365 699 est
1384 666 1457 697 aut
1487 652 1628 697 nimio
1655 652 1910 716 phlegmate
1934 653 2008 700 lu·-

177 719 322 766 xuriat
347 737 356 764 :
386 723 444 764 At
470 720 578 766 vero
615 720 748 765 noxia
787 719 884 764 sunt
912 720 958 764 in
984 717 1230 764 macilentis
1248 751 1260 769 ,
1286 716 1620 772 melancholicis
1638 750 1650 769 ,
1677 716 1840 763 biliosis
1857 751 1869 770 ,
1903 717 2006 781 qui-

177 782 258 830 bus
292 783 465 847 sanguis
498 783 652 830 ficcior
678 785 737 830 est
769 788 814 829 δε
852 782 1159 834 salso-acrior,
1187 782 1306 828 unde
1342 780 1551 826 insolenti
1588 781 1794 844 orgasmo
1816 815 1829 834 ,
1867 799 2005 845 quem

177 848 298 895 cient
322 849 370 894 in
397 848 607 912 sanguine
625 883 638 901 ‚
661 864 879 895 renovant
897 847 1156 911 genitalium
1173 848 1318 892 aestum
1338 851 1384 891 &
1403 844 1806 893 inflammationem
1827 880 1840 899 ‚
1861 852 1906 892 ὃς
1922 865 2005 912 pu-

175 913 342 960 rulenti
370 912 544 960 seminis
570 913 739 960 fluxum
770 930 932 977 augent
960 918 1005 959 δε
1025 911 1318 958 acrimoniam
1343 909 1585 957 intendunt
1617 927 1711 958 non
1730 911 1820 958 fine
1835 928 2004 975 magno

175 978 487 1041 zegrotantium
516 979 802 1026 detrimento.

237 1042 459 1090 Caeterum
483 1043 664 1090 decocta
696 1039 970 1093 istiusmodi,
1004 1041 1035 1087 fi
1061 1039 1242 1106 quando
1271 1038 1524 1086 conducere
1559 1039 1828 1094 videantur,
1856 1039 2001 1088 solent

173 1106 253 1153 sub
280 1106 480 1173 sequenti
504 1107 698 1154 formula
728 1104 960 1172 praescribi.

236 1188 291 1229 ΒΔ.
362 1176 587 1235 Lignorum
608 1176 786 1219 Guaiaci
805 1171 854 1218 Θ
876 1169 1114 1232 Saffafras‚
1141 1168 1265 1234 ana}
1286 1167 1328 1225 ij.

364 1238 517 1282 Radia
540 1238 679 1284 Chinae
699 1236 750 1282 &¹
766 1242 800 1282 S
806 1236 1075 1299 arsae-parillae
1101 1251 1182 1279 ana
1202 1233 1231 1299 ᾗ
1254 1251 1263 1292 j
1283 1233 1330 1278 ss.

362 1304 591 1346 Antimonii
610 1301 730 1347 crudi
748 1297 994 1360 craffiuscnl&
1013 1302 1099 1344 triti
1118 1297 1167 1344 Ψ
1188 1299 1332 1344 nodulo
1355 1297 1502 1358 inclusi
1525 1297 1555 1363 ξ
1571 1300 1584 1358 j
1601 1297 1646 1343 ss.

304 1362 447 1427 Ligna
483 1370 530 1410 &
566 1364 756 1412 Radices
794 1363 1049 1409 incidantur
1086 1397 1099 1415 ,
1133 1367 1180 1408 δε
1216 1361 1508 1407 infundantur
1535 1362 1687 1408 omnia
1722 1362 1872 1426 tepide
1918 1381 2000 1430 per

301 1431 480 1476 nouem
509 1430 555 1475 in
580 1448 650 1494 aq.
679 1428 872 1476 fontanae
900 1427 979 1474 lib.
1004 1428 1063 1473 ix.
1107 1426 1288 1473 Deinde
1320 1425 1509 1472 bulliant
1535 1426 1773 1472 moderato
1808 1429 1915 1493 igne
1942 1428 1999 1479 ad

303 1493 441 1541 terriae
460 1494 591 1559 partis
611 1495 998 1557 consumptionem
1015 1527 1030 1547 ,
1060 1491 1269 1540 addendo
1293 1490 1370 1537 sub
1397 1492 1533 1538 finem
1555 1491 1782 1539 coitionis.

364 1562 556 1606 follicat.
572 1561 699 1620 fhnnae
734 1560 827 1626 ξίζ.

360 1624 530 1671 Radicis
559 1627 761 1687 liquiritt'ae
789 1624 882 1683 rasae
917 1621 992 1688 {j-

306 1686 523 1734 Colatura
552 1687 753 1736 servetur
784 1688 839 1733 ad
874 1691 997 1733 usum
1019 1719 1031 1739 ,
1061 1701 1126 1732 ter
1155 1685 1203 1731 in
1230 1684 1303 1731 die
1328 1683 1576 1750 usurpanda
1605 1684 1661 1731 ad
1697 1683 1836 1749 {viij-
1869 1688 2000 1733 mane

299 1755 452 1814 jejuno
480 1753 778 1813 ventriculo,
818 1752 928 1798 hora
965 1750 1121 1816 quinta
1153 1749 1376 1813 veljsexta
1413 1748 1725 1814 pomeridiana
1753 1782 1767 1802 ,
1809 1755 1856 1797 &
1896 1767 2001 1800 ante

304 1816 583 1865 decubitum.

237 1887 299 1940 3⁰.
335 1885 425 1928 Prae
459 1884 587 1929 aratis
616 1880 959 1929 Mercurialibus
981 1879 1158 1926 interne
1189 1877 1524 1926 immoderatius
1547 1878 1746 1930 utendo,
1783 1877 1857 1924 vel
1891 1879 2000 1926 abu-

165 1945 306 1993 tendo
323 1948 469 2012 potius
484 1981 497 1999 ,
524 1948 576 1994 iis
594 1947 728 1994 etiam
753 1964 846 2009 quae
861 1945 1094 1992 blandiora
1120 1943 1220 1990 sunt
1237 1980 1250 1998 ,
1279 1961 1326 1990 ut
1341 1943 1501 2008 Aquila
1520 1941 1618 1987 alba
1638 1976 1651 1995 ‚
1669 1942 1869 2011 Panacea
1888 1977 1900 1995 ,
1921 1949 2001 1991 AE-

169 2009 324 2075 thiope
361 2012 564 2059 minerali
584 2046 596 2064 ‚
627 2011 858 2058 Mercurio
895 2011 1098 2056 violaceo
1135 2015 1225 2056 &c.
1258 2010 1378 2055 Hinc
1405 2007 1527 2056 enim
1554 2024 1648 2053 non
1676 2007 1815 2053 modo
1849 2009 2003 2071 gravis

169 2088 285 2122 ‘noxa
301 2077 554 2123 ventriculo
574 2076 766 2123 infertur
786 2110 798 2128 ,
815 2091 863 2121 ut
878 2075 1002 2140 supra
1019 2075 1186 2121 dietum
1212 2076 1270 2121 est
1286 2109 1297 2126 ‚
1325 2074 1399 2121 sed
1419 2073 1554 2120 etiam
1575 2073 1765 2119 maxime
1798 2073 1846 2117 in
1870 2074 2001 2120 cons-

168 2140 380 2187 titutione
409 2141 545 2188 salso·
561 2141 676 2194 acri,
702 2141 925 2205 sanguinis
957 2138 1324 2186 excandescentia
1344 2145 1390 2186 ὃς
1408 2138 1631 2185 seminalis
1660 2136 1859 2183 humoris
1884 2139 2002 2185 acri-

168 2206 320 2251 monia
350 2205 462 2253 adet>
483 2206 774 2254 intenduntur
794 2240 805 2258 ‚
830 2221 877 2251 ut
899 2205 1161 2268 genitalium
1180 2204 1328 2251 ulcera
1346 2238 1358 2256 ‚
1388 2220 1483 2267 quae
1508 2202 1762 2249 cicatricem
1793 2203 2002 2266 proxime

167 2271 358 2317 tractura
383 2271 679 2324 videbantur,
706 2271 945 2335 aliquando
964 2268 1272 2318 recrudescant
1303 2274 1348 2316 δε
1369 2268 1559 2315 coitioni
1577 2266 1853 2335 pervicacius
1882 2268 1997 2318 inde

167 2351 433 2399 repugnent.
633 2381 644 2392 ,

217 2407 283 2456 40.
314 2400 523 2463 Denique
549 2389 808 2445 adhibendo
829 2398 1084 2464 praepostere
1112 2398 1370 2455 injectiones
1394 2397 1677 2461 astringentes
1699 2396 1747 2441 in
1776 2395 1984 2459 vaginam

165 2463 215 2509 in
242 2462 434 2510 foerninis
451 2498 463 2516 ,
492 2465 540 2509 in
565 2464 791 2511 urethram
824 2465 870 2510 in
906 2465 1014 2510 viris
1034 2498 1046 2516 ‚
1067 2481 1168 2509 cum
1194 2462 1343 2526 lapide
1376 2461 1756 2509 medicamentoso
1790 2461 1956 2507 Crollii
1977 2462 2004 2503 ι’

165 2528 438 2574 Colcothare
457 2562 469 2580 ,
496 2544 570 2575 aut
586 2528 769 2592 pulvere
791 2532 837 2574 de
856 2534 993 2589 Verny
1019 2527 1135 2573 infra
1157 2526 1454 2574 describendo
1472 2527 1570 2573 Lib.
1590 2532 1685 2573 IV.
1707 2540 1798 2588 cap.
1819 2528 1997 2580 ultimo,

166 2592 321 2639 aliisve
350 2593 399 2638 id
431 2610 569 2657 genus
596 2592 851 2657 pulveribus
879 2590 1097 2657 stypticis,
1129 2593 1394 2647 vitriolicis',
1424 2591 1674 2637 aluminosis
1705 2595 1793 2636 &c.
1831 2590 1999 2653 quibus

165 2657 277 2704 solet
297 2673 391 2703 tum
418 2658 597 2704 urethra
624 2657 833 2704 morbose
863 2657 1102 2721 constringi
1122 2691 1134 2710 ,
1166 2657 1286 2704 unde
1316 2657 1461 2721 gravis
1481 2655 1720 2720 stranguria
1739 2688 1752 2707 ,
1777 2672 1872 2719 quae
1906 2672 1994 2719 go-

164 2722 385 2769 norrhoeae
412 2723 673 2786 plerumque
702 2722 954 2786 pedissequa
975 2724 1034 2770 est
1051 2756 1064 2774 ,
1085 2738 1179 2768 tum
1197 2722 1331 2768 etiam
1351 2721 1443 2768 lues
1461 2738 1656 2768 venerea
1675 2718 1831 2767 inferri
1849 2750 1862 2770 ‚
1886 2738 1997 2783 quo-

169 2786 249 2832 ties
274 2786 430 2832 semini
457 2803 530 2834 aut
565 2786 764 2834 seminali
795 2787 1004 2839 humori,
1033 2791 1152 2847 cujus
1187 2786 1327 2832 fluxus
1355 2786 1641 2850 supprimitur
1659 2819 1672 2837 ‚
1709 2784 1780 2831 vel
1809 2784 1996 2832 minima

166 2849 364 2913 contagii
391 2868 486 2913 pars
521 2852 664 2897 adhuc
696 2852 803 2897 inest
823 2885 835 2902 ,
877 2851 1243 2914 quandoquidem
1272 2850 1503 2896 seminium
1535 2850 1647 2896 illud
1673 2848 1794 2895 intro
1821 2851 1994 2896 coerci-

167 2925 262 2960 tum
294 2913 468 2977 cogitur
507 2917 707 2980 sanguini
730 2949 743 2971 >
766 2917 813 2962 in
840 2933 981 2979 quem·
1002 2915 1150 2975 refluit
1169 2947 1182 2968 ,
1210 2914 1376 2962 latente
1402 2915 1516 2961 vitio
1552 2911 1884 2961 ineluctabilem
1912 2931 1994 2961 no·⁴

165 2996 268 3028 xam
289 2979 481 3028 inurere.
543 3030 546 3032 ,

1648 3239 1690 3293 γ
1716 3237 1767 3303 113
