2477 3643
186 600 229 636 '6.
248 597 283 633 Si
300 607 394 649 aeger

162 649 188 688 fi
194 661 208 686 t
224 657 324 685 ienex
336 649 395 687 de-

161 702 330 753 crepitus·

202 1889 303 1926 'Ante
317 1887 396 1936 hy-

166 1941 369 1989 drazgyro-

170 1995 235 2030 sim
251 1995 294 2028 ad
309 2003 399 2041 qua·

168 2055 254 2081 tuor
278 2057 397 2080 vti-n-

169 2095 290 2135 dcnufi
306 2097 369 2134 est.

171 2518 200 2554 ἲ.
222 2520 278 2558 Ue
305 2531 401 2569 aeger

173 2568 322 2607 fert-ado
342 2585 402 2609 rc-

171 2624 293 2658 r=tdio
312 2636 377 2676 par

174 2673 230 2711 fv.

217 2744 408 2781 Otrocirca

175 2787 339 2846 ἶζγεὶῖὲιψ
350 2811 393 2846 y-

174 2858 262 2885 ndis
289 2862 354 2883 uon

174 2900 381 2936 affiibenda

177 2951 227 2985 est
266 2965 295 2988 1.
327 2954 383 2989 Ne

389 2966 407 2989 C

174 3001 216 3033 ii>
239 3005 298 3050 -rui
314 3016 402 3039 acu-

179 3063 257 3091 [05

284 3123 313 3136 Α,

224 3134 234 3150 7
281 3136 354 3156 ΝΜ·

370 3124 409 3160 iis

437 121 538 182 '346
796 116 909 164 DE
977 115 1351 163 MoRBts
1418 112 1928 163 VENERI-218.

439 214 638 263 quocum
665 199 946 246 mercuriales
977 213 1148 244 atomos
1179 196 1230 243 ea
1259 195 1505 260 quantitate
1533 197 1758 245 hausturus
1789 197 1879 249 est,
1921 211 2016 260 quae
2045 199 2291 250 curationi⁴

440 264 640 311 sufficiat.
685 266 730 311 Si
750 263 894 310 infans
913 263 1021 310 vero
1037 267 1124 325 jam
1143 262 1166 307 τὶ
1188 261 1362 307 nutrice
1382 259 1625 310 summotus
1645 263 1781 310 fuerit
1794 296 1806 316 ,
1825 261 2013 326 ipsemet
2031 260 2119 310 fine
2138 283 2268 313 cunc·

442 331 613 376 tatione
639 330 857 375 curandus
886 327 945 375 est
963 362 976 380 ,
1010 328 1082 373 vel
1110 326 1356 391 praeparatis
1383 327 1725 374 Mer-curialibus
1747 325 1922 374 interne
1953 325 2133 390 sumptis
2152 363 2165 382 ‚
2195 331 2268 379 vel

440 396 565 459 quod
581 395 714 441 tutius
728 393 886 441 censeo
904 427 915 445 ‚
935 390 1267 438 munitionibus
1285 408 1338 437 ex
1355 392 1602 438 Mercurio.
1641 396 1742 439 Nec
1757 392 1899 439 obstat
1916 389 2019 436 huic
2035 391 2270 458 therapeiae

440 478 540 506 aetas
569 458 798 512 tenerior,
830 456 931 503 cum
958 456 1092 502 facile
1117 454 1166 501 fit
1197 455 1437 520 prudenti&
1461 461 1508 503 &
1542 456 1722 504 consilio
1753 455 1937 504 infantis
1966 455 2270 506 incolumitati

441 524 692 574 consulere.

502 599 568 637 60.
606 589 732 635 ldem
761 585 1005 632 dicendum
1026 585 1081 631 de
1108 583 1284 631 senibus
1299 618 1311 637 ,
1331 584 1409 647 qui
1431 584 1460 629 si
1479 585 1550 631 lue
1573 585 1764 632 venerea
1786 585 2096 632 laboraverint
2111 621 2124 639 ,
2153 586 2270 635 illitu

438 653 701 703 Mercuriali
728 670 781 698 ex
800 666 894 696 arte
923 650 1111 695 curandi
1129 648 1227 694 sunt
1243 683 1256 701 ,
1276 666 1543 712 quamquam
1574 650 1820 714 depontani
1840 656 1887 695 ὃς
1905 651 2125 715 decrepiti
2146 685 2159 704 ,
2190 651 2268 700 sed

439 721 491 768 εὲ.
512 718 729 767 methodo
751 714 962 768 curandi,
981 715 1067 779 quai
1087 714 1368 778 depontanos
1387 719 1432 760 δε
1452 714 1706 779 decrepitos
1723 732 1877 761 curare
1895 715 2026 762 decet
2048 722 2092 763 ὃς
2112 716 2234 763 licet.

985 921 1034 974 C
1095 922 1146 972 A
1206 919 1245 972 P
1307 923 1358 974 U
1413 920 1464 972 T
1582 923 1632 974 V
1695 923 1737 979 Ι.

847 1051 920 1095 De
958 1044 1309 1114 Praeparatione
1343 1038 1413 1090 ad
1449 1038 1863 1113 hydrargyrtssm.

543 1169 579 1212 A
596 1183 622 1212 T
639 1183 653 1211 1
672 1182 689 1211 s
725 1167 892 1212 constat
923 1183 977 1211 ex
1003 1164 1084 1218 iis,
1114 1183 1207 1229 quae
1226 1162 1353 1229 supra
1384 1164 1500 1210 dista
1520 1163 1617 1209 sunt
1650 1164 1745 1210 Lib.
1764 1182 1802 1210 2.
1820 1180 1911 1231 cap.
1930 1184 1970 1226 9.
1995 1164 2115 1213 virus
2134 1180 2272 1211 vene-

446 1173 518 1283 S
542 1249 667 1278 reum
695 1231 814 1276 nulla
841 1230 1061 1277 methodo
1094 1232 1286 1276 certiore
1303 1263 1316 1282 ‚
1353 1229 1518 1275 tutiore
1540 1262 1553 1281 ‚
1580 1227 1828 1276 efficaciore
1858 1231 2090 1296 profligari
2123 1229 2241 1295 posse
2259 1261 2274 1280 ‚

441 1298 578 1361 quam
598 1294 925 1359 hydrargyrofi.
967 1295 1055 1340 Hic
1077 1312 1186 1358 ergo
1220 1312 1310 1340 non
1331 1294 1386 1340 de
1413 1311 1578 1356 genere
1599 1294 1829 1341 medicinae
1846 1329 1859 1348 ‚
1889 1314 1984 1360 quae
2004 1294 2271 1341 confirmato

441 1361 607 1407 morbo
626 1379 819 1407 venereo
840 1360 1063 1406 conducat
1078 1393 1090 1411 ,
1107 1360 1180 1406 sed
1196 1359 1253 1406 de
1275 1359 1504 1405 medicinae
1521 1358 1658 1404 modo
1674 1360 1880 1421 quaeritur
1901 1395 1913 1414 ‚
1927 1361 2013 1406 hoc
2033 1361 2091 1407 est
2103 1359 2158 1404 de
2176 1374 2274 1405 rec-

445 1426 492 1472 ῑὲι
512 1427 821 1471 ὶηιιηὲὶὶοιωιῃ
837 1424 1167 1471 mercurialium
1197 1423 1576 1469 administratione
1594 1422 1680 1469 five
1699 1424 2008 1489 hydrargyrosi
2027 1443 2037 1477 3
2057 1423 2274 1486 siquidem

443 1492 584 1542 tristi,
616 1490 690 1536 sed
720 1489 909 1535 nimium
938 1487 1163 1552 frequenti
1183 1487 1457 1552 experientia
1481 1504 1759 1552 compertum
1783 1491 1868 1542 est,
1892 1491 2003 1536 hanc
2025 1487 2163 1552 ipsam
2188 1486 2274 1547 hy„

441 1554 737 1618 drargyrofim
754 1589 765 1606 ,
793 1554 870 1600 etsi
898 1554 1096 1618 periculo
1126 1569 1252 1600 vacet
1284 1552 1367 1598 rite
1394 1552 1596 1598 adhibita
1615 1585 1627 1604 ,
1654 1569 1836 1614 gravem
1864 1554 1950 1600 esse
1971 1588 1984 1606 ‚
2009 1551 2239 1598 difficilem
2259 1584 2275 1604 ,

444 1625 493 1666 &
520 1618 771 1684 periculosae
793 1621 967 1684 plenam
996 1619 1097 1664 aleae
1117 1652 1128 1670 ‚
1150 1617 1179 1663 fi
1201 1618 1368 1664 temere
1385 1651 1397 1669 ‚
1419 1617 1673 1680 praepostere
1688 1650 1699 1669 ,
1729 1617 2137 1669 inconsideranter,
2163 1632 2276 1680 prae-

441 1685 633 1749 propere
670 1684 1010 1730 administretur.
1058 1683 1285 1741 Quocirca
1319 1698 1450 1727 cauto
1484 1699 1594 1744 opus
1626 1681 1686 1727 est
1715 1715 1728 1732 ,
1764 1682 2004 1746 seduloque
2034 1681 2279 1746 provideri·
2313 1722 2315 1724 .

443 1749 552 1795 dum
572 1783 583 1801 ‚
621 1756 680 1793 10.
715 1750 840 1807 Quid
862 1749 963 1795 ante
983 1781 996 1800 ‚
1030 1757 1093 1793 2⁰.
1118 1747 1243 1807 Quid
1263 1764 1371 1811 per,
1411 1755 1471 1808 3⁰.
1505 1745 1630 1804 Quid
1649 1746 1740 1809 post
1758 1746 2120 1811 hydrargyrosim
2145 1762 2277 1810 pera-

444 1814 642 1877 gendum
669 1812 732 1858 sit.

508 1882 625 1923 Ante
648 1876 1006 1939 hydrargyrosim
1039 1875 1269 1939 prudentis
1290 1873 1462 1920 Medici
1494 1872 1692 1920 officium
1734 1877 1792 1921 est
1819 1876 1873 1922 ad
1911 1891 2103 1940 quatuor
2132 1890 2279 1921 atten-

445 1941 579 1988 dere:
620 1949 679 1985 10.
713 1945 778 1985 Ut
798 1940 982 2004 praesens
1008 1942 1113 2002 eegr-‘1
1140 1942 1269 1986 status
1304 1939 1533 1985 Mercurio
1565 1939 1757 1984 ferendo
1780 1959 1855 2003 par
1876 1940 1924 1986 fit
1946 1960 1956 1986 ι
1996 1948 2059 1985 20.
2078 1943 2145 1985 Ut
2167 1939 2274 1986 anni

446 2007 673 2070 tempestas
702 2005 901 2050 remedio
921 2004 971 2049 sit
989 2021 1269 2068 opportuna:
1314 2012 1373 2064 30.
1406 2006 1471 2047 Ut
1490 2003 1680 2065 diligens
1699 2003 1963 2051 adhibeatur
1984 2005 2243 2067 pra-’paratio
2257 2038 2271 2057 ,

445 2071 532 2135 qua
554 2071 660 2116 vitia
679 2068 900 2132 sanguinis
917 2102 929 2121 ,
953 2068 982 2113 si
1006 2086 1093 2131 qua
1122 2067 1293 2115 fuerint
1314 2101 1325 2119 ,
1354 2068 1616 2119 emendari,
1636 2073 1693 2113 ·&
1713 2085 1838 2114 noxae
1865 2087 1957 2132 quae
1975 2068 2028 2114 ab
2049 2068 2127 2114 usu
2148 2071 2277 2115 Mer-

445 2135 559 2182 curii
578 2135 840 2199 plerumque
859 2134 1096 2179 imminent
1110 2167 1121 2184 ‚
1142 2133 1356 2179 declinari
1377 2131 1534 2196 posfint
1556 2151 1566 2177 z
1601 2140 1669 2189 4⁰.
1688 2133 1882 2180 Demsrm
1901 2149 1948 2179 ut
1967 2135 2083 2180 reeta
2114 2132 2165 2178 fit
2197 2149 2277 2179 un-

446 2202 604 2265 guenti
623 2198 897 2246 mercurialis
911 2232 923 2251 ,
946 2197 1069 2262 quod
1090 2198 1205 2243 illini
1226 2196 1362 2244 debet
1376 2230 1389 2249 ,
1412 2196 1690 2261 compositio.

448 2340 487 2387 §-
533 2334 567 2375 Ι.
618 2331 723 2376 AN
787 2329 1164 2374 PRAESENS
1221 2329 1434 2372 AEGRI
1496 2327 1813 2372 STATUS
1879 2327 2274 2373 FERENDO

1025 2407 1337 2437 REMEDIO
1394 2406 1516 2437 PAR
1570 2402 1703 2437 SIT?

515 2521 654 2568 Circa
683 2519 877 2585 primum
907 2534 1029 2566 certa
1050 2521 1108 2566 est
1141 2524 1186 2566 ὃ(
1208 2519 1261 2565 ab
1283 2519 1491 2566 omnibus
1511 2517 1697 2565 definita
1717 2517 1788 2563 lex
1808 2550 1820 2569 ‚
1853 2533 1911 2562 ne
1943 2515 2278 2578 hydrargyrosis

451 2586 684 2649 aegrotanti
704 2585 781 2631 ulli
800 2584 1064 2631 adhibeatur
1084 2618 1096 2636 ,
1115 2585 1192 2648 qui
1211 2601 1263 2630 ex
1283 2584 1446 2630 morbo
1466 2584 1624 2646 quovis
1645 2581 1891 2646 periculose
1914 2577 2175 2632 decumbat,
2202 2595 2278 2626 aut

451 2669 587 2714 quem
608 2651 726 2695 vires
752 2649 914 2695 morbo
934 2682 947 2701 ,
978 2666 1142 2695 venere
1160 2682 1173 2701 ‚
1201 2649 1352 2695 labore
1371 2682 1384 2700 ‚
1415 2648 1564 2694 inedia
1588 2647 1776 2692 nimium
1794 2645 2006 2693 exhaustae
2027 2643 2120 2691 fere
2143 2644 2277 2689 desti-

454 2731 593 2760 tuant.
618 2713 844 2771 Quorsum
860 2714 980 2758 enim
998 2712 1311 2776 conduplicato
1330 2713 1446 2758 malo
1464 2711 1670 2757 morbum
1688 2710 1850 2756 morbo
1866 2709 2031 2755 addere
2045 2742 2058 2760 ,
2077 2713 2123 2754 δε
2138 2725 2277 2771 aegro-

455 2796 550 2824 tum
578 2777 778 2824 remedio
803 2776 975 2822 difficili
1003 2778 1221 2841 imparem
1247 2777 1525 2842 imprudenti
1544 2775 1771 2840 therapeiss.
1787 2774 2037 2820 excruciare
2067 2790 2160 2818 non
2188 2772 2277 2819 fine

451 2844 656 2892 evidenti
675 2842 774 2888 vitae
796 2841 1052 2888 discrimine
1074 2854 1088 2888 ἒ

511 2913 664 2971 Itaque
695 2912 727 2953 I.
764 2905 1088 2969 Hydrargyrosi
1108 2906 1318 2971 perpetuo
1337 2903 1711 2971 supersedendum
1738 2904 1822 2955 est,
1851 2900 2027 2965 quoties
2056 2898 2274 2964 syphiliti-

454 2990 529 3018 cus
562 2989 693 3018 acuto
721 2970 882 3016 morbo
915 2987 1105 3017 tentatur
1124 3005 1136 3023 ,
1157 2988 1204 3016 ut
1235 2970 1361 3018 febre
1383 2970 1573 3033 maligna
1589 3003 1600 3021 ,
1632 2967 1852 3031 synochss,
1879 2965 2036 3031 lipyria
2053 2999 2066 3018 ,
2087 2964 2277 3010 causone

455 3044 542 3082 &c.
566 3036 804 3100 pleuritide
820 3068 832 3087 ‚
852 3036 1220 3100 peripneumonifi
1236 3070 1247 3087 ,
1268 3037 1517 3099 haemopto'e‘
1542 3040 1629 3080 δίε.

511 3107 527 3146 1
546 3106 578 3146 I.
617 3100 714 3146 Imo
732 3099 838 3145 vero
858 3101 1033 3161 quoties
1052 3100 1214 3147 morbo
1232 3100 1446 3146 chronico
1464 3099 1688 3145 detinetur
1701 3130 1713 3148 ,
1734 3095 1810 3159 qui
1830 3094 2083 3159 deploratus
2103 3088 2173 3135 vel
2193 3086 2274 3133 ad-

177 3190 197 3224 ·1,·
233 3173 407 3210 ιεὶιιυω-
430 3225 433 3229 .
453 3165 639 3212 modum
661 3163 933 3230 periculosus
952 3164 1001 3210 sit
1017 3197 1030 3219 ‚
1056 3180 1105 3212 ut
1128 3164 1333 3231 hydrope
1362 3163 1553 3228 pesteris
1587 3162 1658 3210 vel
1694 3159 1948 3208 abdominis
1977 3153 2241 3203 confirmato
2256 3167 2273 3208 5
