2477 3643
488 121 1297 177 txnzn111.CApur
1359 105 1555 176 viil.

208 217 271 273 3⁰.
299 209 353 256 l'n
369 209 632 256 confirmata
655 209 833 256 tenuior
855 210 971 257 latex
994 209 1217 274 sanguinis
1235 213 1281 257 δε
1306 208 1482 274 limphae
1502 207 1525 255 ὲ
1552 200 1731 255 disciffis
1748 211 1821 258 vel
1837 213 1971 261 erofis

145 275 249 324 vafis
267 273 587 322 exundantium
606 274 743 322 debet
771 274 924 321 sensim
955 294 1032 340 per
1065 275 1366 322 semilaceram
1386 274 1524 320 cutim
1553 290 1781 337 permeare
1801 309 1812 327 3
1839 294 1972 341 atque

145 339 382 387 cuticulam
401 338 475 386 seu
493 338 769 402 epidermida
785 373 798 393 3
819 340 1072 404 ubicunque
1095 340 1292 401 subjeetae
1322 340 1411 385 cuti
1428 338 1565 385 laxius
1582 337 1776 384 adhaeret
1791 373 1804 391 3
1826 340 1971 388 divel-

144 406 236 452 lere
258 409 303 450 &
326 405 373 450 in
392 403 626 465 hydatides
646 403 802 450 inflare
819 439 832 457 3
855 405 925 451 seu
947 405 1152 451 veliculas
1182 404 1278 452 sero
1309 405 1456 468 plenas
1472 437 1485 456 3
1516 401 1743 456 subflavo,
1764 403 1793 448 fi
1811 423 1973 470 purum

138 470 190 516 sit
209 488 220 524 3
241 467 461 515 subrubro
479 503 491 521 3
511 467 540 513 si
560 468 753 515 admistis
774 469 943 533 aliquot
962 468 1185 533 sanguinis
1213 470 1396 532 guttulis
1417 468 1651 515 inficiatur.

205 542 273 593 40.
308 533 505 580 Demum
533 533 580 578 in
610 533 813 598 sphacelo
842 534 1179 580 crass'amentum
1210 534 1430 597 sanguinis
1465 538 1511 579 δέ
1539 533 1713 597 limphae
1731 567 1746 586 3
1767 533 1891 597 quod
1926 534 1974 580 in

139 598 317 646 ruinosa
334 598 468 668 partis
501 599 614 645 strue
636 597 824 663 superest
843 634 856 652 3
893 604 938 645 &
960 598 1130 644 minuta
1151 595 1328 645 frustula
1343 633 1355 651 3
1378 599 1426 644 in
1450 616 1543 662 qua:
1573 597 1692 643 fibrae
1710 633 1722 650 3
1753 599 1974 645 membra-

141 681 207 711 nae
227 696 240 716 3
265 666 365 710 vala
384 662 682 709 conciduntur
700 697 713 716 3
734 663 819 709 unc}
838 663 961 709 simul
981 664 1186 727 permista
1199 698 1211 715 3
1229 662 1411 710 confusa
1427 698 1438 715 3
1457 664 1630 709 subacta
1646 663 1797 709 tabum
1814 666 1975 711 consti-

140 743 272 774 tuunt
291 743 418 792 putre
434 761 446 780 3
468 743 613 773 atrum
644 762 655 780 3
688 729 950 791 graveolens
967 761 979 779 3
999 728 1124 791 quod
1145 728 1327 791 quidem
1347 728 1557 791 liquidius
1578 729 1636 774 est
1650 763 1661 781 3
1683 727 1711 772 si
1745 745 1978 792 gangra-na

144 792 194 838 sit
214 793 262 838 in
288 808 411 857 parte
432 793 559 838 molli
580 827 592 845 3
613 792 691 838 ubi
716 791 816 838 vasa
835 791 1083 856 copiosiora
1100 812 1110 845 3
1130 792 1159 837 si
1188 793 1242 839 ab
1265 792 1484 839 oedemate
1513 792 1588 838 fiat
1612 811 1622 846 3
1644 799 1688 839 δέ
1709 792 1735 837 sl
1756 795 1880 840 nullo
1894 828 1908 846 3
1929 809 1978 841 ut

141 857 190 903 in
221 858 441 904 oedemate
457 891 468 910 ‚
502 857 571 903 vel
605 875 745 921 pauco
780 857 928 904 calore
956 858 1135 920 stipetur
1167 891 1180 910 3
1213 874 1261 904 ut
1294 859 1339 904 in
1365 857 1632 921 phlegmone
1666 857 1976 913 oedematode3

138 922 264 985 quod
287 922 444 968 contra
479 920 638 986 spissius
667 924 725 968 est
744 927 790 968 &⁷
817 922 1094 968 crassioribus
1113 922 1310 986 partibus
1338 922 1519 968 strietius
1542 921 1734 968 densatis
1765 941 1977 971 corneam

141 988 355 1034 duritiem
377 986 604 1033 interdum
621 987 849 1033 aemulatur
872 1021 884 1038 3
914 986 941 1031 si
963 1004 1196 1050 gangraena
1230 986 1285 1033 ab
1312 986 1666 1033 inflammatione
1687 987 1759 1034 vel
1784 989 1979 1053 ‘erysipe-
1997 999 2006 1003 ”

141 1053 228 1098 late
260 1052 449 1098 oriunda
472 1068 644 1117 partem
675 1051 906 1098 duriorem
937 1056 983 1097 ὅ(
1017 1051 1285 1115 exsanguem
1316 1067 1532 1116 occupet,
1554 1050 1598 1098 δε
1619 1050 1650 1097 fi
1668 1070 1770 1101 cum
1800 1053 1978 1101 intenso
2002 1108 2008 1120 ‚

145 1116 294 1164 calore
322 1116 521 1163 invadat.
1702 1165 1703 1169 ,

214 1191 274 1241 50.
311 1185 458 1228 Partes
478 1198 571 1245 quae
591 1197 831 1243 gangraenae
851 1179 923 1227 vel
948 1179 1153 1244 sphacelo
1169 1179 1367 1242 subjectae
1395 1196 1469 1228 aut
1487 1182 1708 1231 contiouae
1728 1184 1825 1231 sunt
1844 1217 1856 1237 3
1873 1202 1977 1249 par-

144 1246 329 1311 ticipant
356 1243 454 1311 ipsae
485 1246 630 1291 labem
663 1246 868 1292 eamdem
890 1245 977 1309 quei
1002 1244 1252 1310 sphacelata
1273 1247 1342 1292 vel
1366 1223 1650 1310 gangraenos}
1668 1268 1767 1313 pars
1786 1250 1885 1295 ante
1912 1250 1976 1295 la-

143 1311 347 1356 borabat.
380 1310 557 1357 Debent
574 1327 684 1372 ergo
705 1310 729 1355 a
751 1310 977 1356 virulento
1001 1310 1107 1356 tabo
1123 1345 1134 1363 3
1153 1310 1275 1375 quod
1294 1310 1317 1355 ὲ.
1335 1313 1619 1375 gangraenosfi
1636 1330 1760 1377 parte
1781 1313 1978 1376 undique

144 1375 302 1422 defluit
335 1381 378 1421 δέ
401 1374 483 1421 alte
505 1374 739 1421 imbibitur
757 1409 769 1426 3
789 1375 836 1420 in
861 1375 961 1422 vitii
978 1375 1174 1436 ejusdem
1204 1374 1479 1422 consortium
1500 1377 1625 1422 tanto
1645 1377 1814 1424 facilius
1835 1379 1948 1424 trahi
1967 1397 1979 1431 ’3

140 1455 273 1504 atque
300 1440 412 1487 adeo
427 1439 613 1486 minime
639 1440 802 1485 mirum
816 1441 875 1487 est
899 1440 927 1485 s1
948 1457 1180 1503 gangraena
1202 1439 1516 1505 sphacelusque
1545 1442 1630 1488 alte
1660 1443 1837 1507 lateque
1862 1443 1981 1490 cele·

145 1506 253 1552 riter
273 1504 474 1569 serpant,
497 1510 543 1551 &
574 1521 716 1569 partes
735 1504 1022 1569 depascantur
1042 1523 1137 1568 quae
1170 1504 1368 1552 confines
1398 1506 1511 1552 sunt.

212 1579 279 1616 60.
312 1570 424 1618 Vasa
442 1569 699 1634 limphatica
714 1570 736 1613 a
759 1570 1040 1633 gangraenosd
1061 1586 1181 1634 parte
1197 1568 1465 1634 prodeuntia
1482 1571 1527 1618 in
1541 1570 1616 1617 san
1650 1571 1802 1619 uinem
1823 1573 1984 1637 jugiter

157 1635 395 1681 traducunt
421 1650 565 1697 guttas
588 1633 680 1679 tabi
739 1652 813 1680 uas
842 1623 948 1681 iride
979 1635 1189 1680 hauriunt
1209 1668 1221 1686 3
1246 1635 1369 1680 tanto
1394 1636 1577 1699 quidem
1604 1588 1750 1700 §ures
1769 1671 1783 1690 3
1815 1639 1984 1700 quanto

147 1717 383 1763 &ingraena
399 1699 530 1744 latior
552 1703 597 1744 &
620 1652 891 1763 prosiindior
913 1701 997 1750 est,
1018 1704 1063 1745 δέ
1087 1697 1250 1745 foetido
1271 1698 1376 1745 tabo
1405 1701 1542 1764 magis
1571 1700 1718 1748 scatet.
1746 1702 1832 1749 Sed
1849 1718 1985 1766 guttae

146 1764 238 1810 tabi
258 1763 502 1809 istiusmodi
523 1764 570 1809 in
593 1781 725 1809 venas
745 1763 878 1810 semel
899 1763 1049 1809 infusae
1071 1763 1238 1810 debent
1254 1763 1381 1810 insita
1414 1766 1687 1829 proprietate
1723 1765 1986 1829 sanguinem

142 1828 367 1893 inspissare
398 1862 411 1880 3
446 1833 490 1874 δε
517 1828 728 1893 inspislati
762 1828 1000 1874 circuitum
1033 1828 1275 1874 retardare.
1319 1829 1501 1876 Debent
1539 1848 1646 1892 ergo
1674 1832 1767 1895 pari
1798 1850 1982 1896 quoque

147 1895 446 1958 proportione
479 1894 681 1939 nativum
723 1890 947 1955 sanguinis
993 1893 1188 1939 calorem
1215 1892 1484 1941 imminuere
1511 1928 1524 1947 3
1555 1900 1600 1940 &
1629 1895 1780 1941 cordis
1810 1913 1985 1943 motum

148 1958 402 2021 infringere
415 1957 536 2021 quod
553 1958 606 2003 ad
626 1956 952 2004 vehementiam
970 1963 1015 2003 δε
1031 1957 1405 2020 magnitudinem,
1424 1959 1542 2006 unde
1557 1959 1702 2024 pulsus
1716 1961 1762 2006 in
1778 1960 1986 2025 sphacelo

151 2023 312 2072 debilis
330 2029 376 2070 δε
393 2040 551 2087 parvus
569 2021 742 2069 futurus
762 2023 821 2070 est
838 2040 938 2068 cum
958 2022 1150 2069 horrore
1167 2021 1418 2085 frequente.

209 2090 444 2152 Diaegnofis.
484 2096 543 2132 10.
574 2092 635 2133 Ex
659 2087 787 2151 signis
809 2087 855 2132 in
883 2086 1185 2151 descriptione
1212 2087 1443 2152 propositis
1469 2087 1599 2135 facile
1621 2089 1680 2134 est
1710 2103 1804 2135 tum
1832 2090 1983 2138 immi-

149 2168 331 2199 nentem
355 2170 632 2217 gangraenam
651 2152 892 2217 praevidere
907 2186 919 2205 3
940 2168 1033 2198 tum
1046 2152 1340 2217 incipientem
1353 2187 1366 2207 3
1385 2153 1694 2200 confirmatam
1709 2187 1723 2206 3
1742 2154 1790 2200 in
1808 2153 1985 2220 {phace-

151 2219 243 2265 lum
267 2218 537 2281 degenerem
560 2217 837 2280 dignoscere.

213 2292 275 2328 2⁰.
309 2284 492 2329 Limites
521 2283 680 2346 quibus
712 2299 947 2346 gangraena
980 2281 1359 2330 circumscribitur
1378 2315 1390 2334 3
1407 2281 1503 2329 visu
1530 2285 1734 2347 tactuque
1759 2300 1911 2348 patent
1935 2303 1984 2333 ut

148 2347 394 2456 plurimum
412 2366 424 2400 3
445 2348 548 2393 hinc
569 2364 678 2411 ergo
697 2346 828 2393 facile
847 2347 1061 2406 judicium
1083 2348 1232 2409 quales
1250 2347 1491 2410 quantasve
1508 2365 1651 2412 partes
1666 2366 1854 2413 occupet
1869 2384 1881 2403 3
1900 2351 1984 2398 sci-

169 2429 181 2457 1

186 2427 255 2457 cet
275 2430 329 2456 an
359 2413 620 2474 praeputium
638 2446 650 2464 3
673 2411 880 2456 balanum
898 2410 1144 2457 fraenumve
1170 2411 1217 2455 in
1238 2413 1343 2457 viris
1364 2430 1374 2465 3
1397 2430 1451 2457 an
1480 2411 1597 2459 labia
1626 2414 1766 2459 vu‘lvae
1792 2446 1803 2465 3
1834 2431 1985 2477 ptery-
2008 2414 2011 2418 ”

149 2477 253 2538 gia,
291 2475 547 2521 clitoridem
574 2475 891 2539 praeputitunve
918 2476 1138 2521 clitoridis
1163 2476 1210 2521 in
1240 2476 1501 2524 mulieribus
1532 2496 1543 2530 3
1569 2496 1622 2525 an
1654 2478 1879 2526 cristarum
1910 2478 2012 2526 aut'·

148 2540 339 2586 ficorum
356 2538 577 2602 fastigium
598 2540 799 2604 ipsumve
816 2542 888 2585 ani
910 2540 1128 2586 ambitum
1146 2540 1192 2585 in
1215 2540 1389 2593 cinaedis
1410 2554 1424 2586 ἓ

218 2613 280 2666 30.
316 2605 583 2650 Cavendum
600 2621 747 2650 tamen
764 2622 819 2650 ne
845 2623 897 2651 ex
927 2606 1126 2668 praeputii
1147 2605 1411 2651 conditione
1430 2605 1487 2652 de
1513 2607 1622 2651 statu
1650 2605 1798 2652 balani
1828 2606 1904 2669 qui
1936 2606 1986 2654 in

152 2668 339 2732 phimosi
372 2668 519 2715 subtus
536 2669 647 2714 latet
662 2702 673 2721 3
696 2669 861 2715 temere
894 2670 1106 2725 iudicium
1135 2669 1212 2715 fiat
1231 2688 1242 2722 3
1259 2672 1422 2716 constat
1443 2671 1564 2717 enim
1582 2672 1855 2735 experientia
1875 2689 1986 2734 gan-

154 2733 355 2795 graenoso
377 2734 587 2798 praeputio
616 2733 835 2780 illibatum
864 2734 1072 2780 balanum
1089 2733 1318 2780 interdum
1337 2735 1538 2781 recondi.
1568 2736 1795 2794 Quocirca
1814 2754 1986 2800 praepu»

157 2798 268 2842 tium
290 2798 457 2843 incifim
484 2797 711 2844 diffeetum
735 2798 788 2843 ad
823 2799 985 2863 postica
1013 2798 1341 2846 revolvendum
1361 2801 1445 2853 est,
1465 2816 1513 2846 ut
1542 2801 1599 2848 de
1628 2800 1792 2848 retecta
1821 2801 1987 2864 glande

155 2861 348 2927 apertius
375 2862 619 2924 certiusque
648 2865 834 2908 statuere
854 2863 997 2909 liceat.

220 2935 288 2983 40.
318 2928 385 2970 Ut
399 2926 627 2972 aestimetur
648 2944 886 2989 gangraenae
906 2926 1096 2972 altitudo
1116 2960 1128 2979 3
1146 2925 1408 2987 conjecffhiris
1425 2925 1608 2972 minime
1624 2926 1854 2974 fidendum
1872 2962 1886 2982 3
1907 2929 1982 2977 sed

155 3008 253 3056 pars
292 2989 445 3037 affecta
472 2990 672 3036 incisuris
702 2990 895 3052 ebusque
924 2990 1207 3037 scarificanda
1233 2992 1292 3037 est
1326 3024 1338 3043 3
1375 2991 1483 3036 dum
1521 2990 1786 3038 incisionum
1815 2991 1981 3041 fundus

157 3056 308 3102 doleat
326 3089 338 3107 3
363 3060 406 3101 δε
427 3055 638 3100 floridum
660 3053 918 3118 sanguinem
939 3056 1128 3101 emittat.
1156 3056 1276 3102 Hinc
1298 3055 1419 3101 enim
1448 3055 1570 3102 certo
1590 3059 1755 3102 constat
1774 3062 1820 3103 δέ
1841 3058 1897 3108 de
1916 3061 1985 3108 vi-

155 3120 239 3169 tali
260 3120 549 3180 subjectarum
569 3120 761 3184 partium
780 3121 885 3166 statu
903 3153 916 3172 3
940 3125 985 3166 δέ
1010 3121 1065 3166 de
1084 3119 1331 3184 superjectae
1354 3138 1593 3184 gangraenae
1609 3121 1856 3170 altitudine.

228 3194 289 3249 50-
323 3185 487 3245 Cautio
522 3185 684 3241 eadem
707 3183 998 3257 adhibendag
1035 3185 1210 3254 quoties
1243 3185 1299 3248 de
1323 3185 1556 3258 gangraena
1594 3187 1728 3298 pagis
1758 3188 1983 3252 cujusdam

1683 3255 1707 3298 ¹‘1
1725 3268 1771 3297 m

1852 131 1949 194 '273'
1988 121 1997 129 ’

2052 236 2082 269 3.
2098 226 2256 264 Veficnz

2021 277 2062 313 1ae
2083 276 2159 315 sero
2178 280 2254 332 ple-

2019 341 2082 368 nae.

2075 556 2118 595 '4.
2171 551 2256 589 ''sa-

2024 598 2112 637 bam
2133 627 2144 643 3
2187 603 2222 637 iu

2028 653 2126 703 quod
2171 666 2256 704 pars

2028 704 2161 743 affecta
2176 705 2255 745 <iis-

2027 755 2193 799 solvitur.
2226 754 2234 760 “

2082 1207 2123 1240 5.
2153 1197 2260 1234 Ceret

2027 1255 2226 1296 gangiacus&

2028 1309 2220 1353 propaga-

2028 1359 2095 1384 [10-

2069 1581 2105 1609 6-
2136 1575 2266 1617 Pulsus

2028 1624 2153 1665 debilis
2193 1635 2229 1667 δε

2028 1692 2166 1734 parvus
2177 1694 2262 1724 cum

2032 1733 2208 1777 horrore.

2063 2095 2261 2147 Diagnosisi

2005 2151 2009 2154 ’
2029 2159 2242 2200 gangraenae.

2070 2302 2261 2355 Limitumg‘

2054 2975 2064 2982 -
2081 2925 2267 2977 Altitudk

2029 2988 2096 3025 nis,
