2477 3643
245 2553 349 2591 Olim
367 2560 450 2587 cte-

220 2604 336 2644 ditum
355 2603 424 2640 fuit

218 2659 316 2696 luem
341 2668 451 2695 vene-

221 2722 429 2749 teanncons

221 2763 368 2812 tagione
392 2762 427 2797 in

220 2814 352 2851 distans
378 2813 453 2850 ser-

222 2879 303 2919 P1'1‘C
325 2878 426 2903 mete

222 2920 341 2970 pestis⁴

287 3023 344 3064 Ab
378 3024 452 3060 hoe

219 3075 433 3132 praejudicio

221 3143 313 3168 ortae
333 3132 412 3166 sunt

222 3185 336 3236 Leges
371 3179 453 3219 latae

472 138 547 184 274
811 118 1982 170 DEM’0R131stNERE-1s.

481 202 612 253 alias,
639 216 735 266 quae
757 201 964 249 omnium
987 200 1214 249 notiffimae
1243 215 1371 248 erant
1389 234 1401 254 ‚
1422 205 1467 247 &
1487 203 1608 251 unde
1628 202 1811 251 morbus
1828 203 1885 250 ad
1910 219 1991 250 nos
2010 199 2122 252 olim
2139 201 2312 252 deved-⁴

481 284 552 314 tus
578 267 636 313 est
662 301 675 320 ‚
709 271 795 327 jam
824 266 990 313 dudum
1025 269 1203 314 vastatas
1237 271 1281 312 δε
1315 266 1474 312 incolis
1506 268 1729 316 exhaustas
1759 268 1877 321 esse3
1903 284 2036 334 atque
2059 268 2172 316 adeo
2197 268 2310 316 nihil

481 331 593 379 inde
620 332 675 378 ad
710 350 791 379 nos
828 331 1053 397 apportari
1090 335 1179 394 jam
1206 329 1391 394 amplius
1422 331 1541 396 porse
1568 352 1581 387 ·‚
1616 333 1741 397 quod
1763 335 1977 381 convenit
2006 332 2155 380 Insulae
2181 336 2313 380 Haiti

478 395 560 444 seu
581 399 857 462 Hispaniolae,
883 395 1138 458 caeterisque
1160 395 1431 442 continentis
1460 398 1674 445 Americae
1698 399 1958 462 regionibus
1985 397 2276 446 calidioribus
2295 429 2310 451 .

481 479 673 528 quarum
701 462 922 524 indigena:
943 461 999 506 ab
1019 460 1228 525 Hispanis
1249 464 1335 520 jam
1356 460 1533 525 pridem
1548 462 1859 511 internecione
1880 464 2017 511 deleti
2035 462 2148 508 sunt.

551 536 615 573 20.
643 530 763 573 Cum
790 526 1016 571 nonnullis
1041 526 1135 571 aliis
1156 526 1367 572 harumce
1393 527 1627 590 regionum
1653 528 1716 574 ita
1748 546 1846 574 rara
1870 528 2000 574 nobis
2030 526 2314 575 intercedere

482 593 785 642 commercia,
802 590 839 635 si
865 608 951 654 qua
973 607 1108 654 porro
1128 590 1409 637 intercedant
1425 625 1438 643 ,
1466 609 1514 638 u:
1540 594 1615 639 vix
1635 593 1724 638 ulla
1750 592 1958 639 morbosa
1985 591 2172 639 seminia
2203 590 2310 657 pos-

479 656 568 704 sint
595 656 699 703 hinc
720 657 921 707 traduci,
947 654 1071 718 quod
1092 655 1359 720 potissimum
1378 674 1536 703 verum
1553 659 1611 704 est
1631 658 1688 704 de
1706 657 1998 704 interioribus
2017 657 2178 704 Africae
2209 661 2316 703 Pro-

483 723 646 770 vinciis
667 755 679 774 ,
698 721 901 785 adeoque
916 720 972 767 de
988 721 1154 784 Regnis
1173 721 1441 768 Tomboufiou
1460 722 1509 769 ὠ
1531 724 1648 770 Meli
1666 761 1681 777 ,
1700 722 1780 769 ubi
1793 724 1913 771 luem
1930 740 2169 771 veneream
2197 721 2317 769 anti-

489 788 640 853 quitus
660 789 815 849 vigere
835 784 1046 832 creditur.

561 862 623 912 30.
657 852 752 897 Imo
779 851 899 897 virus
926 851 1026 896 raro
1045 849 1224 914 concipi
1241 850 1289 896 in
1310 850 1475 898 caereris
1500 849 1757 914 regionibus
1784 850 2123 913 hujuscemodi,
2150 852 2199 898 in
2231 849 2320 898 illis

485 917 625 963 etiam
648 934 749 962 cum
774 914 934 979 quibus
955 915 1236 979 frequentior
1253 918 1313 962 est
1332 915 1553 962 societatis
1581 915 1678 962 usus
1699 923 1744 962 &
1764 921 1904 978 major
1925 916 2202 964 consuetudo
2222 949 2235 969 ‚
2270 930 2318 962 ut

486 979 590 1028 sunt
611 981 840 1028 indiarum
860 982 1163 1028 Orientalium
1191 997 1279 1025 orae
1300 986 1345 1026 &
1364 998 1520 1028 omnes
1542 979 1694 1026 Insulae
1714 999 1793 1045 per
1827 999 1948 1029 mare
1974 982 2181 1029 Indicum
2200 981 2322 1046 spar-

485 1045 539 1093 sae
555 1081 568 1100 ‚
587 1048 804 1111 quoniam
830 1048 1057 1111 postquam
1085 1044 1223 1092 semel
1248 1046 1448 1091 innotuit
1469 1047 1675 1110 exemplo
1694 1046 1777 1092 luis
1799 1064 2000 1094 venereae
2016 1080 2030 1100 ,
2057 1065 2152 1110 quae
2177 1047 2224 1093 in
2241 1049 2322 1092 Eu-

484 1112 597 1177 ropa
615 1112 824 1176 grassatur
846 1145 858 1164 ,
885 1128 1109 1158 venenum
1138 1110 1384 1157 concubitu
1411 1109 1531 1175 posse
1556 1111 1762 1156 contrahi
1780 1145 1791 1163 ,
1823 1111 1968 1158 solent
1992 1113 2064 1159 vel
2084 1110 2321 1177 perditissi-

484 1180 552 1226 mi
570 1176 778 1225 attentius
797 1175 878 1222 sibi
906 1194 1065 1224 cavere
1091 1174 1146 1222 ab
1171 1175 1459 1241 imprudente
1482 1181 1529 1222 δε
1556 1175 1720 1223 vesano
1749 1175 1827 1223 usu
1846 1177 2019 1224 veneris
2039 1194 2140 1223 cum
2161 1177 2324 1224 mulie-

487 1242 612 1290 ribus
635 1241 852 1289 barbaris.

550 1318 618 1367 40.
658 1307 795 1365 Quod
818 1305 847 1351 si
869 1306 977 1353 verb
998 1305 1241 1370 contigerit
1271 1305 1511 1369 aliquando
1530 1305 1787 1370 quempiam
1822 1304 1911 1352 illic
1931 1306 2140 1369 contagio
2171 1305 2325 1371 primi-

484 1374 625 1436 genio
645 1372 972 1424 contaminari,
992 1387 1040 1417 ut
1062 1370 1289 1418 interdum
1310 1369 1408 1418 fieri
1433 1369 1603 1417 inficias
1620 1372 1685 1418 ire
1711 1371 1856 1417 nolim
1870 1405 1883 1423 ,
1903 1369 2072 1418 efficaci
2095 1371 2324 1418 remedio-

488 1455 590 1484 rum
619 1438 783 1484 auxilio
816 1437 1023 1483 celeriter
1055 1435 1134 1482 sibi
1164 1435 1416 1500 prospicere
1435 1469 1448 1489 ‚
1476 1452 1610 1499 atque
1645 1435 1760 1482 adeo
1790 1433 1846 1481 slc
1876 1435 2082 1501 abrumpi
2118 1437 2324 1501 protinus

489 1501 771 1550 succeffivam
809 1501 1090 1565 contagionis
1119 1517 1321 1547 catenam
1341 1534 1355 1553 ,
1387 1518 1483 1564 quae
1523 1499 1663 1565 poss‘et
1693 1500 1893 1564 alioquin
1915 1519 2056 1548 novas
2089 1501 2324 1565 tragoedias

487 1567 641 1616 forsan
668 1569 877 1614 excitare.
910 1570 963 1612 Et
987 1565 1088 1611 sane
1118 1565 1303 1629 quidem
1318 1599 1331 1618 ,
1361 1566 1466 1612 licet
1487 1565 1691 1631 Europaei
1717 1570 1804 1628 jam
1824 1566 1848 1611 a
1869 1565 2071 1613 ducentis
2091 1568 2215 1613 annis
2230 1565 2323 1614 fere

488 1650 647 1680 ornnes
674 1632 778 1679 Afiae
805 1649 904 1678 otas
937 1630 1166 1677 &Insulas
1197 1629 1350 1677 sedulb
1381 1632 1661 1678 lustraverint
1679 1663 1692 1683 ,
1713 1648 1761 1676 ac
1789 1630 1898 1678 inde
1922 1629 2073 1677 forsan
2098 1649 2324 1679 venenum

489 1715 737 1746 venereum
762 1698 819 1745 de
845 1715 967 1743 novo
995 1713 1088 1742 non
1115 1695 1250 1742 semel
1273 1695 1527 1748 hauserint,
1543 1698 1710 1742 constat
1733 1711 1884 1743 tamen
1908 1697 2185 1762 experientia
2202 1698 2323 1744 luem

490 1781 734 1810 veneream
764 1763 858 1828 pari
892 1760 1011 1825 paffu
1046 1778 1123 1826 per
1150 1760 1272 1807 idem
1298 1776 1470 1825 tempus
1505 1762 1552 1806 in
1590 1762 1685 1808 dies
1713 1761 1964 1824 mitigatam
1993 1759 2079 1809 esse
2097 1796 2110 1814 ,
2144 1762 2265 1809 unde
2295 1760 2326 1808 fi

489 1826 703 1892 frequens
723 1845 824 1874 cum
848 1826 1047 1873 Asiaticis
1067 1825 1351 1872 consuetudo
1369 1860 1381 1879 ,
1403 1824 1434 1871 fi
1454 1842 1686 1891 acceptum
1702 1825 1958 1873 identidem
1989 1825 2044 1872 ab
2078 1826 2164 1873 illis
2185 1845 2326 1875 vene»

491 1909 602 1941 num
622 1895 831 1939 haetenus
853 1909 944 1938 non
959 1891 1214 1938 obstiterint
1242 1908 1298 1937 ne
1323 1891 1414 1938 lues
1444 1889 1600 1938 sensim
1625 1893 1672 1937 in
1700 1891 1794 1938 dies
1813 1891 2115 1938 remitteretur
2133 1925 2146 1944 ,
2167 1892 2327 1940 con‘se-

490 1975 634 2021 quens
655 1958 741 2004 effe
761 1957 942 2004 videtur
960 1955 1060 2003 fore
1079 1990 1092 2009 ‚
1122 1971 1170 2002 ut
1196 1956 1242 2001 in
1264 1957 1487 2020 posterum
1516 1955 1650 2002 causae
1681 1956 1847 2002 eaedem
1870 1956 1990 2001 haud
2014 1954 2232 2002 efficacius
2252 1972 2329 2003 va·-

490 2022 613 2070 leant
641 2024 810 2069 obstare
831 2056 844 2075 ,
865 2040 942 2068 cur
961 2021 1121 2068 eadem
1135 2022 1227 2068 lues
1244 2021 1384 2084 magis
1400 2039 1449 2067 ac
1465 2023 1606 2086 magis
1628 2037 1865 2071 extenuata
1880 2021 2122 2085 aliquando
2145 2022 2330 2069 tandem

490 2088 667 2153 penitus
686 2105 779 2134 non
798 2085 1045 2134 evanescat.

545 2419 618 2465 De
648 2410 857 2485 Legibus
882 2416 1003 2467 olim
1013 2414 1232 2485 fimitis
1259 2415 1315 2464 in
1347 2431 1455 2475 eos,
1489 2415 1580 2486 qui
1610 2416 1690 2467 lae
1720 2411 1939 2466 venerea*
1969 2408 2272 2466 laborabant.

500 2536 606 2646 C
624 2541 665 2584 R
682 2555 704 2585 E
723 2556 750 2584 o
767 2557 788 2586 ε
807 2558 830 2586 Β
846 2554 879 2586 Α
893 2557 920 2585 τ
939 2555 967 2586 υ
987 2556 1019 2585 n
1053 2538 1146 2585 lues
1185 2553 1377 2584 venerea
1395 2569 1408 2589 ‚
1442 2536 1544 2583 cum
1576 2538 1770 2603 primum
1803 2539 1852 2584 in
1886 2535 2062 2601 Europ&
2092 2534 2295 2600 apparuit
2312 2567 2326 2588 ‚

629 2604 754 2668 pestis
781 2605 911 2651 instar
939 2603 994 2650 ab
1022 2602 1197 2649 infectis
1223 2604 1272 2648 in
1303 2600 1427 2647 sanos
1456 2600 1726 2666 contagione
1747 2605 1794 2649 in
1827 2602 1985 2649 distans
2018 2600 2192 2664 serpere
2219 2599 2331 2655 allo-

498 2667 606 2730 quio
626 2701 638 2720 ,
669 2670 877 2714 convictu
895 2703 907 2721 ‚
928 2668 1007 2715 usu
1036 2667 1134 2713 vitae
1153 2667 1402 2712 communis
1422 2698 1436 2718 ,
1461 2673 1547 2713 &c.
1569 2669 1694 2730 aegris
1728 2667 1894 2715 scilicet
1913 2683 2072 2713 verum
2091 2665 2329 2726 contagio-

501 2732 569 2777 nis
596 2733 781 2778 modum
814 2734 945 2779 initio
975 2731 1046 2779 vel
1079 2729 1390 2795 ignorantibus
1418 2731 1489 2778 vel
1516 2731 1896 2778 dissimulantibus.
1926 2730 2037 2776 Inde
2068 2728 2236 2775 fluxere
2264 2728 2332 2775 le-

500 2813 577 2860 ges
604 2796 685 2842 illae
707 2831 718 2849 ‚
745 2815 839 2861 quae
867 2799 914 2843 in
937 2795 1125 2843 infestos
1157 2796 1267 2841 olim
1299 2795 1393 2840 latae
1425 2793 1523 2842 sunt
1549 2796 1597 2841 in
1616 2798 1771 2843 Galliis
1791 2830 1804 2848 ‚
1839 2802 1883 2842 δι’
1907 2794 2066 2859 quibus
2089 2793 2331 2839 incolumi-

501 2862 582 2908 tati
610 2861 793 2927 publicae
814 2861 864 2910 ea
885 2860 1118 2926 diligentia
1136 2858 1460 2925 providebatur
1478 2894 1492 2913 ,
1519 2878 1655 2925 quam
1675 2861 1912 2909 videbatur
1937 2858 2183 2925 praejudicii
2213 2859 2329 2904 ratio

500 2927 731 2992 postulare.

570 2992 641 3038 Sic
672 2993 806 3039 exstat
843 2992 892 3039 in
924 2991 1042 3038 Actis
1062 2988 1245 3038 Senatus
1264 2987 1505 3036 Parifienfis
1526 3023 1538 3041 ,
1559 2989 1733 3055 Registre
1754 2991 1808 3036 du
1830 2990 1989 3050 Consti!
2008 3027 2022 3042 ‚
2057 2985 2274 3033 commence'
2293 2987 2330 3031 le

500 3060 594 3102 mois
615 3057 662 3101 de
684 3058 924 3104 Novembre
947 3064 1068 3116 1496.
1092 3056 1277 3117 finiffant
1298 3071 1351 3100 au
1367 3059 1462 3100 mois
1487 3055 1706 3102 d’Oblobre
1727 3072 1851 3114 ¹497·
1881 3054 1980 3101 cotte'
2013 3052 2091 3098 N⁰
2111 3055 2211 3097 XL.
2233 3052 2326 3096 fol.

498 3140 574 3178 74.
606 3123 722 3167 νεὲἳο.
754 3126 997 3169 Decretum
1037 3121 1191 3167 datum
1223 3135 1316 3164 non
1347 3118 1420 3165 die
1451 3140 1494 3178 4.
1534 3120 1724 3173 Martii,
1756 3137 1805 3166 ut
1843 3118 1981 3166 refert
2013 3120 2326 3185 Fontanonus3

497 3191 539 3233 E
547 3188 644 3233 aifls
670 3186 720 3236 ῤ’
743 3187 1036 3236 Ordonnances
1059 3187 1125 3235 des
1143 3188 1238 3232 Rois
1266 3184 1315 3231 de
1329 3186 1367 3231 F
1371 3200 1493 3235 νήησε
1510 3223 1528 3243 ,
1544 3186 1666 3237 Titre
1684 3189 1747 3235 28.
1777 3183 1854 3232 sed
1871 3183 1947 3231 die
1979 3189 2022 3228 6.
2045 3180 2202 3228 Martii
2222 3193 2326 3228 anm
