2477 3643
562 146 1689 199 'anzntncitvu‘r'vlth
1917 117 2096 221 '1322

179 231 278 283 *illo
303 233 452 282 tamen
480 232 650 298 semper
675 250 768 279 non
795 231 984 297 produci
1008 231 1284 298 experientia
1306 247 1585 297 compertum
1615 235 1676 280 est
1704 252 1717 288 ·,
1743 234 1844 280 ct'im
1877 254 2022 301 aegro-

201 294 393 348 tantium
431 298 633 345 nonnulli
666 298 887 344 Mercurii
921 296 1228 344 efficacitatem
1261 298 1490 345 interdum
1524 299 1771 345 constanter
1809 300 2022 357 eludant',

197 364 555 430 quantacumque
585 377 677 408 arte
709 361 988 408 adhibeatur.
1022 367 1178 426 Itaque
1211 363 1302 408 duo
1335 362 1598 427 explicanda
1625 363 1920 419 incumbunt,
1961 376 2021 413 1⁰.

199 433 293 476 Cur
320 428 572 476 Mercurius
597 427 904 473 salivationem
929 443 1108 474 moveat
1134 427 1351 492 saepissime
1370 461 1382 480 ‚
1408 427 1544 491 quode·
1563 426 1662 475 sane
1693 428 1912 493 explicatu
1933 432 2024 478 dif-

198 494 317 542 ficile
348 495 406 540 est
427 513 436 538 :
463 501 524 538 2⁰.
560 494 654 538 Cur
674 509 763 537 non
795 492 964 556 semper
984 508 1164 539 moveat
1180 527 1193 545 ,
1215 493 1336 557 quod
1360 492 1582 556 explicatu
1608 491 1759 540 forsan
1784 492 2022 542 difficilius.

262 564 295 606 Ι.
328 557 598 604 Dicebamus
626 557 765 605 modo
787 556 863 602 usu
885 557 1103 603 Mercurii
1133 557 1398 604 secretiones
1425 575 1579 603 omnes
1607 561 1896 623 promoveri,
1920 564 2024 608 Vid.

199 625 351 669 Coroll:
372 627 468 668 XI.
504 622 624 668 unde
644 622 749 668 licet
772 621 984 685 colligere
1012 628 1057 668 δε
1088 620 1227 685 ipsam
1262 622 1403 668 salivae
1436 621 1728 670 secretionem
1765 623 2025 673 uberiorem

197 686 315 734 fore.
342 687 455 734 Inde
475 702 624 734 tamen
647 705 738 733 non
759 703 960 751 putamus
983 684 1291 733 salivationem
1318 686 1466 733 arceffi
1492 686 1610 751 poffe
1625 722 1637 741 ‚
1661 688 1801 752 qualis
1833 689 2024 737 inunffis

198 753 432 798 Mercurio
452 750 564 798 solet
586 751 799 798 advenire
817 785 829 804 ‚
851 750 950 797 cum
976 767 1265 814 augmentum
1284 751 1396 798 illud
1426 770 1611 816 paucum
1642 753 1690 798 sit
1708 788 1720 805 ,
1750 771 1894 818 neque
1922 755 2023 802 sali-

198 832 261 863 vae
285 834 371 881 prae
391 817 554 863 caeteris
580 816 842 862 humoribus
861 815 1096 880 peculiare.
1132 820 1191 860 At
1212 815 1364 862 saltem
1385 816 1611 863 censemus
1636 818 1743 865 inde
1763 818 2023 867 ducendum

198 879 283 928 else
318 879 589 929 salivationis
620 880 947 946 primordium,
973 897 1066 944 quae
1091 879 1257 928 deinde
1291 881 1575 946 sequentibus
1614 882 1671 930 de
1706 884 1838 931 causis
1873 885 2023 934 inten-

198 945 346 991 datur.

257 1015 410 1073 Itaque
443 1019 503 1055 10.
536 1015 658 1056 Inter
679 1009 944 1056 secretiones
965 1025 1137 1055 caeteras
1155 1007 1339 1056 secretio
1361 1010 1602 1056 humorum
1629 1010 1992 1077 limphaticorum
2007 1049 2024 1070 ‚

199 1074 340 1121 salivae
365 1080 591 1140 nempe&
611 1075 810 1120 humoris
830 1074 1103 1120 stomachalis
1123 1090 1255 1135 atque
1276 1074 1532 1120 intestinalis
1551 1110 1563 1127 ,
1591 1076 1726 1123 debet
1753 1096 1808 1124 eo
1837 1081 2024 1129 nomine

198 1139 427 1186 uberrima
463 1139 547 1186 esse
566 1173 578 1191 ,
614 1139 736 1201 quod
776 1138 947 1200 sanguis
977 1172 989 1190 ,
1031 1139 1138 1184 dum
1170 1140 1408 1185 'Mercurio
1435 1141 1635 1187 atteritur
1655 1176 1668 1194 ,
1697 1143 1745 1187 in
1773 1143 1986 1209 limpham
2007 1179 2023 1200 ,

199 1203 565 1267 limphaticumve
589 1203 767 1249 laticem
791 1201 883 1248 fere
912 1218 1029 1248 totus
1057 1200 1321 1249 resolvatur.

269 1277 332 1326 20.
364 1268 458 1332 Ipsa
482 1268 590 1314 vero
623 1267 763 1312 salivae
799 1266 982 1312 secretio
1004 1285 1084 1325 prae
1105 1266 1349 1314 secretione
1371 1267 1567 1314 humoris
1597 1270 1870 1317 stomachalis
1889 1278 1935 1319 δε
1954 1274 2043 1320 ἰη-,

198 1332 407 1379 testinalis
441 1332 576 1379 debet
613 1332 718 1378 ideo
749 1331 917 1394 largior
953 1330 1037 1378 effe
1069 1365 1082 1384 ‚
1126 1332 1249 1394 quod
1281 1349 1442 1397 nempe
1474 1366 1486 1385 ‚
1527 1331 1628 1379 cum
1659 1334 1793 1381 saliva
1828 1355 1873 1382 ut
1899 1338 1947 1383 in
1978 1357 2027 1384 os

199 1397 388 1443 confluit
409 1430 420 1448 ‚
441 1398 504 1443 ita
531 1397 620 1443 sine
649 1396 771 1442 mora
808 1412 1023 1460 expuatur
1043 1429 1056 1448 ,
1097 1395 1332 1443 secretoria
1355 1402 1401 1443 &
1434 1399 1683 1445 excretoria
1719 1401 2028 1462 glandularum

199 1461 447 1508 salivalium
479 1461 579 1508 vasa
602 1461 816 1508 liberiora
839 1461 945 1507 inde
968 1460 1048 1506 sint
1066 1495 1078 1512 ,
1104 1477 1235 1524 atque
1264 1462 1376 1508 adeo
1399 1464 1537 1526 inagis
1563 1465 1715 1528 pervia
1734 1499 1746 1517 ‚
1774 1467 1908 1529 qudm
1928 1468 2027 1516 vasa

197 1526 438 1573 secretoria
460 1532 507 1572 δεῖ
527 1527 776 1574 excretoria
799 1525 1038 1574 ventriculi
1065 1531 1109 1571 δε
1137 1527 1447 1574 intestinorum
1467 1562 1479 1580 ,
1501 1544 1549 1573 ut
1574 1547 1666 1591 quae
1688 1530 1710 1574 a
1734 1532 1918 1578 materie
1936 1534 2026 1579 ibi-

197 1592 304 1637 dem
334 1591 517 1637 colletsstii
550 1597 596 1637 δε
631 1593 854 1654 stagnante
873 1625 885 1643 ,
914 1587 1119 1653 sive'jam
1151 1593 1251 1637 ante
1281 1591 1478 1645 secreta,
1512 1592 1600 1640 five
1624 1595 1804 1643 aliunde
1840 1597 2025 1644 devestit

199 1672 456 1720 premantur
480 1662 525 1702 δε
545 1655 849 1702 offerciantur.

269 1729 331 1781 30.
360 1721 430 1766 Sic
452 1738 560 1784 ergo
587 1720 794 1766 omnibus
821 1719 1041 1766 subdustis
1069 1720 1200 1767 saliva
1231 1720 1482 1768 secernetur
1508 1721 1688 1770 uberius
1716 1724 1769 1770 ab
1797 1722 1875 1771 usu
1899 1729 2025 1773 Mer-

199 1785 315 1831 curii
350 1786 514 1832 caeteris
549 1785 758 1831 omnibus
788 1785 1048 1831 humoribus
1069 1820 1080 1838 ‚
1111 1791 1154 1831 &
1186 1786 1230 1832 in
1271 1804 1319 1832 os
1352 1787 1533 1849 largiter
1570 1785 1748 1841 affluet,
1777 1790 1897 1837 unde
1932 1791 2027 1840 fre·

197 1867 338 1912 quens
369 1856 414 1896 &
441 1851 696 1914 importuna
720 1849 910 1914 sputatio
932 1884 943 1902 ,
973 1867 1068 1912 quae
1095 1850 1246 1914 primis
1266 1851 1535 1898 inunirionis
1570 1851 1728 1899 diebus
1759 1853 2025 1920 plerumque

197 1913 458 1960 observatur
478 1949 490 1967 ,
523 1920 569 1960 δε
598 1933 692 1978 quae
712 1914 917 1978 legitima*
945 1913 1195 1960 salivationi
1224 1914 1335 1962 solet
1365 1916 1623 1976 praeludere.

263 1988 330 2036 4⁰.
362 1981 503 2025 Porro
535 1979 667 2025 saliva
685 1979 762 2025 illa
792 1978 1011 2044 copiosior
1029 2013 1042 2032 ,
1073 1997 1167 2042 quae
1195 1980 1241 2025 in
1261 1999 1309 2026 os
1329 1982 1487 2044 jugiter
1507 1981 1694 2027 confluit
1714 2015 1726 2033 ‚
1754 2000 1887 2045 quam
1907 1988 2029 2033 Mer-

197 2045 312 2090 curii
337 2045 474 2090 virtus
495 2043 548 2090 ab
571 2044 724 2090 attrito
750 2044 964 2108 sanguine
986 2044 1031 2089 vi
1055 2044 1178 2090 elicit
1194 2079 1206 2097 ‚
1228 2064 1322 2108 quae
1343 2047 1390 2091 in
1416 2046 1673 2110 syphiliticis
1693 2048 1875 2110 quidem
1902 2047 2028 2096 viru-

197 2109 322 2155 lenta
339 2142 351 2161 ‚
383 2109 432 2154 in
460 2109 513 2155 iis
538 2110 647 2156 verb
665 2110 743 2172 qui
771 2109 963 2174 perfecte
992 2108 1083 2154 sani
1111 2109 1208 2155 sunt
1226 2144 1238 2162 ,
1264 2111 1373 2156 acris
1402 2113 1461 2157 est
1482 2145 1494 2163 ‚
1515 2110 1739 2174 salsaque,
1773 2114 2029 2163 tenuiffimis

195 2173 359 2219 osculis
380 2172 584 2220 vasorum
618 2173 968 2227 muciferorum‚
989 2173 1148 2236 quibus
1179 2193 1227 2220 os
1252 2175 1437 2222 interius
1472 2175 1686 2223 confitum
1714 2179 1773 2223 est
1791 2212 1802 2230 ‚
1835 2179 2025 2227 latenter

193 2237 347 2302 illapsa
367 2239 551 2285 collecto
572 2257 705 2284 muco
734 2237 942 2284 vitiosam
968 2239 1259 2284 acrimoniam
1281 2240 1561 2304 impertitura
1590 2242 1648 2286 est
1665 2273 1677 2293 ,
1713 2242 1798 2303 qua
1824 2242 2025 2292 futurum

197 2319 246 2349 ur
275 2304 350 2349 ille
379 2303 451 2348 sua
481 2303 612 2348 tacite
645 2304 773 2349 rodat
809 2302 1136 2367 conceptacula.
1170 2305 1290 2349 Hinc
1318 2305 1365 2351 in
1400 2306 1506 2351 locis
1536 2305 1624 2350 oris
1642 2339 1655 2357 ,
1683 2305 1760 2351 ubi
1786 2325 2025 2373 concepta-

198 2367 296 2413 cula
329 2367 572 2413 istiusmodi
597 2366 812 2413 mucifera
837 2368 1026 2432 plurima
1057 2369 1277 2431 prostant,
1312 2371 1359 2415 in
1393 2369 1551 2422 labiis,
1581 2368 1731 2416 buccis
1750 2405 1763 2423 ‚
1795 2373 1988 2436 gingivis
2009 2408 2025 2428 3,

198 2431 374 2496 palato,
396 2433 493 2477 imis
528 2431 727 2477 faucibus
746 2466 758 2484 ‚
799 2450 845 2477 ac
879 2431 1115 2495 praesertim
1149 2433 1400 2480 lateralibus
1427 2435 1584 2498 linguae
1608 2435 1804 2498 partibus
1830 2438 2027 2501 primum

197 2496 320 2542 calor
337 2529 349 2548 ‚
378 2496 515 2542 rubor
536 2530 546 2547 ‚
575 2512 725 2542 tumor
742 2530 756 2549 ,
784 2515 832 2543 ac
863 2497 1045 2544 demum
1072 2497 1345 2547 exulceratio
1375 2500 1527 2552 varia,
1558 2499 1815 2564 multiplex,
1841 2501 2025 2567 serpigi-=

196 2559 329 2612 nosa,
350 2560 677 2624 phagedaenica.

265 2633 330 2688 50.
371 2626 551 2671 Dolotis
587 2643 734 2672 autem
769 2625 913 2672 sensus
934 2661 946 2679 ,
973 2627 1047 2690 qui
1076 2627 1282 2674 ulceratis
1314 2627 1508 2693 partibus
1539 2629 1753 2693 perpetuo
1784 2629 1893 2676 inest
1912 2666 1924 2683 ,
1946 2632 2024 2695 qui

196 2689 386 2736 subinde
413 2690 662 2737 intenditur
683 2690 867 2736 acrioris
899 2692 1040 2738 salivae
1058 2692 1218 2737 affluxit
1235 2727 1248 2745 ,
1280 2693 1434 2756 linguae
1462 2689 1587 2739 motu
1607 2727 1621 2746 ,
1643 2694 1845 2740 dentium
1872 2698 2024 2751 allisti,

198 2756 533 2818 potulentorum
570 2771 642 2800 aut
681 2755 1007 2802 esculentorum
1039 2760 1233 2808 atteritur,
1272 2756 1484 2804 fortiores
1524 2757 1837 2822 citatioresque
1877 2778 2024 2809 motus

198 2818 491 2864 oscillatorios
516 2820 562 2864 in
591 2819 697 2865 vasis
724 2821 1062 2883 flaminibusque
1084 2821 1395 2883 glandularum
1426 2822 1671 2868 salivalium
1691 2856 1703 2875 ,
1734 2826 1987 2885 parotidum
2005 2859 2022 2878 ‚

197 2883 525 2936 maxillarium,
565 2886 821 2929 raninarum
860 2890 944 2930 &c.
985 2903 1036 2930 ex
1069 2886 1184 2930 notis
1222 2885 1472 2949 sympathia?
1507 2885 1678 2949 legibus
1718 2888 2023 2937 sollicitaturus

188 2949 287 3000 vest,
315 2948 432 2994 unde
459 2947 665 3011 promota
691 2948 896 2994 uberiore
931 2954 975 2993 &
1010 2949 1227 2994 celeriore
1256 2949 1502 2996 secretione
1533 2952 1767 2996 continuus
1797 2957 1843 2997 δε
1876 2954 2035 3017 largus·

197 3013 370 3058 futurus
391 3014 449 3058 est
469 3012 649 3058 effluxus
672 3013 756 3057 rivi
783 3012 913 3057 instar
934 3012 1073 3058 saliva:
1098 3012 1225 3076 spiss'ae
1244 3047 1256 3065 ,
1287 3013 1461 3060 viscosae
1479 3048 1491 3066 ‚
1520 3014 1724 3081 limpidae.
1765 3017 1834 3063 Sic
1867 3019 2022 3082 pipere

191 3077 359 3140 ›linguae
388 3077 572 3123 admoto
596 3076 777 3122 salivam
796 3077 1009 3128 extundi,
1030 3077 1083 3122 s1c
1110 3078 1235 3123 fumo
1254 3078 1468 3141 lacrymas
1496 3080 1597 3126 elici
1617 3098 1775 3127 notum
1802 3085 1872 3128 est.
1897 3085 2021 3130 Hine:

190 3140 454 3205 ‹ptyalismus
481 3142 704 3205 legitimus
736 3141 891 3187 tandiu
923 3141 1156 3192 duraturus
1174 3177 1188 3196 ‚
1208 3142 1353 3194 donec
1382 3146 1471 3191 oris
1501 3145 1650 3193 ulcera
1669 3180 1680 3199 ‚
1702 3146 1862 3211 quibus
1884 3148 2021 3206 fove-3
2052 3152 2059 3160 “

200 3219 270 3260 rur
289 3241 302 3260 ,
323 3206 478 3271 sponte
502 3207 574 3256 vel
592 3223 685 3254 arte
706 3204 1038 3254 consanescaut.
2003 3229 2007 3232 ·

1769 3280 1798 3323 S
