2477 3643
671 139 1631 188 anrnIV.CA1’-u=rX1.
1903 160 1988 206 399

219 218 357 268 *Tunc
389 222 510 283 engo
529 215 621 283 spes
651 233 747 281 quae
775 217 943 281 reliqua
973 219 1031 265 est
1051 218 1100 266 in
1133 235 1188 267 eo
1218 234 1312 266 tota
1343 216 1418 264 fita
1448 218 1538 271 est,
1583 225 1643 264 10.
1665 218 1733 262 Ut
1754 216 1989 267 diutissime

162 299 422 348 repetantur
454 282 734 329 inunctiones
762 299 815 328 ex
845 299 1074 346 unguento
1107 283 1361 331 mercuriali
1391 280 1517 347 super
1553 280 1747 329 scrotum
1767 315 1780 334 ‚
1812 281 1878 329 bis
1913 301 1986 331 aut

163 363 231 395 ter
264 347 550 395 hebdomade
576 346 773 411 qualibet
792 379 804 398 ‚
832 347 887 393 ad
917 347 1055 393 dosim
1082 364 1111 411 3
1135 355 1160 401 i.
1186 348 1361 412 quelque
1390 348 1515 401 vice3
1547 348 1620 394 vel
1646 346 1674 392 fi
1706 348 1986 396 commodius

163 409 317 458 forsan
337 413 542 460 videatur
559 445 570 464 ‚
592 428 640 457 ut
662 412 851 458 tumenti
872 413 1069 459 testiculo
1091 416 1374 460 continenter
1396 413 1689 460 admoveatur
1708 411 1986 476 emplastrum

162 475 220 523 de
251 478 368 541 Vigo
394 477 732 542 quadruplicato
763 477 994 523 Mercurio
1012 511 1024 529 ‚
1059 477 1199 524 solum
1229 478 1301 525 vel
1330 495 1429 523 cum
1459 476 1581 541 aequa
1602 493 1726 542 parte
1756 476 1987 524 diabotani

162 541 388 588 subactum
408 576 420 594 ,
444 543 569 606 quod
595 540 745 587 mense
771 541 975 602 quolibet
995 541 1213 588 veltetiam
1238 544 1397 607 quinto
1414 543 1592 590 decimo
1617 559 1796 606 quoque
1820 542 1893 588 die
1915 560 1986 590 re-

160 608 321 652 novari
350 605 570 653 necessum
597 608 686 662 est;
712 608 781 652 vel
806 607 985 652 tandem
1013 622 1059 651 ut
1087 625 1330 671 apponatur
1352 605 1610 672 cataplasma
1632 625 1684 654 ex
1706 607 1847 672 pulpis
1867 607 1987 655 radi-

161 688 265 717 cum
286 674 510 718 coc‘tatum
530 673 726 734 Bryonia:
743 705 755 723 ,
779 670 1025 719 cucumeris
1042 670 1238 720 silvestris
1254 707 1266 726 ‚
1287 679 1330 720 &
1350 674 1467 722 ireos
1481 706 1497 726 ,
1527 672 1683 721 addito
1703 672 1875 738 gummi
1894 691 1987 724 am·-

159 737 371 783 moniaco
386 738 432 782 in
453 753 580 784 aceto
601 737 825 783 diffoluto.

228 803 296 847 2⁰.
329 803 515 849 Interim
534 802 643 849 vero
667 819 720 847 ne
737 800 908 865 pondus
925 801 1076 847 testem
1101 817 1315 866 aggravet
1333 835 1346 855 ,
1362 820 1408 847 ac
1428 800 1675 850 funiculum
1694 837 1706 855 ‚
1722 821 1775 850 ex
1793 823 1884 870 quo
1901 806 1984 854 de-

155 866 323 929 pendet
346 902 358 920 ,
391 867 577 914 nimium
611 866 820 911 distrahat
839 901 849 918 ,
881 866 1000 912 unde
1032 882 1125 911 tum
1156 866 1325 912 doloris
1353 867 1518 912 morsus
1538 902 1549 920 ‚
1583 885 1676 914 tum
1705 888 1875 917 novum
1909 890 1982 918 re-

151 930 363 993 gteffuris
386 932 648 979 humoribus
667 931 1042 996 impedimentum
1061 964 1073 982 ,
1096 949 1204 995 opus
1224 934 1284 978 est
1302 949 1464 995 aegrum
1502 933 1567 978 uti
1598 931 1871 998 subligaculo
1888 938 1983 996 sits-

151 999 333 1059 ¹pensorio
361 997 480 1044 dicto
501 1032 513 1051 ,
541 1001 660 1059 cujus
682 1014 767 1061 ope
786 997 832 1042 in
851 995 1043 1061 appenso
1063 995 1174 1043 folle
1192 994 1281 1043 sive
1301 995 1520 1061 marsupio
1540 998 1653 1045 testis
1684 1016 1867 1064 uterque
1887 1000 1981 1048 sus-

159 1074 367 1107 tineatur.

228 1133 289 1185 30.
317 1126 459 1172 Porro
487 1124 639 1172 sedulo
669 1124 916 1172 cavendum
935 1158 946 1176 ‚
974 1141 1030 1170 ne
1052 1124 1353 1171 immoderato
1380 1141 1453 1171 aut
1477 1128 1739 1190 praepostero
1765 1128 1843 1176 usu
1862 1130 1979 1178 inci-

157 1187 363 1237 dentium
385 1197 431 1238 &
452 1191 769 1238 resolventium
792 1191 1071 1235 internorum
1101 1207 1174 1235 aut
1194 1206 1482 1237 externorum
1503 1189 1763 1238 skirthodes
1792 1195 1906 1242 testis
1930 1198 1979 1244 in

154 1253 394 1301 abscessum
424 1254 578 1308 abeat,
603 1255 726 1319 quod
758 1273 810 1302 ex
846 1253 1130 1319 praesentibus
1165 1254 1487 1319 suppurationis
1516 1255 1643 1319 signis
1664 1258 1806 1321 palam
1824 1258 1976 1318 foret3

153 1335 230 1364 aut
261 1320 383 1382 quod
419 1324 539 1384 pejus
571 1322 659 1373 est,
690 1319 1101 1366 carcinomatodem
1128 1337 1329 1368 naturam
1360 1320 1570 1385 paulatim
1598 1323 1831 1369 contrahat
1864 1359 1878 1377 ,
1919 1326 1977 1373 de

150 1399 241 1447 quo
262 1387 514 1447 conjetfitura
534 1385 639 1432 effet
658 1403 710 1432 ex
732 1384 917 1450 repetiti
935 1385 1103 1431 doloris
1126 1385 1427 1432 lancinatione
1457 1392 1502 1432 ὃς
1532 1387 1731 1433 var-reos&
1761 1405 1977 1442 venarum

154 1449 375 1497 circumre
408 1451 578 1497 entium
599 1450 876 1496 dilatatione.
908 1450 1103 1496 Proinde
1123 1449 1250 1496 satius
1271 1453 1329 1496 est
1350 1452 1515 1498 malum
1534 1485 1547 1503 ,
1579 1451 1702 1516 quod
1735 1470 1978 1515 quantum-

151 1529 343 1578 cumque
362 1469 411 1561 siDt
430 1550 441 1568 ,
465 1514 665 1580 praesenti
692 1515 891 1580 periculo
919 1531 1038 1560 caret
1057 1549 1069 1567 ‚
1090 1513 1268 1562 fortiter
1290 1516 1407 1579 pati,
1441 1517 1576 1579 quam
1596 1518 1837 1580 impotenti
1857 1517 1978 1567 sana*

146 1578 287 1627 -tionis
308 1579 525 1626 desiderio
546 1598 596 1627 ea
616 1580 810 1645 experiri
828 1580 1025 1627 remedia
1042 1613 1055 1631 ,
1074 1579 1234 1643 quibus
1253 1580 1432 1625 morbus
1451 1579 1707 1643 desperatus
1735 1581 1823 1627 fiat.

202 1645 268 1702 4⁰.
287 1644 423 1703 Quod
442 1644 470 1689 fi
490 1646 627 1691 nimia
647 1645 834 1691 rumoris
853 1644 992 1692 moles
1011 1678 1024 1697 ,
1041 1661 1113 1690 aut
1134 1644 1318 1691 durities
1332 1644 1448 1708 quasi
1462 1645 1633 1710 lapidea
1651 1643 1772 1707 spem
1793 1665 1977 1696 omnem

152 1709 395 1819 praecidant
413 1709 571 1755 futurae
590 1709 870 1756 resolutionis
891 1744 902 1760 ‚
924 1708 953 1754 si
982 1709 1095 1755 testis
1126 1710 1327 1774 pondere
1357 1710 1498 1755 nimio
1530 1709 1825 1773 graviflimam
1847 1714 1977 1760 exhi-

189 1789 259 1819 eat
276 1774 518 1822 molestiam
534 1809 545 1827 ‚
563 1774 594 1819 fi
614 1775 860 1839 periculum
880 1773 929 1819 sit
950 1791 1006 1820 ne
1029 1773 1194 1820 malum
1213 1775 1236 1820 a
1256 1776 1358 1821 teste
1389 1776 1444 1820 ad
1467 1773 1716 1820 fumculum
1745 1776 1978 1840 spermati-

153 1856 257 1886 cum
275 1872 287 1891 ‚
309 1844 356 1885 ὃς
373 1839 480 1886 inde
501 1839 556 1885 ad
576 1839 798 1886 abdomen
822 1837 953 1901 usque
974 1855 1205 1903 procurrat
1221 1873 1233 1890 ,
1260 1840 1316 1886 de
1340 1839 1537 1886 testiculo
1558 1839 1864 1888 exscindendo
1896 1861 1976 1889 co„

155 1904 391 1968 gitandum
412 1906 471 1951 est
486 1939 498 1958 ,
517 1903 758 1969 praesertim
776 1903 806 1949 si
825 1904 872 1949 in
894 1903 1177 1969 suppuratum
1208 1921 1282 1950 aut
1309 1904 1357 1950 in
1389 1905 1640 1950 carcinoma
1670 1906 1874 1971 proxime
1895 1908 1977 1956 de-

151 1985 294 2034 gener
317 1969 382 2014 fit.

223 2041 284 2096 50.
315 2033 439 2080 Prius
470 2049 619 2080 tamen
633 2032 758 2079 caute
779 2031 1102 2079 attendendum
1117 2035 1176 2081 est
1193 2066 1206 2084 ‚
1237 2032 1385 2079 utrum
1410 2031 1628 2080 funiculus
1661 2031 1944 2098 spermaticus
1962 2069 1978 2090 .

150 2116 288 2163 quem
306 2099 466 2146 arteria
502 2116 705 2160 venaque
725 2097 986 2162 spermatica
1005 2132 1017 2150 ‚
1038 2117 1112 2144 vas
1146 2097 1352 2145 deferens
1371 2132 1382 2149 ‚
1413 2098 1677 2162 limphaticae
1708 2111 1829 2145 ven'ae
1858 2118 1979 2146 non-

156 2164 311 2217 nullae,
343 2182 505 2211 nervus
533 2163 680 2210 versus
704 2165 856 2210 testem
888 2163 1184 2227 progrediens
1214 2170 1260 2208 &
1293 2162 1589 2226 suspensor-ius
1615 2162 1729 2209 testis
1757 2164 1981 2213 musculus

151 2246 427 2294 componunt
442 2264 454 2282 ,
481 2230 626 2275 mollis
647 2227 694 2274 fit
715 2233 760 2274 δε
779 2228 984 2274 naturalis
1004 2227 1130 2273 status
1155 2227 1350 2274 retinens
1371 2240 1384 2273 ἓ
1405 2226 1482 2272 Sin
1502 2227 1626 2274 aliter
1649 2228 1771 2273 enim
1792 2229 1846 2275 ab
1867 2248 1980 2295 ope-

151 2294 327 2343 ratione
352 2294 527 2359 prorsus
556 2293 865 2340 abstinendum
892 2292 997 2338 effer
1017 2325 1029 2344 ‚
1057 2291 1157 2337 cum
1188 2292 1330 2356 palam
1351 2291 1402 2336 sit
1422 2308 1476 2337 ex
1501 2291 1662 2337 calloso
1694 2290 1883 2340 funiculi
1912 2311 1979 2341 tu·-

151 2375 284 2406 mote
316 2360 522 2405 morbum
554 2360 601 2405 in
633 2358 862 2404 abdomen
893 2357 1028 2419 usque
1046 2373 1316 2421 prorepere,
1354 2373 1499 2419 neque
1528 2356 1642 2403 adeo
1663 2356 1840 2404 rescisso
1874 2361 1978 2407 teste

152 2424 277 2489 poffe
297 2424 386 2469 ulla
406 2424 579 2470 ratione
599 2420 773 2485 penitus
795 2421 1022 2484 extirpari.
1643 2435 1655 2439 ·

218 2496 284 2533 60.
311 2490 572 2551 Numquam
591 2486 762 2533 felicius
784 2485 979 2531 succedit
1000 2485 1088 2531 haec
1111 2483 1314 2548 operatio
1331 2517 1344 2536 ,
1362 2483 1492 2547 quam
1512 2482 1540 2528 fi
1562 2483 1698 2530 dorso
1716 2487 1981 2550 amputandi

152 2552 339 2600 testiculi
359 2553 476 2617 prius
495 2567 771 2617 apponantur
793 2549 973 2596 frustula
991 2550 1161 2613 aliquot
1183 2549 1339 2614 lapidis
1357 2548 1603 2595 cauterialis
1622 2550 1863 2597 ordinatim
1883 2552 1975 2597 dis-

155 2618 319 2682 posita,
339 2617 499 2681 quibus
533 2634 627 2664 tum
662 2617 855 2663 scrotum
875 2650 887 2667 ‚
911 2631 1005 2661 tum
1038 2615 1252 2678 vaginalis
1282 2613 1430 2660 tunica
1462 2613 1577 2659 testis
1606 2614 1692 2660 alte
1715 2616 1972 2663 erodantur.

154 2684 276 2729 Hinc
296 2684 418 2730 enim
441 2682 601 2729 educto
621 2682 717 2728 sero
742 2687 786 2728 ὃς
809 2699 916 2745 pure
934 2715 945 2733 ‚
960 2681 991 2725 fi
1009 2698 1096 2744 qua
1112 2679 1228 2726 forte
1249 2680 1412 2725 lateant
1432 2712 1445 2730 ‚
1475 2684 1520 2724 δε
1545 2682 1773 2725 contr-aeto
1795 2681 1971 2727 testicu-

153 2748 200 2795 lo
217 2781 229 2798 ‚
249 2748 469 2811 quidquid
489 2748 709 2811 reliquum
726 2748 784 2792 est
801 2747 905 2792 licet
926 2744 1171 2809 expeditius
1195 2743 1417 2809 prosequi.
1450 2743 1580 2789 Adde
1609 2743 1659 2790 ea
1683 2745 1854 2792 ratione
1874 2764 1970 2792 cet-

156 2810 242 2858 tius
260 2812 463 2874 dignosci
486 2814 640 2858 statum
667 2810 850 2858 testiculi
873 2810 1102 2862 morbidi,
1127 2828 1260 2873 quem
1288 2808 1408 2855 noffe
1436 2808 1640 2872 permulti
1668 2808 1806 2856 refert
1824 2844 1836 2863 ‚
1869 2809 1969 2856 cum

155 2875 372 2924 acciderit
398 2893 489 2922 non
517 2875 652 2923 semel
676 2877 723 2922 in
743 2875 987 2935 hydrocele
1006 2909 1017 2927 ‚
1036 2875 1128 2920 imo
1148 2882 1192 2919 δε
1211 2875 1258 2919 in
1278 2874 1497 2920 sarcocele
1513 2907 1524 2924 ‚
1558 2888 1606 2918 ut
1635 2874 1851 2920 testiculus
1877 2875 1969 2939 ipse

153 2942 281 2989 sanus
305 2938 408 2987 esset
427 2974 438 2992 ‚
461 2956 693 3003 totumque
716 2941 874 2987 vitium
901 2938 1028 3002 ipsius
1056 2939 1215 2985 tunicis
1245 2938 1455 2986 adnatum
1485 2937 1604 2985 foret
1626 2971 1639 2990 ‚
1668 2938 1742 2984 cui
1777 2938 1972 3003 proinde

155 3005 331 3055 mederi
352 3004 482 3051 facile
500 3003 585 3050 fuit
606 3005 715 3050 citra
733 3004 1052 3049 castrationem.

221 3080 287 3130 70.
318 3070 558 3133 Explorato
600 3069 713 3115 testis
743 3068 903 3113 morbo
923 3102 934 3119 ,
961 3067 990 3112 fi
1028 3068 1163 3114 durus
1183 3101 1195 3119 ‚
1227 3064 1489 3113 skira-hodes
1520 3083 1531 3119 3
1561 3066 1783 3120 tumidus,
1811 3068 1969 3135 suppu-

155 3153 276 3185 tatus
295 3169 307 3188 ‚
328 3134 552 3196 sydetatus
571 3132 619 3178 fit
634 3168 647 3186 ‚
665 3150 759 3197 quae
781 3133 944 3195 singula
965 3133 1290 3179 cunctationem
1317 3150 1411 3178 non
1433 3131 1652 3195 recipiunt
1671 3166 1682 3183 ‚
1701 3132 1886 3197 ligatura
1906 3135 1971 3181 fili

155 3200 371 3269 duplicati
399 3198 663 3266 spermatico
693 3197 894 3247 funiculo
914 3199 1029 3248 arch}
1059 3197 1303 3261 injicienda
1330 3199 1389 3247 est
1408 3232 1420 3252 ‚
1443 3215 1578 3263 quam
1602 3198 1721 3248 infra
1746 3199 1802 3247 ad
1831 3217 1969 3252 unum

2029 253 2176 306 Qibus
2200 268 2243 295 te·

2028 308 2150 346 mediis
2164 323 2234 348 cu-

2029 359 2128 396 randi
2163 361 2224 400 {int
2241 387 2255 407 ‚

2028 408 2052 445 fi
2082 415 2202 454 curati

2030 462 2186 512 poffintz
