2477 3643
640 121 1470 179 LintRV1.Sncu1.uM
1525 129 1739 180 Xv11.
1951 149 2048 196 543

292 205 391 251 111.
417 197 620 249 Ptaestare
646 201 794 248 censet
814 208 870 263 (a
891 207 902 260 )
922 201 1047 250 usum
1067 220 1412 269 praeparatorum
1426 209 1766 257 Mercurialium
1783 244 1796 264 ‚
1815 228 1908 276 quae
1928 213 2053 263 blan-

229 267 336 315 dam
357 302 368 320 ,
387 267 626 330 benignam
646 301 658 319 ,
687 267 936 329 gradatiam
964 269 1270 317 salivationem
1302 288 1598 336 promoveant
1615 307 1628 326 ‚
1653 291 1701 320 ut
1734 279 1952 324 Mercurii
1980 279 2051 326 su-

233 332 408 380 blimati
434 332 573 377 dulcis
610 350 710 377 cum
745 333 927 396 pulvere
946 335 1150 398 viperino
1166 368 1179 387 ,
1203 341 1246 380 ὃ(
1264 337 1555 400 purgantibus
1579 337 2051 407 scammoniatis3p1ae-

231 398 403 462 cipitati
430 394 553 441 rubri
584 395 735 442 solaris
753 431 763 449 ‚
792 415 844 443 ex
863 398 950 444 una
977 400 1069 444 auri
1091 406 1135 445 ὃς
1157 400 1297 446 tribus
1316 403 1534 448 Mercurii
1557 404 1581 449 ὲ
1601 403 1832 450 cinnabari
1856 407 2051 455 redivivi

228 461 428 530 partibus
443 495 456 513 ‚
486 460 785 524 amalgamatis
805 468 848 508 δε
869 464 992 509 lento
1020 465 1123 527 igne
1146 465 1192 510 in
1210 465 1439 529 pulverem
1469 466 1806 516 fusco-rubrum
1828 472 2050 525 excost'm

226 526 489 595 praecipitati
518 526 639 573 rubri
688 545 734 573 er
755 527 795 574 se
814 533 858 573 δε
879 546 932 575 ex
962 528 1055 574 solo
1075 531 1306 576 Mercurio
1334 532 1452 578 lenta
1469 534 1692 597 ignitione
1719 534 1913 582 confecti
1932 542 2019 583 &c.

290 597 380 638 IV.
414 590 593 638 l'raefert
610 596 639 648 ·(
692 607 703 648 )
738 609 886 639 tamen
911 595 1077 640 caeteris
1095 596 1302 641 omnibus
1331 597 1485 660 pilulas
1511 598 1771 662 sequenteS,

344 672 401 713 ³32·
435 661 684 721 Praecipitati
722 663 939 705 Mercurii
976 664 1113 705 carnei
1151 663 1288 706 coloris
1316 700 1329 715 ,
1358 667 1428 725 qui
1454 681 1506 708 ex
1536 666 1728 725 sblutione
1757 668 1971 712 Mercurii
2007 669 2050 713 in

448 721 560 782 aqut}
579 723 679 780 forti
706 737 883 786 paratur
907 723 1024 786 affuso
1042 727 1208 770 volatili
1232 730 1352 771 urinae
1372 730 1519 791 spiritu
1538 768 1553 782 ‚

446 792 486 831 E
493 801 506 830 t
528 791 774 851 I’raecipitati
790 787 905 833 rubri
920 790 1069 848 filaris
1087 827 1102 842 ,
1131 804 1200 832 ant
1227 793 1335 836 illins
1354 795 1436 838 loco
1443 793 1489 853 st
1501 794 1596 856 defit
1617 832 1631 848 ,
1661 797 1913 860 Praecipitati
1934 797 2052 848 rubri

447 851 577 910 perse
600 855 670 896 vel
688 854 776 911 stne
803 853 1008 899 additione
1034 853 1226 912 confesti,
1268 873 1349 901 ana
1379 875 1418 919 q.
1444 859 1482 917 s

348 914 482 962 'Adde
525 917 698 975 sulfuris
731 921 870 962 aurati
911 921 1184 962 antimonialis
1228 934 1383 981 partem
1418 925 1592 967 tertiam.
1639 925 1746 970 Tere
1786 928 1829 970 in
1864 931 2056 975 mortario

351 997 569 1026 marmoreo
591 980 641 1027 (ῥ’
663 981 811 1028 addita}
838 984 963 1028 mellis
990 1002 1029 1044 q.
1043 990 1080 1042 s.
1095 983 1134 1042 f
1156 987 1280 1045 maffa
1292 989 1532 1048 pilularum.

299 1049 355 1091 V.
391 1046 526 1099 Jubet
547 1063 600 1091 ex
628 1046 704 1092 illa
731 1045 865 1091 massa
889 1049 1003 1093 intra
1030 1047 1101 1094 sex
1122 1048 1215 1094 dies
1244 1065 1329 1095 tres
1347 1051 1474 1096 doses
1492 1050 1695 1098 exhiberi
1714 1085 1727 1104 ,
1744 1070 1932 1116 quarum
1953 1074 2059 1103 una-

228 1125 416 1175 qua'que
442 1111 489 1156 fit
524 1128 658 1158 xxiv.
689 1112 761 1157 vel
784 1129 881 1156 xxx.
914 1130 1167 1175 granorum.
1192 1113 1426 1160 Eliminata
1447 1115 1579 1162 semel
1609 1118 1849 1163 humorum
1877 1120 2055 1168 saburra

227 1180 306 1226 ἄγω
334 1183 395 1224 καὶ
418 1175 525 1226 κάτω
546 1211 557 1229 ,
586 1176 867 1238 ptyalismum
896 1177 1061 1224 deinde
1092 1195 1247 1223 movet
1265 1212 1278 1230 ,
1299 1197 1561 1243 motumque
1590 1181 1717 1227 fovet
1740 1220 1753 1235 ‚
1773 1181 1802 1226 fi
1823 1201 1932 1248 opus
1954 1185 2057 1234 fue-

229 1244 288 1288 rit
308 1276 321 1294 ,
352 1241 493 1305 pilulis
518 1239 710 1293 iisdem,
733 1239 807 1286 sed
834 1241 1008 1287 minote
1035 1240 1127 1287 dofi
1151 1243 1458 1290 administratis
1475 1278 1497 1303 ,Ἰ
1512 1245 1566 1291 ad
1587 1246 1676 1291 duo
1697 1264 1857 1311 nempe
1878 1251 1949 1296 vel
1972 1253 2057 1299 tria

230 1323 366 1371 grana
382 1339 393 1355 ‚
417 1322 483 1352 ter
504 1307 549 1350 in
569 1305 640 1351 die
660 1339 672 1357 ‚
701 1306 828 1351 mane
847 1340 858 1357 ‚
889 1304 965 1351 sub
987 1307 1222 1353 meridiem
1243 1341 1256 1360 ,
1285 1314 1330 1354 &
1357 1308 1527 1373 vesperi
1556 1329 1632 1374 per
1659 1309 1753 1356 dies
1779 1313 1961 1376 aliquot.

287 1376 363 1416 Vl.
379 1370 632 1417 Contendit
660 1375 725 1430 (c)
745 1370 953 1417 sudorem
969 1372 992 1416 a
1010 1371 1115 1418 sein
1131 1389 1374 1435 aegrotante
1398 1376 1558 1437 quovis
1580 1376 1848 1440 sympathice
1869 1379 2054 1426 excitari

227 1435 349 1501 posse
377 1453 457 1500 pro
486 1435 662 1487 lubitu,
692 1435 721 1479 sl
747 1454 847 1481 cum
881 1436 1050 1483 duabus
1082 1438 1280 1484 tribusve
1301 1441 1440 1485 unciis
1459 1438 1679 1504 sanguinis
1701 1442 1851 1488 recens
1871 1446 2056 1491 eictratffi

228 1500 524 1547 admisceatur
544 1517 821 1563 unguentum
843 1501 1073 1564 quoddam
1090 1537 1102 1555 ‚
1130 1503 1254 1566 quod
1276 1502 1438 1550 confici
1457 1506 1515 1549 ait
1539 1523 1592 1551 ex
1613 1504 1779 1552 munffi
1797 1541 1808 1559 ,
1828 1508 1956 1573 adipe
1975 1510 2058 1556 hu·

229 1564 359 1612 mana
376 1600 387 1617 ‚
416 1566 613 1612 humano
640 1584 800 1612 cruore
821 1569 968 1613 calore
992 1566 1091 1613 solis
1109 1567 1325 1615 exsiccato
1344 1603 1356 1621 ‚
1379 1575 1423 1616 ὃς
1454 1570 1594 1616 tribus
1614 1571 1898 1618 vitriolorum
1920 1592 2059 1638 gene-

230 1630 352 1679 ribus
373 1629 474 1676 solis
503 1631 665 1676 ardore
687 1631 734 1675 in
755 1631 921 1677 calcem
943 1633 1128 1678 redactis
1152 1649 1354 1697 tempore
1376 1635 1628 1688 Caniculae,
1662 1654 1710 1681 ac
1743 1639 1958 1685 nonnulla
1990 1658 2058 1686 re-

230 1694 379 1744 censet
406 1696 712 1759 experimenta
732 1695 812 1741 hac
847 1696 904 1742 de
937 1715 983 1742 re
1018 1716 1167 1744 coram
1189 1698 1366 1744 testibus
1400 1715 1446 1745 ut
1475 1699 1566 1763 ipse
1601 1702 1690 1753 ait,
1715 1719 1763 1747 ac
1796 1703 1845 1748 in
1876 1704 2058 1752 diversis

229 1760 548 1825 :egrotantibus
568 1762 762 1806 instituta
777 1794 790 1813 ,
811 1759 887 1807 sed
906 1779 1099 1823 quorum
1121 1762 1230 1809 fides
1250 1763 1299 1809 sit
1320 1781 1452 1828 penes
1472 1768 1730 1811 Austorem.

293 1830 447 1873 V111.
481 1826 614 1872 Haud
646 1840 778 1888 negat
815 1827 905 1886 (d)
941 1826 1019 1871 sibi
1050 1828 1160 1873 olim
1183 1828 1323 1874 visum
1346 1828 1470 1876 fuiffe
1492 1830 1649 1877 eadem
1671 1828 1890 1877 methodo
1921 1832 2060 1897 ipsam

229 1908 411 1954 quoque
435 1892 555 1937 luem
587 1908 826 1937 veneream
859 1893 1004 1937 curari
1031 1892 1149 1956 poffe
1183 1893 1442 1947 sudoribus,
1468 1894 1540 1940 sed
1564 1896 1728 1942 fatetur
1749 1897 1948 1959 periculo
1970 1899 1992 1944 a
2016 1899 2059 1946 se

228 1955 346 2003 facto
370 1973 462 2001 rem
484 1973 537 2001 ex
560 1973 666 2001 voto
688 1973 779 2001 non
799 1954 1033 2002 succeffissie
1053 1976 1065 2010 ·,
1100 1958 1327 2021 aegrosque
1356 1960 1560 2006 levamen
1578 1961 1763 2024 quidem
1785 1961 1891 2007 inde
1910 1964 2061 2026 quale-

228 2037 408 2084 cunque
442 2037 650 2084 expertos
676 2053 688 2072 ‚
729 2019 803 2066 sed
837 2020 1035 2084 perfectae
1070 2023 1317 2068 valetudini
1352 2039 1594 2087 numquam
1629 2026 1850 2071 restitutos
1887 2025 2012 2074 fuisse
2043 2062 2059 2082 ‚

227 2102 497 2150 quamquam
525 2103 626 2130 cum
666 2101 898 2148 unguento
932 2086 1012 2131 illo
1049 2085 1324 2152 sympathico
1352 2088 1491 2133 mode>
1517 2089 1740 2153 descripto
1777 2092 2059 2139 Mercurium

228 2150 419 2197 crudum
450 2151 534 2196 una
562 2149 805 2196 extinctum
825 2184 835 2201 ‚
863 2151 1181 2214 praecipitatum
1203 2169 1257 2198 ex
1289 2151 1434 2197 soluto
1462 2154 1508 2198 in
1545 2153 1657 2216 aqua
1690 2154 1798 2199 forti
1824 2156 2056 2204 Mercurio

227 2232 431 2280 paratum
454 2214 590 2261 affuso
607 2213 761 2277 spiritu
782 2216 914 2260 urinae
931 2249 941 2265 ‚
965 2216 1135 2277 aliaque
1158 2233 1250 2262 non
1276 2234 1411 2279 pauca
1431 2234 1666 2279 praeparata
1684 2220 1970 2265 Mercurialis.
1999 2222 2058 2269 de

229 2279 443 2326 industria
471 2278 736 2330 miscuisset,
767 2296 814 2324 ut
846 2280 1064 2342 unguenti
1094 2280 1161 2326 vis
1182 2279 1388 2327 adversus
1408 2281 1525 2328 virus
1547 2282 1844 2348 syphiliticum
1874 2284 2058 2333 illorum

229 2343 445 2394 facultate
483 2345 769 2407 dirigeretur.

294 2478 327 2520 P
343 2491 365 2519 ε
381 2491 408 2518 τ
423 2488 495 2520 Ru
513 2488 529 2516 s
570 2474 609 2516 G
628 2487 659 2517 A
677 2488 708 2517 R
727 2487 757 2516 N
774 2487 789 2515 1
809 2488 829 2517 ε
845 2487 877 2517 R
908 2503 920 2524 ‚
969 2469 1273 2535 Lugdunensis
1306 2505 1320 2525 ‚
1373 2474 1544 2520 DoCl:or
1582 2472 1788 2521 Medicus
1827 2476 2058 2526 Facultatis

234 2536 575 2602 Monspelienfis
593 2571 604 2588 ,
623 2536 835 2599 Collegio
858 2536 1144 2582 Medicorum
1166 2538 1523 2601 Lugdunensium
1540 2541 2057 2602 Aggregatugsecundae

233 2605 441 2652 Editioni
472 2607 701 2649 Novarum
720 2605 1005 2647 formularum
1026 2639 1040 2655 ,
1069 2620 1175 2665 quas
1201 2604 1246 2648 in
1283 2603 1405 2648 usum
1435 2601 1705 2650 Nosocomii
1735 2607 1912 2664 majoris
1936 2613 2058 2672 Lug-

230 2669 439 2717 dunensis
465 2668 846 2717 concinnaverat,
878 2666 1078 2725 adjunxit
1114 2685 1231 2713 anno
1273 2675 1404 2723 1699.
1434 2670 1690 2713 Tractatum
1725 2670 1893 2716 Gallice
1928 2674 2061 2738 scrip-

229 2750 326 2780 tum
360 2753 460 2780 cum
488 2733 567 2778 hac
598 2729 887 2795 inscriptione
910 2751 918 2775 ε
943 2733 1092 2777 Traite'
1123 2738 1312 2795 pratiqzaee
1334 2734 1379 2776 de
1401 2735 1444 2776 la
1472 2734 1620 2778 Ve'role
1648 2733 1692 2778 in
1725 2750 1789 2778 12.
1815 2736 1941 2782 trdus
1967 2744 2059 2783 Ca-

228 2796 381 2864 pitibus
421 2794 791 2862 comprehensum
814 2830 826 2847 ‚
848 2814 1038 2858 quorum
1066 2798 1211 2859 primo
1240 2802 1287 2840 de
1314 2795 1465 2841 natm-ci
1494 2796 1543 2842 (ΕΝ
1564 2797 1688 2843 camd
1711 2837 1725 2852 ,
1758 2798 1896 2846 altero
1929 2804 1976 2847 de
1992 2805 2059 2866 si-

220 2868 316 2930 gm's
336 2864 583 2925 diagnosttcis
602 2901 617 2916 ,
636 2867 681 2908 δέ
703 2862 837 2907 tertio
869 2863 916 2906 de
937 2861 1139 2907 Methodo
1160 2861 1385 2907 Curatoriai
1412 2865 1512 2905 Lm's
1532 2879 1705 2906 venerea:
1733 2865 1893 2926 agitur.
2038 2882 2041 2884 ·

299 2930 387 2974 Hic
412 2931 575 2973 Auctor
596 2962 607 2980 ‚
635 2925 796 2972 omiffis
828 2943 922 2988 quae
944 2925 1079 2970 dubia
1109 2924 1207 2970 sunt
1240 2943 1287 2969 ac
1319 2927 1518 2977 incerta,
1541 2927 1767 2989 explorata
1800 2928 1971 2975 tantum
2010 2937 2058 2978 &

229 3009 463 3056 comperta
489 2991 659 3055 profert
681 3025 692 3043 ‚
712 3008 841 3053 atque
871 2990 1088 3034 curationi
1111 2991 1191 3035 luis
1217 3007 1417 3035 venereae
1446 2991 1573 3035 unice
1599 2993 1817 3045 intentus,
1836 3012 2059 3057 quaecum-

225 3075 318 3121 que
345 3057 401 3103 ad
436 3056 560 3102 illum
582 3056 761 3120 scopum
792 3054 939 3100 facete
971 3054 1206 3106 videntur,
1240 3056 1438 3118 ingenuo
1461 3057 1597 3101 animi
1620 3057 1815 3104 candore
1839 3061 2057 3106 enucleat.

231 3126 337 3171 Duo
352 3139 499 3168 tamen
525 3120 766 3167 desiderari
789 3119 1023 3169 videntum,
1046 3123 1235 3166 Alterum
1263 3137 1309 3164 ut
1341 3138 1432 3166 non
1456 3121 1510 3166 de
1534 3121 1605 3166 lue
1637 3122 1806 3168 tantum
1835 3126 2023 3171 venerea
2042 3159 2056 3178 ,

222 3187 308 3239 sed
325 3187 380 3237 de
393 3186 572 3251 singulis
584 3184 754 3234 morbis
767 3185 968 3234 venereis
981 3184 1077 3251 pari
1090 3184 1325 3250 diligentia
1335 3187 1476 3235 verba
1485 3185 1656 3247 fecisset
1671 3218 1685 3241 ‚
1705 3191 1897 3235 Alterum
1915 3205 1961 3238 ut
1976 3189 2061 3237 sin„

2122 222 2135 270 (
2149 224 2200 270 a)
2229 229 2330 265 Part.

2093 282 2128 315 l.
2142 276 2239 329 chap.
2261 281 2302 316 8.

2133 611 2206 661 (b)
2230 613 2329 657 zbid.

2092 663 2191 715 chap.
2203 680 2242 710 9.

2139 1399 2152 1440 (
2165 1401 2206 1438 cl
2233 1405 2330 1438 Pare·

2095 1457 2116 1488 Ι
2130 1458 2161 1488 Ι.
2188 1447 2305 1494 Probi.

2102 1517 2170 1547 22..

2127 1846 2138 1896 (
2155 1846 2201 1895 a)
2236 1845 2332 1885 ibid.

2154 2482 2292 2532 16933
