2477 3643
694 120 941 166 Ltnzn
991 120 1118 166 111.
1183 117 1694 166 CAvur111.·
1953 138 2037 180 ¹9¹

205 205 259 252 δε
284 200 420 249 nimis
439 198 593 248 hiulcae
613 198 985 248 conformationis
1001 199 1115 247 vitio
1131 232 1144 253 ,
1164 198 1366 263 adeoque
1397 200 1517 247 virus
1544 212 1788 248 venereum
1806 233 1817 254 ,
1839 217 1930 266 quo
1947 220 2042 252 ma..

205 267 377 316 defiunt
400 266 448 312 in
468 266 645 331 impuro
676 264 920 313 concubitu
940 298 952 317 ‚
974 264 1101 312 altius
1120 269 1166 312 &
1194 263 1410 330 copiosius
1430 264 1666 312 imbibant.
1703 271 1766 311 2⁰.
1802 266 1847 312 Si
1869 285 2039 333 praepu-

208 333 318 379 tium
339 331 469 377 nimis
497 330 682 394 longum
708 347 800 376 non
823 329 1027 377 abstersas
1058 329 1224 376 ichoris
1251 330 1464 378 virulenti
1492 330 1684 394 guttulas
1703 364 1712 380 ,
1738 346 1834 393 quae
1864 348 2036 379 corona:

204 395 353 443 balani
385 397 477 462 post
501 398 671 442 coitum
696 394 862 442 haerent
879 429 892 448 ,
912 395 1068 441 arctius
1089 394 1358 458 constringat
1384 400 1430 442 ὃ(
1459 395 1658 442 intimius
1692 395 1882 459 applicet
1907 396 2037 460 glan-

207 461 324 508 dulis
351 460 555 508 sebaceis.
592 468 654 522 50.
676 460 870 507 Demum
891 460 918 505 si
949 460 1082 506 causae
1100 461 1164 506 hae
1193 461 1380 524 geminae
1404 461 1490 507 una
1520 460 1644 507 simul
1666 476 1935 507 concurrant
1950 494 1963 515 ,
1985 479 2036 508 ac

206 526 400 592 proinde
419 541 551 589 agant
569 525 672 572 ideo
693 526 817 572 tanto
835 524 1067 571 efficacius.

264 594 365 639 Nec
390 591 553 656 dispari
575 591 747 638 ratione
775 592 913 656 potest
943 588 1215 653 gonorrhoea
1233 589 1390 637 eadem
1408 590 1432 635 εὶ
1452 588 1655 636 foeminis'
1671 590 1850 656 concipi
1869 591 2035 658 triplici

200 655 259 702 de
282 656 421 702 causa.
456 664 514 701 10.
546 656 591 702 Si
624 654 812 703 sebaceae
833 656 973 702 vulva·
999 654 1216 718 glandula:
1239 655 1480 702 laxioribus
1507 654 1666 702 osculis
1694 657 1933 721 patescant.
1968 669 2032 706 2⁰.

203 721 250 768 Si
278 722 428 768 semen
462 720 516 766 ab
539 719 707 767 infecto
729 722 829 768 viro
857 715 1058 767 emissiim
1092 719 1224 766 vulva
1260 720 1430 766 tantum
1469 721 1714 786 excipiatur
1742 755 1755 773 ,
1783 722 1839 769 de
1861 741 1953 787 quo
1980 726 2035 772 iis

198 785 461 850 plerumque
495 803 601 832 cura
634 787 717 839 est,
737 803 832 851 qua:
853 785 876 831 a
905 784 1205 850 praegnatione
1223 783 1303 831 sibi
1322 801 1494 833 cavent.
1525 788 1586 848 3⁰.
1618 787 1663 834 Si
1691 802 1878 852 utraque
1906 790 2035 838 causa

202 851 290 898 una
313 850 462 897 forsan
484 851 722 897 coincidat.
1290 902 1294 905 Ι

259 915 378 962 falsa
400 916 489 962 haec
511 916 785 979 gonorrhoea
812 932 914 961 cum
944 913 1111 961 fluente
1128 912 1200 960 vel
1219 911 1327 959 sicca
1348 914 1485 960 modo
1505 915 1716 979 conjungi
1736 916 1844 964 solet
1862 951 1874 970 ‚
1895 918 2033 965 modo

202 982 314 1028 vero
340 980 430 1027 sola
459 987 504 1027 &
528 980 706 1027 seorsim
727 980 943 1026 accidere.
979 984 1029 1025 In
1051 979 1202 1044 priore
1231 977 1332 1024 casu
1361 978 1516 1026 adsunt
1537 979 1828 1045 symptomata
1848 984 2000 1030 omnia
2017 1019 2032 1036 ‚

201 1061 301 1107 qua:
331 1045 457 1110 supra
478 1045 800 1097 recensuimus,
822 1050 867 1090 δε
888 1062 983 1107 quae
1012 1042 1333 1107 gonorrhoeam
1360 1060 1594 1108 utramque
1610 1080 1621 1098 ,
1650 1045 1863 1094 fluentem
1884 1053 1928 1093 &
1951 1048 2032 1094 sic-

199 1129 300 1157 cam
333 1111 600 1157 comitantur
624 1116 702 1156 :In
726 1110 968 1175 posteriore
1000 1109 1108 1155 vero
1138 1107 1296 1155 desunt
1319 1109 1507 1155 omnino
1528 1143 1540 1162 ,
1575 1116 1620 1156 &
1648 1111 1758 1158 nihil
1787 1112 2034 1176 quidquam

200 1175 463 1222 observatur
491 1191 644 1240 praeter
673 1175 876 1221 dolorem
892 1208 905 1227 ,
935 1190 1160 1221 tumorem
1178 1207 1191 1225 ,
1212 1173 1407 1220 calorem
1435 1179 1480 1220 δε
1516 1175 1663 1224 levem
1688 1176 1938 1224 erosionem
1962 1179 2036 1225 in-

201 1240 432 1287 flammatae
453 1257 629 1286 coronae
648 1239 797 1286 balani
821 1240 869 1285 in
889 1239 995 1285 viris
1010 1273 1023 1290 ‚
1040 1244 1087 1284 δε
1116 1238 1255 1285 vulvae
1274 1238 1321 1283 in
1338 1238 1548 1286 foeminis.

262 1307 495 1367 Diagnofis.
525 1304 665 1351 Facile
688 1306 747 1350 est
766 1303 1084 1368 gonorrhoeam
1107 1303 1296 1370 spuriam
1329 1303 1596 1367 dignoscere
1623 1309 1670 1351 &
1702 1305 1752 1353 in
1784 1306 1891 1354 viris
1913 1312 1959 1354 &
1986 1308 2035 1356 in

197 1369 422 1423 foeminis,
442 1370 544 1418 cum
566 1369 638 1418 vel
669 1369 760 1435 ipsa
793 1369 1068 1434 inspectione
1094 1386 1190 1417 tum
1210 1367 1418 1422 morbus,
1452 1385 1547 1416 tum
1571 1369 1721 1416 morbi
1749 1371 1871 1418 sedes
1899 1373 2035 1420 inno-

203 1434 390 1482 tescant.

263 1500 485 1564 Prognofis„
516 1498 800 1546 Gonorrhoea
822 1498 964 1566 spuria
980 1532 994 1553 ,
1012 1497 1151 1545 modo
1180 1499 1373 1564 prudens
1402 1498 1667 1547 adhibeatur
1691 1501 1866 1550 medela
1884 1536 1897 1556 ,
1914 1504 2036 1568 peri-

209 1563 310 1610 culo
332 1564 595 1628 plerumque
616 1581 759 1610 vacat.

266 1629 457 1675 Asuero
489 1628 518 1674 fi
552 1629 816 1675 omittantur
837 1627 1036 1674 remedia
1057 1661 1069 1681 ,
1091 1627 1396 1692 superficiariae
1413 1627 1722 1692 glandularum
1753 1629 2036 1681 sebaceatum

204 1692 430 1740 erosiones
456 1727 468 1745 ,
507 1693 722 1757 gliscente
752 1693 957 1740 celeriter
990 1692 1088 1738 labe
1114 1726 1126 1745 ‚
1147 1694 1194 1738 in
1222 1692 1442 1739 ulcuscula
1486 1694 1691 1741 cancrosa
1725 1695 2036 1760 degenerant,

206 1758 367 1821 quibus
395 1757 542 1804 balani
575 1776 742 1804 corona
761 1758 956 1821 cingitur
976 1758 1024 1803 in
1043 1758 1150 1805 viris
1166 1791 1179 1811 ,
1201 1758 1362 1822 quibus
1382 1758 1491 1805 vero
1516 1758 1563 1804 in
1582 1758 1776 1820 foeminis
1798 1763 1931 1809 vulva
1953 1763 2039 1810 ob-

207 1823 372 1870 sidetur
386 1857 397 1876 ,
418 1823 537 1870 unde
557 1822 734 1869 affectus
763 1820 1061 1886 periculosior.

266 1889 364 1933 Irnb
384 1888 543 1941 etiam,
567 1886 595 1933 si
620 1888 720 1934 calli
739 1885 973 1933 ulcusculis
992 1887 1191 1951 undique
1212 1885 1530 1934 succrescentes
1548 1887 1728 1936 solitum
1749 1890 1970 1956 sanguinis
1991 1899 2038 1940 δε

206 1951 382 2017 limphae
403 1951 641 2018 regressum
661 1953 895 2000 inhibeant
915 1952 938 1998 a
961 1952 1122 1998 balano
1142 1952 1213 1998 vel
1241 1953 1264 1997 a
1284 1953 1497 2017 praeputio
1524 1955 1572 1999 in
1599 1955 1732 2008 viris,
1753 1973 1827 2003 aut
1851 1958 1876 2003 a
1908 1975 2041 2019 nym-

204 2018 328 2080 phis,
358 2018 607 2064 carunculis
630 2017 989 2080 myrtiformibus
1006 2018 1075 2064 vel
1099 2017 1299 2081 pudendi
1323 2018 1457 2064 labris
1478 2019 1525 2064 in
1549 2018 1748 2067 foeminis
1764 2056 1777 2074 ,
1806 2024 2040 2087 continget

207 2100 301 2128 non
324 2082 419 2128 rari)
437 2083 484 2128 in
504 2099 695 2147 utroque
713 2082 815 2129 sexu
840 2081 1047 2147 phimosis
1064 2116 1075 2134 ,
1096 2081 1406 2147 paraphimofis
1423 2117 1435 2135 ,
1457 2083 1529 2131 vel
1551 2084 1796 2146 crystallina
1815 2121 1828 2140 ,
1848 2104 1896 2134 ut
1921 2088 2042 2135 infra.

209 2149 287 2194 suo
307 2147 407 2193 loco
428 2147 685 2200 videbitur,
707 2147 826 2194 unde
847 2165 984 2210 grave
1004 2147 1259 2194 imminebit
1277 2147 1539 2212 periculum.

273 2217 461 2258 Curatio.
504 2222 564 2258 10.
601 2219 735 2261 Venae
766 2213 898 2260 sectio
916 2213 964 2258 in
990 2211 1176 2258 brachio
1202 2213 1416 2259 alterutro
1438 2211 1572 2259 semel
1590 2229 1721 2278 atque
1742 2215 1904 2264 iterum
1924 2218 2042 2266 cele·-

210 2275 385 2322 branda
413 2279 497 2330 est,
518 2295 599 2343 pro
629 2278 778 2324 morbi
808 2277 1120 2329 vehementia,
1142 2276 1308 2323 scilicet
1328 2293 1376 2322 ut
1408 2275 1593 2341 praesens
1624 2279 1771 2328 balani
1798 2283 1872 2330 vel
1896 2284 2040 2332 vulvae

211 2337 507 2388 inflammatio
535 2343 765 2406 mitigetur
779 2376 792 2394 ,
812 2348 858 2388 δε
874 2359 1169 2406 praecaveatur
1189 2342 1440 2388 imminens.

274 2414 336 2450 20.
370 2409 580 2453 Retracto
609 2407 822 2471 praeputio
845 2407 1026 2453 balanus
1043 2440 1054 2459 ,
1073 2425 1243 2453 corona
1264 2407 1412 2453 balani
1431 2412 1476 2453 &
1494 2406 1670 2454 interna
1689 2410 1887 2474 praeputii
1904 2410 2046 2459 facies

209 2469 259 2514 in
280 2470 383 2515 viris
400 2504 412 2523 ,
431 2471 479 2516 in
497 2470 694 2518 foeminis
714 2472 821 2518 verb
843 2472 977 2517 vulva
1008 2471 1153 2537 saepius
1172 2472 1392 2519 abluenda
1421 2472 1519 2517 sunt
1537 2472 1722 2520 decoeto
1750 2474 1941 2527 hordei,
1968 2477 2041 2525 vel

209 2534 426 2581 foliorum
469 2537 726 2599 agrimoniae
754 2569 766 2588 ,
803 2536 875 2583 vel
908 2537 1068 2583 radicis
1108 2537 1266 2583 althaeae
1297 2537 1429 2583 melle
1457 2535 1741 2584 Narbonensi
1774 2555 2038 2604 temperato.

212 2600 386 2646 Poterit
417 2618 596 2664 quoque
614 2635 626 2653 ,
650 2600 678 2646 fi
710 2600 841 2647 dolor
867 2601 1028 2648 nimius
1057 2601 1295 2648 discruciet
1312 2636 1324 2655 ,
1348 2602 1419 2649 vel
1449 2602 1591 2650 serum
1620 2602 1741 2650 lactis
1766 2622 1944 2658 recens,
1966 2606 2041 2654 vel

213 2664 279 2710 lac
298 2665 440 2729 ipsum
459 2666 506 2710 in
534 2666 651 2712 hunc
673 2665 807 2712 finem
827 2666 924 2712 satis
940 2667 1179 2714 commode
1203 2666 1416 2731 usurpari.

291 2738 351 2789 30.
379 2730 504 2789 Quin
522 2731 640 2783 imo,
666 2729 695 2776 si
726 2731 854 2777 dolor
875 2732 1020 2777 acrior
1053 2748 1150 2778 urat
1169 2766 1182 2785 ,
1210 2731 1341 2778 facile
1360 2732 1445 2777 erit
1466 2735 1512 2777 δε
1532 2731 1616 2778 alia
1636 2749 1729 2778 non
1755 2751 1890 2797 pauca
1911 2751 2042 2798 paree-

215 2794 584 2857 goricabremedia
603 2795 822 2842 adhibere
849 2796 906 2842 ad
931 2797 1221 2842 acrimoniam
1237 2795 1700 2844 &inflammationem
1732 2799 2040 2861 mitigandam,

216 2874 264 2904 v.
287 2875 330 2921 g.
363 2858 571 2906 Balanum
599 2860 874 2906 denudatum
907 2861 1117 2924 praeputio
1155 2862 1202 2905 in
1235 2861 1344 2906 lacte
1377 2861 1530 2925 tepido
1555 2857 1868 2914 detinere-,vel
1900 2864 2043 2910 linteo

217 2922 341 2986 quod
363 2922 472 2969 laste
500 2924 713 2988 perpetuo
731 2924 907 2970 madeat
925 2957 937 2976 ,
955 2941 1222 2987 contegere3
1250 2925 1318 2971 vel
1336 2924 1640 2989 cataplasmate
1669 2926 1726 2973 de
1752 2926 1866 2972 mica
1891 2929 2015 2993 panis
2026 2961 2043 2982 ,

211 3004 287 3036 aut
308 3003 457 3034 cerato
474 2988 766 3051 refrigerante
787 2989 945 3034 Galeni
963 2988 1089 3053 supra
1108 2989 1240 3035 telam
1259 2987 1441 3035 extenso
1463 2989 1714 3039 obvolvere
1739 2996 1829 3037 &c.

281 3061 349 3110 40.
396 3054 495 3099 Post
542 3053 635 3099 dies
667 3053 835 3116 aliquot
877 3070 1033 3118 pacato
1074 3051 1435 3100 inflammationis
1480 3053 1659 3102 feivore
1688 3090 1701 3108 ,
1731 3056 2044 3105 anti-venerea

215 3118 372 3165 omnia
392 3151 405 3170 ,
430 3133 525 3181 quae
556 3119 607 3164 ad
641 3118 960 3182 gonorrhoeam
990 3118 1202 3166 fluentem
1234 3114 1540 3184 proposuimus
1567 3153 1580 3173 ,
1620 3120 1782 3168 eodem
1808 3122 1970 3170 ordine
1995 3123 2045 3169 in

218 3182 345 3229 usum
377 3182 639 3233 advocanda
662 3218 677 3239 ,
708 3202 801 3248 qua*
834 3184 955 3233 virus
986 3202 1231 3236 venereum
1261 3184 1466 3249 subigant
1498 3218 1512 3239 ,
1543 3186 1728 3235 alterent
1744 3219 1759 3241 ,
1789 3188 2046 3253 corrigant,

222 3263 457 3297 evacuent.

2117 597 2162 656 Et
2179 597 2212 636 in
2225 599 2303 640 ἰω-

2078 661 2194 688 mlius.

2102 1312 2316 1366 Diagnofiet

2101 1515 2311 1570 Prognofis,

2123 2225 2293 2269 Curatio,
