2477 3643
443 145 540 204 *358
775 124 882 186 DE
948 138 1904 187 Moass-1sv-ENERE1S.

450 221 620 276 collui,
644 221 1013 288 quotiescumque
1037 221 1201 285 juscula
1231 219 1302 266 vel
1338 219 1505 284 ptisana
1536 222 1840 269 exhaurienda
1873 220 1972 268 sunt
1990 255 2005 275 ,
2035 241 2093 272 ne
2121 224 2289 290 pituita.-

451 288 599 334 acrior
622 287 955 352 viscidiorque,
975 304 1067 352 quae
1095 288 1142 332 in
1171 302 1251 332 ore
1282 284 1417 331 haeret
1434 318 1447 338 ,
1477 285 1660 351 abrepta
1679 287 1727 333 in
1757 287 2057 335 ventriculum
2102 292 2291 339 molesta

453 352 649 399 tormina
676 352 852 399 inferat.
1807 409 1809 411 ,

523 435 539 462 1
558 426 618 462 10.
657 419 780 463 Licet
807 433 951 479 aegm,
987 415 1017 459 fi
1045 414 1161 461 vires
1196 415 1399 468 valeant,
1427 414 1450 460 ὲ
1482 414 1596 461 lusto
1626 413 1874 462 identidem
1902 416 2113 479 surgere,
2146 421 2192 463 δε
2220 418 2279 465 ad

454 481 606 544 ignem
643 482 793 528 sedere
824 482 942 526 intra
968 479 1222 525 cubiculum
1250 480 1452 545 tepidum
1471 498 1482 533 3
1503 479 1533 524 fi
1556 481 1664 526 verb
1682 481 1842 527 letstum
1865 497 2012 527 teneat
2029 515 2041 533 ‚
2074 481 2210 528 debet
2229 484 2280 529 in

452 547 533 593 illo
556 547 818 611 plerumque
837 545 1015 591 affidere
1038 545 1185 591 ereeto
1220 545 1421 609 corporis
1448 560 1608 590 trunco
1641 550 1684 590 &
1719 546 1863 610 capite
1893 546 2144 591 :introrsum
2173 565 2283 611 pen-

452 611 563 658 dulo
581 646 593 664 ,
620 627 669 656 ut
696 610 829 656 saliva
851 609 1017 674 spissior
1039 609 1094 656 ab
1115 627 1194 656 ore
1212 609 1383 656 facilius
1402 609 1562 656 effluat.
1591 609 1785 656 Demum
1808 611 1983 673 quoties
2013 629 2096 676 prae
2117 612 2282 659 virium

452 675 761 723 imbecillitate
791 678 1074 738 exporreaus
1103 691 1288 738 cogetur
1322 674 1624 727 decumbere,
1657 678 1797 735 jaceat
1830 677 1877 720 in
1908 693 1955 721 os
1986 694 2177 739 pronus,
2205 695 2283 724 ne-

452 743 603 803 quein
623 741 710 786 alio
731 736 932 804 corporis
954 739 1033 785 situ
1053 740 1107 786 ad
1131 740 1334 786 somnum
1353 740 1393 786 se
1416 758 1609 803 unquam
1633 755 1872 804 componat
1892 773 1903 791 ‚
1926 757 2083 804 nempe
2104 757 2150 787 ut
2183 741 2283 788 sali-

450 823 508 851 va
527 806 743 870 perpetim
771 806 819 850 in
847 824 894 851 os
926 804 1105 851 affluens
1131 805 1220 850 sola
1248 807 1326 851 viae
1347 805 1605 852 declivitate
1620 803 1779 868 'sponte
1800 803 1918 849 foras
1948 822 2126 852 manare
2157 807 2285 870 possit

454 875 501 915 3<
530 871 553 914 a
581 870 833 916 ventriculo
862 870 1018 916 averti.
1049 870 1187 916 Pon-t>
1218 888 1272 916 ne
1296 870 1436 915 nimio
1458 869 1697 916 humorum
1720 869 1934 915 decubitu
1956 869 2164 915 alterutra
2187 889 2285 934 pars

455 934 545 979 oris
566 968 578 986 ,
603 936 761 997 linguae
781 969 792 986 ,
819 952 1092 997 genarumve
1117 934 1454 981 immoderatius
1479 950 1675 986 tumeat,
1705 952 1817 980 curae
1836 933 1885 979 fit
1906 949 1952 978 ut
1971 951 2083 997 aeget
2098 968 2110 987 ,
2132 935 2158 979 fi
2187 936 2285 983 fieri

452 998 581 1062 poffit
599 1034 611 1052 ,
632 1000 679 1044 in
698 1016 936 1063 utrumque
961 1000 1072 1045 latus
1093 998 1345 1046 alternatim
1372 1005 1437 1061 jac
1496 1016 1525 1045 t.
1556 998 1764 1046 Tandem
1788 998 1819 1043 fi
1854 998 1976 1046 alvus
2009 999 2180 1063 pigrior
2202 1001 2251 1047 sit
2268 1035 2285 1056 ‚

456 1064 596 1110 altero
622 1065 693 1111 vel
717 1064 849 1111 tertio
871 1082 1052 1128 quoque
1073 1065 1146 1111 die
1166 1081 1370 1112 enemate
1391 1064 1468 1111 sub
1504 1081 1675 1110 ucatur.

195 1146 394 1189 Tertium,
520 1134 622 1175 111.
655 1130 715 1174 Ea
734 1131 952 1176 methodo
969 1129 1222 1194 ptyalismus
1251 1130 1469 1192 regendus
1495 1131 1554 1176 est
1579 1128 1672 1174 tota
1697 1127 1821 1174 stadii
1849 1126 2032 1174 secundi
2061 1129 2252 1193 periodo
2272 1163 2287 1184 ‚

176 1199 298 1257 inquo
310 1212 409 1252 ptya·
454 1192 541 1239 hoc
572 1196 629 1240 est
656 1213 732 1260 per
754 1195 847 1241 dies
867 1214 938 1241 xv.
959 1213 1027 1239 xx.
1048 1212 1151 1241 xxv.
1174 1195 1203 1239 si
1224 1194 1417 1259 perfecta
1436 1209 1653 1257 quaeratur
1676 1192 1825 1238 morbi
1846 1194 2032 1239 curatio.
2063 1195 2182 1240 Hinc
2205 1214 2286 1242 ve-

176 1252 383 1309 hsmusex-
455 1258 506 1304 rb
525 1259 788 1307 salivatione
809 1259 964 1324 sponte
984 1258 1216 1307 fatiscente
1235 1259 1394 1324 incipit
1417 1259 1602 1305 stadium
1631 1258 1813 1306 tertium
1830 1291 1841 1309 ‚
1866 1258 1912 1302 in
1944 1276 2035 1321 quo
2067 1260 2287 1322 ptyalismi

177 1303 363 1342 'hamum'
455 1324 662 1387 reliquias
682 1326 918 1371 exhaurire
935 1358 948 1377 ,
969 1325 1058 1370 oris
1078 1342 1215 1371 noxas
1235 1342 1467 1389 reparare,
1488 1330 1534 1370 δε
1555 1324 1779 1371 exhaustas
1792 1324 2048 1385 aegrotantis
2065 1325 2180 1371 vires
2197 1323 2287 1370 inss

455 1403 632 1435 taurate
663 1390 833 1437 necesse
862 1392 934 1436 est.

513 1458 668 1517 Itaque
712 1463 772 1500 10.
807 1456 965 1501 Lintea
989 1453 1140 1500 omnia
1159 1488 1170 1505 ‚
1197 1472 1292 1517 qua:
1325 1453 1348 1498 a
1384 1451 1616 1501 Mercurio
1642 1450 1822 1497 sordida
1845 1449 1971 1504 sunt,
2001 1468 2049 1497 ut
2079 1453 2248 1500 tibialia
2268 1487 2283 1507 ,

454 1517 685 1565 femoralia
704 1554 716 1572 ,
737 1519 956 1565 indusium
972 1553 984 1571 ‚
1006 1518 1284 1565 detrahenda
1303 1517 1402 1564 sunt
1417 1553 1429 1570 ,
1452 1524 1497 1564 ὃς
1527 1517 1740 1562 mutanda
1759 1516 1858 1561 lesti
1877 1550 1889 1567 ,
1915 1517 1961 1561 in
1981 1535 2072 1579 quo
2097 1536 2209 1581 aeger
2225 1524 2288 1580 ja-

454 1600 525 1630 cet
543 1617 556 1636 ,
583 1585 748 1636 lintea,
774 1602 823 1630 ut
852 1585 1005 1631 omnia
1038 1584 1203 1629 munda
1229 1583 1325 1628 sint.
1362 1578 1542 1629 Sl‘imma
1572 1582 1682 1626 cutis
1703 1615 1715 1633 ,
1748 1598 2035 1643 quaecumque
2066 1584 2287 1630 Mercurii

450 1647 567 1693 illitu
598 1649 749 1704 spurca
773 1652 832 1695 est
847 1683 860 1701 ‚
888 1649 990 1696 oleo
1017 1648 1346 1711 amygdalarum
1368 1648 1564 1693 dulcium
1586 1645 1777 1710 primum
1794 1679 1804 1696 ,
1825 1645 1931 1692 inde
1953 1646 2063 1708 aqua
2085 1647 2183 1693 vitaz
2203 1648 2285 1695 de-

452 1705 670 1775 tergenda
687 1747 699 1766 ,
727 1732 781 1759 ne
799 1732 886 1778 qua
905 1714 1126 1760 'Mercurii
1152 1714 1300 1776 portio
1330 1712 1374 1758 in
1400 1729 1502 1759 cute
1522 1712 1692 1774 reliqua
1712 1709 2018 1756 salivationem
2036 1729 2161 1774 aequo
2181 1713 2285 1758 diu-

453 1776 538 1823 tius
578 1779 823 1842 protrahat.
864 1782 994 1824 Tunc
1021 1796 1202 1841 quoque
1230 1778 1351 1823 alvus
1372 1811 1384 1829 ,
1417 1795 1511 1840 quae
1545 1777 1803 1840 plerumque
1829 1775 2050 1838 ptyalismi
2081 1793 2285 1841 tempore

451 1842 579 1905 pigra
598 1877 610 1895 ,
640 1843 729 1888 imo
749 1845 949 1889 adst-rista
975 1842 1085 1889 solet
1110 1842 1196 1891 effe
1222 1842 1282 1887 ob
1303 1841 1504 1887 humoris
1523 1840 1783 1886 confluxum
1804 1839 1948 1886 versus
1982 1858 2029 1886 os
2047 1874 2059 1892 ‚
2090 1842 2284 1905 primum

450 1924 659 1953 enemate
688 1909 974 1972 eccoprotico
992 1942 1004 1959 ‚
1028 1926 1132 1953 mox
1153 1922 1368 1971 purgante
1387 1905 1574 1952 laxanda
1593 1907 1651 1950 est
1672 1923 1724 1950 ex
1745 1904 1933 1950 demeto
1951 1903 2166 1952 foliorum
2188 1924 2287 1953 ver-

448 1969 572 2016 basci
601 1979 644 2018 &
681 1971 857 2018 seminis
885 1973 999 2023 lini,
1028 1972 1182 2017 addito
1201 1971 1364 2030 butyro
1395 1986 1570 2016 recente
1599 1985 1672 2014 aut
1697 1970 1800 2014 oleo
1823 1969 2151 2031 amygdalarum
2183 1971 2284 2018 dul-

449 2036 576 2081 tcium
597 2069 608 2088 ‚
626 2037 696 2082 vel
718 2037 839 2082 caffifi
860 2053 1061 2083 recenter
1081 2036 1272 2082 exn-aeta
1297 2035 1351 2080 ad
1372 2035 1406 2100 ξ
1426 2039 1436 2093 j
1456 2035 1500 2080 ss.
1523 2050 1595 2079 aut
1617 2034 1842 2078 catholico
1863 2033 1916 2077 ad
1943 2033 1974 2097 ⁷5
1990 2038 2019 2093 j.

522 2110 585 2146 20.
622 2102 707 2148 Die
736 2102 942 2165 sequente
965 2100 1218 2147 exhibenda
1239 2101 1445 2163 purgatio
1472 2116 1523 2144 ex
1559 2097 1691 2143 senna
1710 2132 1722 2149 ‚
1756 2097 2028 2142 rhabarbaro
2049 2132 2061 2150 ,
2086 2097 2171 2144 sale
2203 2116 2286 2145 ve-

448 2166 591 2227 ·getali
609 2199 621 2217 ‚
644 2166 828 2218 mannfi,
849 2165 971 2211 callia
988 2200 1002 2218 ‚
1021 2165 1203 2228 aliisque
1225 2165 1349 2225 hujus
1367 2163 1538 2227 generis
1554 2161 1859 2208 blandioribus
1879 2162 2128 2208 catharticis
2143 2197 2155 2216 ,
2189 2181 2286 2226 quae

448 2228 484 2273 ‘fi
518 2230 770 2294 ptyalismus
802 2231 983 2276 uberior
1008 2229 1056 2274 sit
1074 2264 1086 2280 ,
1114 2230 1291 2275 alternis
1326 2228 1482 2274 diebus
1511 2227 1672 2273 iterum
1694 2244 1826 2291 atque
1847 2226 2010 2273 iterum
2043 2229 2284 2291 repetenda

454 2294 514 2340 est
532 2330 544 2348 ,
573 2296 718 2342 donec
746 2295 998 2361 ptyalismus
1027 2294 1303 2357 pedetentim
1328 2293 1626 2339 exhauriatur.
1655 2324 1657 2326 -

181 2371 271 2409 Oris
293 2370 411 2410 ulcera
522 2368 581 2421 30.
613 2362 720 2407 Oris
739 2362 889 2410 ulcera
905 2394 916 2412 ‚
937 2359 1095 2423 quibus
1124 2358 1349 2421 hucusque
1379 2374 1559 2417 parcere
1583 2355 1724 2401 visum
1742 2354 1854 2407 fuit>
1888 2354 2164 2417 detergenda
2191 2374 2285 2404 arte

173 2434 366 2464 ⁴‘Quantus-
456 2422 793 2489 eadem,quam
815 2410 871 2472 ὦ
906 2426 1084 2470 molesta
1117 2424 1185 2469 vel
1221 2418 1465 2488 periculosa
1491 2420 1793 2467 adhibendam
1815 2418 1899 2466 effe
1931 2420 2070 2466 modo
2106 2421 2288 2468 diceba-

454 2507 551 2536 mus
571 2525 582 2542 ,
605 2484 766 2554 nempe
786 2489 852 2536 bis
877 2490 922 2535 in
945 2490 1018 2535 die
1040 2488 1304 2552 intingenda
1330 2505 1415 2552 ope
1440 2487 1634 2552 penicilli
1653 2485 1780 2531 lintei
1802 2484 1990 2543 collyrio
2013 2484 2252 2532 Lanfranci
2268 2520 2281 2539 ,

453 2556 529 2604 vel
558 2553 684 2607 solo,
717 2556 788 2600 vel
818 2555 942 2618 quod
978 2554 1140 2599 additis
1172 2551 1344 2617 spiritus
1378 2551 1466 2598 five
1502 2550 1673 2596 vitrioli
1702 2549 1790 2595 sive
1825 2548 1920 2594 salis
1940 2549 2083 2658 [guttis
2115 2550 2286 2613 aliquot

449 2636 638 2667 acuatur
655 2638 666 2671 ·,
691 2620 781 2665 imo
799 2654 810 2672 ,
830 2619 859 2664 fi
876 2619 1110 2680 collyrium
1124 2616 1361 2664 Lanftanci
1382 2615 1584 2662 inefficax
1605 2614 1688 2661 effe
1704 2614 1921 2665 videatur,
1958 2614 2093 2678 piritu
2106 2614 2200 2678 ipso
2219 2616 2289 2662 vi·-

450 2685 581 2731 ·trioli
608 2685 679 2729 vel
719 2685 812 2729 salis
844 2684 974 2730 melle
1013 2698 1275 2746 temperato.
1310 2681 1420 2727 Inde
1451 2679 1598 2744 saepius
1630 2678 1818 2725 eluenda
1848 2679 1970 2742 aquis
1998 2678 2286 2726 thermalibus

451 2748 742 2808 tepentibus,
771 2765 817 2793 v.
848 2765 890 2811 g..
919 2747 1041 2811 aquis
1073 2746 1349 2793 balerucanis
1367 2778 1379 2798 ,
1416 2745 1487 2790 vel
1521 2745 1707 2789 decoOco
1731 2742 1883 2805 tepido
1909 2742 2066 2788 radicis
2096 2743 2285 2797 althaeae,

454 2809 531 2861 vel
547 2812 708 2859 hordei
728 2813 892 2875 integri
915 2829 1015 2857 cum
1032 2811 1162 2858 melle
1186 2809 1368 2856 rosaceo
1385 2843 1397 2862 ‚
1417 2809 1488 2854 cui
1506 2810 1598 2872 post
1620 2808 1713 2853 dies
1734 2807 1903 2869 aliquot
1926 2806 2080 2852 vinum
2101 2809 2284 2854 rubrum
2319 2806 2322 2810 ⁵

460 2877 668 2943 guttatim
690 2877 821 2924 debet
842 2874 1045 2928 infundi,
1070 2892 1117 2921 ut
1139 2877 1286 2922 ulcera
1305 2874 1361 2920 ad
1379 2890 1576 2938 optatam
1599 2871 1851 2917 cicatricem
1874 2870 2045 2917 felicius
2071 2873 2286 2935 citiusque

451 2935 754 2990 deducantur.
786 2941 991 2988 Tandem
1013 2941 1166 2987 vinum
1194 2940 1375 2985 rubrum
1409 2956 1566 3003 purum
1595 2952 1842 3002 putumque
1862 2935 2167 2983 adhibendum
2196 2939 2282 2989 est,

451 3027 553 3073 aquo
587 3007 698 3052 nihil
728 3007 991 3066 praestantius
1020 3006 1075 3051 ad
1107 3006 1403 3051 curationem.
1666 3014 1668 3016 ’

188 3075 352 3112 ‘Solidior
368 3075 420 3112 ci·
522 3082 589 3130 4⁰.
623 3071 755 3117 Paulo
780 3071 962 3117 solidior
987 3071 1108 3116 cibus
1141 3070 1348 3135 paulatim
1380 3065 1656 3114 exhibendus
1683 3068 1741 3113 est
1761 3066 1853 3130 post
1873 3064 2181 3129 purgationem
2199 3096 2211 3115 ‚
2233 3078 2282 3108 ut

186 3127 264 3184 ‘33¹³’
279 3129 423 3178 Penni*
462 3136 560 3184 offae
581 3171 593 3188 ‚
626 3153 850 3181 cremores
882 3153 1025 3194 oryzae
1050 3168 1062 3186 ‚
1086 3134 1312 3198 panatelloe
1336 3151 1389 3179 ex
1421 3131 1556 3175 crusta
1575 3130 1724 3193 panis,
1750 3145 1823 3176 aut
1859 3147 1913 3175 ex
1949 3145 2079 3173 carne
2114 3127 2283 3189 gallinae

182 3191 298 3218 ’‘mu“
455 3201 654 3247 monti-ita
672 3235 685 3254 ,
701 3218 796 3247 ‘ov-a
823 3197 1006 3245 sorbilia
1034 3204 1124 3244 ἃς,
1151 3198 1262 3258 imo
1264 3196 1494 3262 pullorum
1524 3196 1594 3243 vel
1613 3195 1885 3258 *gallinarum
1907 3208 2018 3240 ,caro
2041 3190 2177 3238 ,affata
2203 3207 2283 3238 aut
