2477 3643
181 1440 313 1488 Neque
322 1435 390 1496 dis-

153 1503 219 1543 par
245 1502 388 1528 CUFath

155 1542 381 1593 rhagadibus

157 1595 372 1635 adhibenda.

425 130 516 176 290
793 115 887 165 DE
952 112 1900 164 MORBISVENEREIS.

423 192 645 261 digestivo
656 193 829 259 vulgari
844 213 896 242 ex
911 193 1214 243 terebinthina
1228 199 1271 240 <Sc
1286 191 1363 238 ovi
1377 190 1547 245 vitello,
1558 209 1755 256 quocum
1770 189 2087 240 admiscebitur
2100 191 2253 242 oleum

426 260 661 326 hyperici,
689 259 719 305 fi
739 260 943 307 foetidior
964 261 1169 307 videatur
1193 257 1389 303 vulneris
1407 255 1568 309 facie53
1595 256 1783 303 tinctura
1802 255 1873 303 vel
1902 257 2046 322 pulvis
2066 260 2254 321 myrrhae

423 343 499 374 aut
520 326 635 372 alo'c‘s
652 359 664 378 ,
691 324 721 370 si
746 326 872 389 quod
897 325 1127 372 immineat
1147 322 1425 369 siderationis
1443 321 1689 385 periculum
1710 340 1720 375 3
1745 321 2038 387 praecipitatus
2065 325 2255 371 Mercu-

424 392 514 437 rius
533 389 666 437 ruber
684 424 696 442 ,
717 389 746 435 fi
771 390 870 436 calli
890 390 1094 435 duriores
1113 393 1158 433 &
1185 385 1469 433 resolutionis
1496 384 1633 432 nescii
1657 386 2019 451 suppurationem
2040 386 2220 434 eludant
2245 407 2257 442 3

425 455 503 503 sed
522 454 688 517 fingula
709 455 882 502 diversa
910 452 1003 499 dofi
1017 486 1031 506 ,
1061 452 1223 514 majori
1241 452 1468 498 minorive
1485 483 1498 502 ,
1517 467 1676 516 nempe
1694 469 1788 515 quae
1808 452 1950 498 variet
1966 469 2048 517 pro
2070 452 2250 500 diverso

425 521 615 586 periculi
635 519 786 564 modo.

497 588 592 630 10⁶.
629 584 723 629 Ubi
756 582 947 647 primum
980 581 1232 628 remittetur
1254 579 1508 644 suppuratio
1527 614 1539 632 ,
1574 578 1777 642 digestivi
1796 579 1900 626 loco
1931 582 2147 629 utendum
2165 582 2257 630 erit

427 649 624 697 balsamo
643 648 781 693 Arcaei
802 664 848 692 ut
865 648 992 711 plaga
1011 647 1267 708 detergatur
1282 651 1327 691 δε
1343 646 1487 691 carnis
1507 643 1789 707 regeneratio
1810 644 1964 691 senfim
1982 665 2256 709 promovea-

430 732 501 762 tur
518 748 530 766 ,
547 730 739 777 quocum
757 713 922 776 poterit
936 711 1188 758 identidem
1202 711 1495 776 praecipitatus
1515 710 1648 756 ruber
1664 709 1896 754 admisceri
1914 743 1926 761 ‚
1945 710 1974 755 fi
1987 712 2048 757 ita
2065 712 2088 757 ὲ
2106 731 2151 760 re
2168 713 2256 760 essi:

427 780 634 828 videatur
655 811 666 829 ‚
693 795 741 822 ac
769 777 951 824 tandem
972 776 1174 823 resolutis
1190 810 1202 827 ‚
1228 775 1470 839 suppuratis
1486 809 1500 828 ,
1528 775 1600 821 vel
1620 773 1753 822 exesis
1782 773 1902 820 callis
1920 777 2129 822 omnibus
2153 779 2256 825 vul-

430 844 547 891 neris
569 842 707 888 coitio
726 842 772 887 in
791 843 1042 889 cicatricem
1065 840 1381 912 permittenda.

490 925 505 952 1
523 917 582 952 10.
616 913 665 952 Iu
687 906 845 952 ultimo
870 908 977 954 vero
1000 909 1100 954 calu
1124 906 1262 951 inusta
1285 904 1462 951 eschara
1488 902 1652 965 butyro
1680 902 1850 950 recenti
1870 936 1882 955 ‚
1903 903 1976 950 vel
2003 904 2080 950 ovi
2100 904 2256 953 vitello

428 972 497 1019 bis
521 972 577 1020 de
604 973 678 1019 die
706 972 923 1019 illinenda
941 973 1027 1025 est,
1051 972 1159 1018 dum
1178 970 1368 1017 decidat.
1406 969 1585 1015 Deinde
1613 969 1831 1015 utendum
1864 968 2082 1032 digestivo
2104 971 2259 1035 vulga-

430 1038 469 1083 ri
488 1071 502 1090 ,
524 1056 623 1084 cum
646 1037 747 1083 oleo
767 1037 952 1101 quidem
976 1035 1177 1102 hyperici
1201 1036 1274 1083 vel
1294 1033 1482 1080 tinctura
1499 1034 1688 1095 myrrhae
1708 1048 1782 1079 aut
1802 1033 1918 1078 alo‘c's
1937 1067 1950 1086 ,
1979 1033 2008 1078 si
2027 1034 2187 1081 nimius
2207 1035 2263 1080 fit

429 1103 590 1148 ulceris
612 1102 748 1149 foetor
770 1121 780 1154 ς
802 1103 901 1149 cum
920 1103 1192 1167 praecipitato
1217 1100 1325 1147 vero
1345 1100 1485 1145 rubro
1501 1132 1513 1150 ‚
1537 1099 1565 1143 fi
1593 1100 1671 1162 qui
1702 1098 1801 1145 calli
1825 1097 2072 1162 superstites
2098 1100 2259 1148 ulceris

430 1167 623 1214 fundum
641 1168 712 1214 vel
732 1167 855 1213 labra
873 1184 1109 1232 occupent.
1146 1165 1340 1212 Demsim
1365 1181 1412 1210 ut
1433 1163 1623 1210 detersio
1652 1171 1696 1212 δε
1718 1164 1860 1209 carnis
1890 1166 2170 1225 regeneratio
2192 1166 2258 1212 fe«

430 1232 558 1279 licius
578 1234 826 1298 procedant
845 1267 858 1285 ,
880 1232 1123 1279 balsamum
1147 1232 1288 1276 Arcesi
1322 1230 1393 1275 vel
1424 1228 1565 1274 solum
1584 1263 1598 1282 ,
1624 1230 1696 1276 vel
1726 1247 1826 1275 cum
1853 1227 2050 1275 balsamo
2088 1230 2223 1276 viridi
2243 1266 2257 1284 ,

430 1297 461 1343 fi
484 1316 638 1344 carnes
664 1296 861 1362 fungosa:
889 1297 1213 1346 luxuriaverint
1230 1329 1243 1349 ‚
1274 1293 1579 1341 adhibendum
1606 1296 1664 1340 est
1681 1329 1694 1347 ,
1719 1295 1865 1341 donec
1887 1294 2043 1340 vulnus
2064 1295 2258 1360 perfecie

431 1363 732 1409 consanescat.

502 1430 593 1474 12⁰.
620 1427 806 1492 Triplex
840 1426 1176 1489 distinguendus
1195 1426 1255 1470 est
1283 1423 1338 1468 ad
1368 1422 1640 1486 therapeiam
1669 1422 1914 1485 rhagadum
1946 1426 2101 1475 status,
2135 1440 2259 1470 cuta-

432 1510 617 1541 nearum
637 1527 649 1545 ‚
670 1491 1017 1557 profundiorum
1036 1490 1112 1536 sed.
1133 1507 1227 1553 quae
1247 1505 1395 1534 tamen
1415 1487 1617 1550 benigna:
1639 1487 1721 1533 sint
1741 1522 1753 1539 ,
1785 1494 1830 1534 ὃς
1853 1490 2163 1552 malignarum.

502 1564 689 1604 Cntaneae
717 1556 931 1620 quidem,
956 1555 986 1600 si
1011 1555 1294 1601 inflammatae
1324 1553 1507 1598 doleant
1526 1585 1539 1603 ,
1560 1551 1795 1599 foveantur
1822 1554 1930 1600 latste
1950 1588 1960 1605 ,
1984 1553 2080 1599 sero
2107 1553 2227 1599 lastis
2244 1588 2257 1607 ‚

431 1623 622 1670 decosto
655 1620 855 1669 verbasci
879 1636 951 1666 aut
980 1619 1169 1672 althaeae,
1204 1618 1277 1664 vel
1312 1616 1407 1663 solo
1439 1617 1508 1663 vel
1537 1635 1639 1662 cum
1672 1617 1827 1663 addito
1863 1617 2072 1664 sacchar-0
2109 1622 2259 1664 Satur-

435 1689 576 1741 nino3
605 1686 736 1733 succo
766 1687 983 1750 deputato
1012 1683 1279 1749 plantaginis
1297 1716 1310 1734 ‚
1336 1681 1605 1746 sempervivi
1641 1681 1714 1728 seu
1751 1682 1842 1728 sedi
1870 1689 1955 1729 &c.
1989 1683 2259 1746 mucilagine

432 1771 487 1800 ex
511 1752 751 1799 seminibus
771 1750 913 1816 psyllii
932 1785 944 1802 ‚
965 1750 1073 1802 lini,
1095 1750 1396 1811 cydoniorum
1418 1753 1503 1794 &c-
1532 1764 1633 1793 cum
1660 1747 1773 1810 aqua
1797 1748 2063 1812 plantaginis
2086 1763 2262 1795 extrac-

434 1818 508 1869 ῑὲις
530 1818 631 1863 oleo
658 1818 682 1863 ὲ
718 1815 881 1863 vitellis
913 1832 1108 1861 ovorum
1125 1848 1139 1866 ‚
1170 1814 1243 1860 vel
1268 1813 1292 1858 ὲ
1317 1811 1483 1858 semine
1510 1811 1591 1857 lini
1618 1811 1695 1858 diu
1730 1813 1777 1858 in
1806 1813 2023 1860 mortario
2048 1812 2262 1878 plumbeo

435 1881 622 1928 subadfis
643 1916 655 1933 ,
678 1880 785 1927 dum
814 1879 1078 1943 nigrescant.
1114 1878 1162 1925 Si
1190 1877 1298 1925 vero
1323 1876 1677 1923 inflammatione
1709 1894 1895 1930 vacent,
1922 1878 2155 1924 abluantur
2183 1876 2261 1922 szt-

434 1945 531 2011 pius
555 1946 600 1990 in
631 1947 704 1992 die
731 1944 843 2009 aqua
872 1944 1079 1991 thermali
1101 1942 1257 2006 quavis
1275 1975 1288 1995 ‚
1316 1942 1610 1993 Balerucana,
1638 1942 1928 1989 Borbonienfi
1947 1976 1960 1995 ‚
1984 1940 2263 2005 Bagnerienfi

434 2017 521 2058 &e
548 2009 696 2056 infuso
716 2012 788 2056 vel
808 2009 994 2056 decocto
1015 2009 1263 2073 plantarum
1283 2006 1635 2053 vulnerariarum
1655 2040 1667 2059 ‚
1687 2022 1736 2051 ut
1767 2007 2034 2053 Alchimillae
2066 2007 2156 2053 five
2182 2024 2263 2071 pe-

433 2075 503 2121 dis
529 2075 668 2121 leonis
685 2109 698 2128 ,
723 2073 922 2120 saniculae
940 2107 954 2126 ,
970 2072 1144 2136 bugulae
1162 2105 1175 2124 ‚
1197 2072 1361 2137 pyrolae
1377 2104 1390 2123 ,
1417 2070 1639 2118 veronicae
1655 2104 1668 2122 ‚
1692 2071 1825 2134 virgae
1846 2088 1983 2117 aureae
2004 2105 2016 2123 ,
2036 2072 2262 2135 angeliczr,

434 2140 650 2187 betonicae
673 2178 684 2196 ,
717 2138 953 2203 prunellae‚
986 2138 1124 2185 vincae
1156 2136 1378 2202 pervincae
1399 2169 1413 2187 ‚
1451 2134 1657 2199 pilosellae
1690 2140 1779 2181 δίε.
1810 2135 1920 2200 aqua
1948 2136 2078 2182 calcis
2109 2155 2120 2189 3
2153 2136 2263 2183 vino

434 2204 574 2252 rubro
594 2238 606 2257 ,
635 2203 706 2250 cui
730 2203 899 2251 ferrum
927 2203 1120 2267 ignitum
1146 2201 1384 2252 intinCtum
1406 2199 1543 2247 fuerit
1565 2218 1576 2253 3
1599 2199 1711 2263 aqua
1744 2200 1994 2248 vulnerari&
2023 2199 2111 2248 sive
2142 2216 2264 2246 trau-

434 2270 596 2319 matie&
621 2269 792 2331 vulgari
821 2302 833 2321 ,
872 2285 966 2332 quae
992 2286 1045 2315 ex
1072 2267 1179 2314 vino
1210 2266 1313 2312 albo
1352 2282 1453 2310 cum
1492 2265 1651 2329 plantis
1679 2263 1940 2311 vulnerariis
1970 2266 2108 2311 modo
2136 2265 2263 2311 dietis

434 2334 584 2383 infuso
616 2333 901 2380 distillatione
930 2332 1119 2379 elicitur.
1147 2331 1268 2378 Lotis
1290 2336 1335 2377 &
1357 2329 1536 2377 detersis
1566 2329 1764 2376 illinatur
1792 2329 2001 2391 butyrum
2027 2348 2039 2383 ·,
2066 2345 2264 2376 ceratum

436 2399 707 2462 refrigerans
726 2399 883 2444 Galeni
899 2398 1028 2463 paulo
1043 2396 1284 2460 liquidiuss
1304 2394 1454 2442 album
1472 2393 1623 2441 Rhasis
1644 2413 1655 2446 ;
1680 2410 1957 2457 unguentum
1982 2394 2040 2442 de
2060 2394 2230 2441 cerussa
2247 2412 2260 2448 3

436 2479 717 2529 unguentum
743 2463 894 2510 album
920 2461 1259 2528 camphoratum
1288 2479 1300 2514 3
1328 2475 1605 2524 unguentum
1627 2458 2030 2523 diapompholygos
2063 2465 2149 2506 &c-
2177 2459 2266 2522 qua

437 2528 654 2578 methodo
685 2528 814 2575 brevi
848 2527 1164 2575 consanescunt
1199 2526 1414 2589 rhagades
1435 2559 1447 2576 ,
1471 2541 1566 2588 quae
1597 2540 1792 2570 cutaneae
1818 2523 1917 2571 sunt
1936 2558 1950 2577 ,
1988 2522 2268 2587 levioresque

438 2597 493 2643 ad
522 2611 653 2641 anum
681 2592 834 2640 fiflurae
853 2626 865 2645 ,
885 2599 930 2641 δέ
952 2593 976 2638 a
997 2592 1120 2638 nullo
1138 2590 1349 2637 foventur
1377 2589 1600 2653 sanguinis
1625 2588 1738 2634 vitio

509 2668 602 2719 13⁰.
634 2658 867 2720 Rhagades
890 2657 999 2704 vero
1021 2656 1302 2720 profundiores
1319 2692 1334 2708 ,
1363 2653 1439 2701 sed
1465 2671 1560 2717 quae
1590 2669 1738 2700 tamen
1764 2653 1968 2717 benignae
1990 2651 2089 2697 sunt
2106 2685 2118 2703 ‚
2136 2651 2182 2698 id
2203 2652 2262 2698 est

437 2741 624 2788 quarum
644 2722 767 2768 labra
788 2722 941 2768 mollia
964 2720 1060 2766 sunt
1083 2725 1128 2766 &
1149 2720 1363 2765 callorum
1387 2719 1585 2782 expertia
1603 2752 1616 2770 ‚
1638 2717 1669 2763 fi
1698 2718 1835 2765 acrius
1867 2718 2050 2764 doleant
2071 2749 2082 2768 ,
2118 2733 2266 2762 reme-

438 2789 523 2835 diis
551 2788 707 2835 iisdem
729 2820 740 2837 ‚
762 2804 855 2849 quae
876 2786 922 2831 in
942 2784 1210 2850 praecedenti
1230 2782 1418 2829 articulo
1439 2782 1577 2829 modo
1597 2782 1904 2847 proposuimus
1920 2816 1934 2834 ,
1955 2780 2262 2827 demulcendae

437 2853 564 2905 sunt3
588 2852 615 2898 si
647 2851 755 2898 vero
785 2850 1150 2898 inflammationis
1173 2854 1218 2895 &
1237 2847 1487 2895 intenfioris
1519 2846 1690 2893 doloris
1718 2847 1938 2893 immunes
1962 2844 2156 2897 fuerint,
2177 2844 2265 2891 elui

438 2917 606 2964 debent
636 2916 745 2980 aqua
778 2915 1092 2981 phagedaenica&
1116 2914 1326 2966 mitiore,
1353 2914 1426 2960 vel
1453 2911 1599 2977 lapide
1633 2910 1843 2959 infernali
1879 2910 2040 2958 leviter
2076 2908 2265 2971 attingi,

438 2983 510 3029 vel
540 2999 771 3044 unguento
800 2981 1061 3045 AEgyptiaco
1090 2979 1261 3031 curari,
1289 2993 1336 3024 ut
1365 2977 1509 3024 lurida
1540 2982 1584 3024 δέ
1610 2975 1881 3042 semi-putris
1911 2977 2109 3022 ulcerum
2130 2972 2263 3018 facies

437 3062 695 3095 renovetur.
727 3047 921 3092 Demum
944 3043 1125 3092 detersis
1148 3043 1437 3090 &mundatis
1469 3041 1689 3089 ulceribus
1719 3041 2002 3089 admovenda
2034 3050 2262 3100 unguenta·

441 3110 769 3161 demulcenda,
790 3127 884 3172 quae
906 3110 1030 3173 supra
1055 3107 1277 3174 proposita
1296 3106 1395 3153 sunt
1409 3140 1422 3159 ,
1440 3122 1487 3152 ut
1506 3106 1708 3174 mitigata
1733 3106 1966 3156 succorum
1987 3099 2262 3150 affluentium

439 3174 685 3225 acrimonia
701 3207 716 3229 ‚
740 3174 949 3222 cicatrice
973 3173 1167 3222 feliciter
1189 3172 1487 3223 obducantur.
