2477 3643
157 1046 235 1085 111.
254 1044 387 1083 Gravis

157 1098 347 1136 diarrhoea

155 1151 190 1187 in
218 1150 383 1200 dysente-

159 1202 249 1238 riam
276 1201 361 1253 scrpe

157 1253 322 1305 degener·

417 102 514 169 *366
790 99 885 146 DE
952 95 1897 146 moassiserERErs.

461 212 466 217 .
490 184 555 223 2⁰.
592 176 804 240 Purgatio
825 178 1076 225 instituetur
1096 196 1148 224 ex
1170 175 1318 222 infuso
1336 174 1643 224 folliculorum
1664 178 1807 226 sennae
1828 185 1872 227 &
1896 178 1991 229 salis
2012 182 2256 247 vegetaliSJ
2269 205 2276 215 ¹

426 259 528 290 cum
547 241 697 288 addita
717 243 878 289 manna
909 244 981 290 vel
1001 241 1194 288 medulla
1215 240 1345 286 casliae
1362 274 1374 294 ‚
1406 241 1564 304 quibus
1582 242 1614 288 fi
1630 245 1801 308 pigrior
1833 245 1954 293 alvus
1972 245 2021 292 sit
2038 281 2052 302 ,
2081 249 2253 313 aliquot

430 308 585 356 tartari
605 307 766 353 stibiati
796 308 992 355 lolubilis
1012 324 1143 369 grana
1165 306 1445 365 adjicientur.

495 379 558 433 30.
595 372 640 419 Si
676 371 813 418 febris
848 371 1075 437 periodice
1111 371 1378 417 intermittat
1397 404 1409 422 ,
1446 369 1733 419 adhibebitur
1768 391 1917 422 cortex
1952 375 2218 440 peruvianus
2235 407 2251 429 ,

424 436 563 499 vulgo
592 438 806 494 Kinakina
828 475 842 490 ,
868 436 913 482 in
940 434 1175 482 substantia
1196 435 1264 482 vel
1289 436 1335 479 in
1360 435 1546 482 decocto
1567 469 1579 487 ,
1603 436 1734 483 semel
1758 439 1980 502 pluriesve
1998 441 2045 486 in
2068 440 2140 487 die
2159 474 2172 492 ‚
2194 441 2252 487 ad

425 517 455 564 3
475 505 500 561 j.
523 501 592 547 vel
614 501 658 561 ij.
680 499 770 545 dofi
797 500 996 563 qualibet
1014 533 1027 553 ,
1057 507 1179 554 cuius
1205 498 1438 547 efficacitas
1466 501 1694 564 explorata
1721 505 1780 549 est
1809 505 1856 551 in
1885 504 2090 551 curandis
2108 504 2254 553 febri-

427 566 511 613 bus
529 564 767 630 periodicis
787 599 798 615 ,
818 580 911 610 tum
936 564 1158 611 continuis
1175 599 1187 618 ,
1207 581 1302 611 tum
1320 565 1734 613 intermittentibus.

488 639 556 689 40.
592 629 759 675 Curata
789 628 922 676 semel
947 628 1105 682 febre,
1134 628 1164 675 fi
1186 646 1299 693 aeger
1329 629 1548 675 infirmior
1579 628 1664 676 esse
1696 631 1902 678 videatur
1923 665 1936 685 ,
1968 631 2254 679 'Mercurialis

428 694 652 759 therapeia
683 693 729 738 in
763 694 879 740 aliud
911 711 1080 758 tempus
1111 694 1374 741 differetur:
1405 694 1451 740 Si
1481 694 1589 740 vero
1620 694 1784 743 viribus
1814 697 1914 742 satis
1947 697 2090 744 valeat
2109 731 2120 748 ,
2151 696 2253 743 sali·

426 761 551 807 vatio
581 757 841 820 urgebitur,
872 758 901 804 fi
929 758 990 805 ob
1018 758 1219 804 adhibita
1250 758 1449 806 remedia
1479 757 1699 805 remiserit
1727 760 1898 806 tantum
1916 793 1929 813 ,
1959 761 2032 808 vel
2060 778 2257 808 renova-

427 823 547 869 bitur
577 822 605 867 s1
636 820 891 876 cellaverit,
922 841 1055 886 quern
1083 824 1128 870 in
1158 822 1294 871 finem
1324 838 1505 888 oportet
1534 828 1580 869 δε
1603 823 1740 870 lintea
1762 825 1925 878 reddi,
1952 842 2046 887 quae
2067 829 2255 873 Mercu-

428 887 497 934 rio
519 887 744 933 sordidata
768 887 865 934 sunt
882 921 894 940 ,
919 893 964 935 &
987 906 1124 935 novas
1145 888 1313 952 aliquot
1334 888 1612 935 inunctiones
1629 921 1643 941 ‚
1673 887 1749 936 sed
1769 889 1894 936 caute
1914 888 2069 936 iterari
2086 923 2100 942 ,
2130 905 2257 938 caete-

431 968 566 1014 taque
580 952 739 998 onmia
758 953 851 1015 tegi
873 957 993 1014 juxta
1015 955 1133 1015 leges
1154 952 1279 1017 supra
1301 952 1550 1017 explicatam

492 1021 591 1062 111.
630 1016 754 1063 Solet
790 1018 836 1062 in
864 1018 1090 1066 nonnullis
1123 1017 1321 1065 secundae
1352 1017 1422 1064 vel
1454 1017 1589 1065 tertiae
1617 1016 1868 1064 inunctioni
1899 1017 2120 1082 ptyalismi
2152 1018 2256 1065 loco

431 1081 578 1144 gravis
609 1081 834 1128 diarrhoea
863 1082 1098 1136 succedere
1117 1117 1128 1136 ,
1158 1100 1251 1145 quae
1280 1082 1309 1127 si
1337 1081 1612 1146 negligatur,
1638 1082 1926 1128 citovabitura
1953 1084 2012 1129 est
2037 1083 2086 1127 in
2111 1083 2259 1129 mani·-

428 1144 584 1193 'festam
612 1145 906 1208 dysenteriam
930 1180 942 1199 ,
973 1147 1020 1192 in
1046 1147 1133 1212 qua
1165 1147 1355 1193 tormina
1385 1148 1576 1193 maxima
1597 1181 1609 1199 ,
1632 1146 1852 1194 tenesmus
1869 1145 1964 1195 fere
1987 1163 2223 1212 perpetuus
2241 1180 2258 1200 ,

433 1209 625 1257 difficilis
647 1212 846 1259 excretio
868 1229 1013 1276 paucae
1030 1246 1041 1263 ‚
1060 1212 1244 1258 mucosae
1261 1246 1273 1264 ‚
1294 1211 1642 1274 sanguinolentae
1660 1212 1892 1265 materiei,
1914 1229 2006 1259 uon
2033 1212 2134 1259 raro
2154 1229 2257 1259 cum

432 1274 654 1325 febricula
670 1309 680 1326 ‚
699 1294 793 1340 quae
813 1277 1062 1323 identidem
1083 1277 1269 1324 recurrit
1289 1277 1359 1324 vel
1380 1276 1663 1340 ingravescit.

498 1341 550 1387 ld
581 1341 682 1386 mali
698 1341 907 1404 frequens
924 1343 982 1388 est
1019 1344 1077 1388 1⁰.
1105 1347 1154 1388 In
1173 1342 1224 1387 iis
1239 1341 1316 1404 qui
1346 1342 1465 1387 nulla
1487 1341 1540 1388 ad
1566 1340 1923 1404 hydrargyrofim
1936 1340 2257 1405 praeparatione

430 1405 492 1454 usi
514 1405 610 1450 sunt
630 1437 643 1457 ,
675 1406 744 1452 vel
774 1405 1071 1469 negligentius
1097 1405 1171 1451 usi.
1204 1415 1267 1452 2⁰.
1297 1412 1348 1452 In
1365 1406 1417 1451 iis
1444 1406 1521 1469 qui
1540 1406 1724 1469 aprimo
1744 1406 1985 1452 curationis
2002 1406 2076 1451 die
2093 1405 2256 1468 regulis

431 1469 569 1516 diaetae
593 1486 685 1516 non
702 1470 1015 1535 obtemperant
1030 1505 1042 1523 ,
1074 1468 1149 1517 sed
1177 1471 1330 1517 vinum
1346 1487 1501 1534 potant
1517 1503 1529 1522 ‚
1555 1485 1628 1516 aut
1651 1469 1761 1516 cibis
1779 1468 1966 1515 nimium
1988 1469 2076 1516 sese
2099 1470 2258 1533 ingur-

432 1536 588 1598 gitant.
636 1543 698 1595 30.
719 1540 767 1580 In
785 1535 837 1580 iis
856 1569 868 1587 ‚
901 1535 1061 1597 quibus
1079 1535 1302 1581 infirmior
1321 1537 1379 1581 est
1403 1536 1711 1581 intestinorum
1738 1550 1868 1580 tonus
1886 1535 2117 1597 rariorque
2134 1536 2261 1597 glan-

437 1599 641 1645 dularum
671 1600 985 1646 intestinalium
1006 1615 1179 1646 textura
1198 1633 1209 1651 ,
1238 1599 1358 1646 unde
1378 1599 1426 1645 fit
1446 1615 1494 1645 ut
1521 1617 1604 1664 pro
1626 1598 1791 1645 minori
1817 1599 2052 1646 resistentia
2077 1602 2262 1646 Mercu-

430 1664 521 1711 rius
541 1664 588 1709 in
607 1681 797 1727 corpore
819 1665 1088 1710 tumultuans
1107 1665 1155 1710 in
1177 1665 1266 1710 haec
1287 1665 1386 1710 loca
1405 1664 1620 1728 impetum
1641 1667 1857 1724 majorem
1876 1662 2022 1711 faciat.

493 1731 623 1774 Tunc
652 1746 740 1775 una
764 1730 1004 1775 curationis
1034 1730 1146 1776 ratio
1175 1731 1233 1776 est
1251 1763 1263 1781 ,
1291 1746 1451 1794 nempe
1480 1727 1676 1775 remedia
1690 1727 1898 1789 anodyna
1929 1734 1971 1774 δε
1998 1728 2261 1792 paregorica

432 1793 748 1857 qualicumque
773 1794 843 1839 via
870 1794 1085 1840 adhibere
1107 1827 1119 1846 ,
1148 1811 1242 1857 quae
1273 1793 1513 1841 humorum
1543 1791 1840 1839 del-luentium
1861 1792 2152 1839 acrimoniam
2177 1793 2273 1841 cle-.-

432 1857 633 1904 mulcere
654 1858 827 1904 valeant
847 1864 893 1904 ὃς
913 1859 1104 1923 partium
1125 1858 1368 1904 solidarum
1388 1857 1674 1904 erethismum
1695 1856 1993 1921 compescere.

497 1926 650 1983 Itaque
686 1931 744 1969 10.
776 1923 1047 1970 Sustineatur
1080 1923 1242 1969 nimius
1271 1922 1488 1969 Mercurii
1518 1923 1708 1985 impetus
1734 1921 1939 1968 ceffando
1966 1921 2021 1967 ab
2049 1920 2264 1969 ulteriore

438 1985 697 2033 inunctione
717 2005 730 2038 3
754 1987 847 2032 imo
867 1987 893 2032 fi
913 1987 1234 2033 immoderatus
1254 1987 1459 2034 videatur
1474 2019 1487 2039 ‚
1517 1999 1778 2033 coerceatur
1798 1985 2075 2034 detrahendo
2094 1986 2232 2034 lintea
2249 2018 2266 2040 ‚

436 2067 531 2114 quae
549 2049 709 2095 morbo
729 2050 958 2096 formitem
980 2051 1236 2114 suggerunt.

502 2123 565 2160 20.
605 2120 729 2162 Vena
756 2114 926 2162 secetur
945 2117 992 2161 in
1013 2116 1197 2161 brachio
1217 2115 1430 2161 alterutro
1451 2148 1463 2166 ‚
1485 2112 1605 2160 unde
1628 2112 1798 2176 sanguis
1820 2111 2033 2161 educatur
2053 2114 2109 2161 ad
2129 2114 2159 2180 ξ
2183 2115 2264 2177 xij.

436 2177 468 2224 st
489 2179 608 2225 calor
640 2179 861 2243 dolorque
895 2181 1099 2227 intestina
1116 2181 1228 2227 male
1250 2179 1443 2227 habeant
1469 2196 1570 2224 cum
1590 2177 1820 2225 manifesto
1840 2179 2104 2244 phlogoseos
2121 2214 2135 2234 ,
2168 2180 2266 2229 imo

441 2243 809 2290 inflammationis
833 2245 1044 2308 periculo.

508 2317 569 2369 30.
613 2309 778 2356 Oleum
795 2310 1128 2373 amygdalarum
1160 2308 1357 2355 dulcium
1388 2325 1539 2355 recens
1568 2313 1614 2354 ἅτ
1642 2309 1791 2369 ἐέωυρον
1818 2306 2079 2355 exhibeatur
2092 2308 2266 2373 partitis

438 2372 660 2420 haustibus
693 2374 807 2420 inter
824 2372 990 2437 singula
1005 2373 1170 2435 juscula
1186 2373 1240 2419 ad
1259 2374 1287 2438 ξ
1307 2373 1351 2419 ss.
1367 2374 1434 2420 vel
1454 2373 1483 2439 ξ
1501 2371 1724 2436 jqualibet
1741 2371 1858 2425 dosi3
1879 2378 1920 2419 ὃ(
1939 2372 2107 2438 ptisana
2118 2389 2268 2437 parata

437 2455 492 2484 ex
511 2438 705 2484 decostis
725 2439 947 2485 radicibus
965 2438 1125 2485 althaeae
1138 2472 1151 2491 ‚
1170 2436 1290 2484 foliis
1307 2438 1508 2486 verbalci
1522 2472 1534 2491 ‚
1555 2436 1739 2483 floribus
1756 2437 1908 2485 malvae
1923 2471 1937 2491 ‚
1959 2437 2159 2485 verbasci
2174 2443 2263 2486 &c-

438 2503 628 2566 largiter
647 2518 840 2568 potetur.

503 2576 572 2626 40.
611 2568 908 2614 Infundantur
928 2567 975 2613 in
993 2567 1141 2613 alvum
1170 2566 1305 2613 altera
1330 2565 1506 2630 quaque
1532 2564 1642 2611 hora
1669 2566 1806 2613 unciae
1835 2565 1906 2614 sex
1928 2564 2153 2631 septemve
2173 2564 2266 2612 lac-⁴

439 2632 494 2679 tis
528 2633 701 2695 caprilli
732 2650 832 2678 cum
866 2630 1014 2678 infusis
1047 2631 1232 2678 floribus
1265 2632 1422 2683 croci,
1458 2628 1528 2677 vel
1561 2629 1736 2677 decocti
1767 2631 1963 2693 anodyni
1998 2647 2261 2677 omazorum

439 2697 674 2760 pinguium
704 2697 834 2742 vituli
853 2716 864 2746 ς
884 2696 1096 2743 foliorum
1129 2694 1325 2742 verbasci
1351 2736 1371 2749 Α,
1399 2694 1660 2758 plantaginis
1680 2729 1692 2747 ‚
1720 2695 1856 2741 burste
1886 2695 2092 2759 pastoris,
2122 2712 2264 2754 cyno-

439 2761 561 2823 gloffi
584 2766 679 2806 &cs
705 2761 921 2806 seminum
952 2761 1064 2812 lini,
1096 2759 1312 2811 thaliehi,
1331 2759 1535 2811 lactucae,
1563 2760 1791 2822 papaveris
1807 2765 1893 2806 &a
1926 2759 2087 2805 florum
2121 2759 2263 2823 hype-

439 2825 607 2890 perici,
636 2824 890 2888 tussilaginis
909 2858 921 2877 ‚
951 2824 1150 2872 rosarum
1182 2823 1416 2870 rubraruin
1440 2829 1526 2869 δίς.
1555 2827 1674 2875 cujus
1694 2823 1825 2869 libris
1846 2822 2014 2870 duabus
2034 2822 2186 2870 addita
2210 2823 2261 2870 fit

440 2889 752 2937 terebinthinae
768 2896 949 2937 Venetae
965 2889 1140 2936 duobus
1152 2890 1228 2935 ovi
1249 2889 1408 2936 vitellis
1430 2887 1576 2935 solutae
1600 2887 1629 2952 ξ
1650 2887 1678 2933 ss
1701 2887 1771 2934 vel
1795 2888 1824 2954 ξ
1846 2893 1871 2943 ᾖ.

505 2963 565 3017 50.
605 2954 649 3000 Si
674 2954 852 3001 morbus
871 2953 1046 3017 gravius
1066 2970 1221 3018 urgeat
1239 2988 1250 3005 ,
1272 2953 1562 2999 diffolvantur
1578 2952 1624 2997 in
1643 2953 1934 3007 i11je6ti0nu1n
1951 2951 2038 2999 una
2056 2970 2128 2999 aut
2147 2952 2258 2998 alte-

441 3018 490 3064 ra
520 3019 594 3064 die
620 3018 815 3080 qualibet
834 3036 970 3082 grana
990 3019 1159 3082 aliquot
1183 3017 1616 3070 PhiloniiRomani,
1646 3035 1692 3063 v.
1711 3035 1753 3082 g.
1788 3036 1856 3064 10.
1887 3035 1954 3080 ¹5·
1980 3035 2050 3063 zo.
2071 3016 2162 3063 imo
2181 3032 2260 3060 ex-

442 3083 649 3130 hibeatur
679 3082 811 3128 semel
843 3100 916 3129 aut
944 3083 1010 3129 bis
1038 3084 1084 3130 in
1109 3083 1183 3129 die
1205 3082 1537 3129 Diascoridium
1555 3082 1805 3128 Fracastorii
1831 3082 1886 3128 ad
1906 3097 1934 3144 3
1957 3081 2002 3127 ss.
2018 3080 2112 3129 boli
2131 3080 2260 3127 instat

445 3146 784 3210 deglutiendum
802 3181 814 3200 ,
844 3147 915 3194 vel
941 3148 988 3192 in
1009 3147 1177 3210 aliquot
1199 3147 1356 3211 jusculi
1384 3145 1687 3194 cochlearibus
1714 3145 1991 3194 diluendum.
