2477 3643
784 100 1194 168 Linrnlv.
1261 118 1529 168 Caput
1596 121 1632 168 1.
1973 130 2065 190 293*

291 200 448 266 Itaque
463 202 498 248 1.
520 197 678 249 Morbi
696 202 879 249 venerei
895 201 1156 265 genitalium
1176 201 1516 254 recrudescunt,
1539 217 1810 251 renovantur
1825 239 1837 258 ‚
1857 206 1914 253 de
1931 225 2056 256 novo

224 261 467 314 {nvadunt-
511 268 567 313 1⁰.
587 267 881 326 Recrudescunt
902 266 1085 330 quidem
1103 272 1148 313 δε
1170 267 1453 331 maligniores
1470 266 1583 312 fiunt
1598 302 1611 320 ,
1637 267 1665 313 fi
1684 269 1761 331 qui
1778 268 1924 317 forsan
1946 290 2054 337 prae-

230 329 373 378 sentes
400 329 495 376 fint.
530 332 650 377 Hinc
681 331 728 375 in
756 331 829 377 lue
860 331 1048 378 venerea
1065 331 1327 378 confirmata
1347 331 1618 395 gonorrhoea
1637 333 1884 387 virulenta,
1911 335 1941 380 si
1969 354 2053 400 qua

227 411 524 458 aegrotantem
553 395 749 459 affligat,
778 395 920 442 acrior
951 401 996 441 &
1026 397 1295 460 pertinacior
1323 395 1487 444 diutius
1519 395 1616 443 fluit
1650 402 1696 444 δε
1728 397 1778 446 ἷξε
1811 399 1876 446 ius
1904 398 2058 471 ingra-

228 458 368 506 vescit
386 479 402 505 -:
434 460 553 507 Hinc
577 459 809 524 generatio
838 460 1033 525 plurium
1059 461 1276 508 callorum
1301 461 1348 506 in
1377 462 1572 525 prostatis
1593 494 1606 515 ,
1633 418 1834 510 veficulis
1863 464 2055 512 semina-

226 524 303 570 riis
322 558 335 577 ,
370 524 550 572 uretlira
573 544 584 571 ε
620 525 741 572 Hinc
774 526 1033 573 earumdem
1060 526 1253 590 partium
1274 527 1561 591 apostemata,
1585 526 1733 575 ulcera
1748 561 1762 581 ,
1786 527 1933 575 fistulae
1962 528 2055 578 fre-

233 605 509 652 quentiores.

293 660 356 698 20.
395 658 662 699 Renovantur
680 654 787 700 verb
807 687 819 707 ,
851 653 882 699 fi
911 654 987 718 qui
1014 657 1102 716 jam
1132 653 1232 699 ante
1265 653 1556 717 praecesserint
1586 654 1660 702 sed
1693 655 1864 703 dudum
1893 659 2054 706 curati.

221 716 345 763 Hinc
378 717 425 763 in
457 718 531 764 lue
562 719 752 765 venerea
785 718 1045 765 confirmata
1078 718 1287 764 accidunt
1317 719 1407 765 fine
1441 721 1566 765 causa
1597 719 1823 768 manifesta
1851 722 1900 769 in
1925 725 2054 787 geni-

220 781 381 828 talibus
416 782 565 830 ulcera
592 783 827 835 cancrosa,
853 783 1007 847 porri,
1038 800 1259 835 verrucae,
1282 784 1598 846 condylomata
1615 803 1625 839 3
1643 790 1762 847 juxta
1793 805 1926 834 anum
1956 788 2053 836 fra-

219 861 277 909 ga
297 880 309 899 ,
333 846 435 899 fici,
466 846 655 894 mariscae
674 866 684 901 3
703 848 762 907 in}
776 846 1031 911 inguinibus
1061 848 1163 912 pani
1178 847 1264 894 sive
1293 848 1521 903 bubones3
1543 850 1591 895 in
1622 850 1827 898 testiculis
1854 868 2056 902 tumores

221 910 523 959 multiformes
543 946 555 966 ,
583 912 607 957 s
602 913 900 977 permatocele
920 945 934 966 ,
968 912 1216 960 varicocele
1237 945 1250 966 ,
1284 912 1505 961 sarcocele
1525 947 1538 966 ,
1567 917 1905 979 pneumatocele
1925 952 1939 971 ,
1964 918 2050 981 hy-

225 975 425 1024 drocele.
1769 1035 1775 1039 Ι

279 1044 339 1102 3‘.
379 1040 587 1105 Denique
618 1042 666 1087 de
692 1058 796 1087 novo
825 1042 1031 1087 invadunt
1049 1080 1064 1095 ‚
1092 1040 1123 1085 si
1153 1040 1266 1087 nulli
1296 1041 1628 1106 praeextiterint.
1668 1043 1787 1090 Hinc
1818 1046 2051 1109 quotidiaae

217 1123 326 1152 num
352 1108 410 1152 est
435 1107 480 1152 in
507 1107 578 1152 lue
605 1105 797 1152 venerea
817 1105 1080 1151 confirmata
1100 1105 1310 1168 genitalia
1335 1105 1449 1152 affici
1477 1108 1645 1154 morbis
1667 1109 1881 1157 localibus
1901 1146 1914 1164 ‚
1932 1129 2051 1175 quos

220 1171 423 1217 nondum
456 1170 702 1223 senserant,
735 1170 765 1215 fi
795 1188 927 1217 unam
953 1170 1144 1230 excipias
1176 1171 1493 1232 gonorrhoeam
1526 1172 1795 1219 virulentam
1816 1208 1828 1227 ‚
1856 1194 1989 1240 quam
2019 1176 2047 1222 εὶ

219 1233 313 1281 sola
334 1236 406 1282 lue
426 1241 469 1280 &
487 1234 574 1281 fine
592 1237 770 1299 impuro
789 1235 1032 1281 concubitu
1052 1234 1238 1298 produci
1255 1253 1338 1283 nec
1355 1254 1550 1300 unquam
1571 1237 1662 1302 ipse
1681 1238 1945 1294 observavi,
1961 1258 2049 1288 nec

218 1298 244 1344 εὶ
265 1315 492 1362 quoquam
515 1300 801 1346 observatum
820 1298 947 1346 fuisse
971 1299 1170 1347 memini.

276 1369 342 1410 11.
385 1364 514 1410 Cutis
542 1363 834 1410 multifariam
861 1362 1050 1410 afficitur
1071 1397 1084 1418 ,
1126 1373 1186 1410 1⁰.
1219 1364 1455 1418 Variatur,
1487 1365 1755 1430 potissimum
1784 1366 1833 1413 in
1867 1369 2046 1432 pectore

219 1431 267 1474 ’δε
298 1428 612 1493 interscapulio
650 1428 830 1475 maculis
856 1429 1113 1494 ephelidum
1141 1430 1270 1476 instar
1296 1430 1435 1494 planis
1466 1463 1478 1482 ‚
1524 1448 1617 1476 non
1647 1430 2048 1488 extuberantibus3

213 1492 358 1540 roseis
374 1528 385 1545 ,
423 1493 652 1559 purpureis
671 1527 683 1546 ,
706 1493 859 1547 flavis,
888 1510 962 1541 aut
980 1493 1323 1547 livescentibu33
1354 1494 1490 1541 modi)
1510 1495 1735 1549 discretis,
1760 1498 1933 1562 parvis,
1961 1499 2050 1545 cir-

218 1558 442 1608 cularibus
457 1593 470 1612 ,
494 1559 791 1622 lentiginosis3
819 1560 956 1605 modo
977 1559 1105 1605 latius
1126 1558 1292 1605 diffusis
1311 1565 1356 1605 &
1376 1559 1584 1623 expansis.

232 1656 235 1657 ν
280 1629 350 1669 2⁰.
389 1628 609 1670 Tentatur
633 1622 778 1670 scabie
799 1656 810 1674 ‚
835 1624 1098 1687 impetigine
1116 1657 1128 1675 ,
1157 1624 1333 1669 lichene
1351 1658 1362 1675 ‚
1393 1623 1578 1688 herpete
1605 1625 1869 1690 multiplici,
1902 1627 2015 1675 slcco
2033 1661 2049 1683 ‚

223 1687 390 1735 fluente
408 1721 420 1740 ,
440 1687 698 1734 furfuraceo
718 1721 730 1739 ‚
752 1688 968 1752 pustuloso
984 1722 996 1741 ,
1016 1688 1206 1740 miliari,
1225 1688 1443 1735 exedente
1464 1694 1550 1735 &c.

276 1754 335 1813 39.
370 1753 569 1798 Finditur
594 1752 641 1798 in
677 1753 792 1798 volis
826 1770 1038 1798 manuum
1071 1751 1317 1817 plantisque
1340 1753 1502 1817 pedum
1522 1787 1535 1805 ,
1578 1752 1762 1800 scissuris
1788 1753 1862 1800 seu
1888 1755 2048 1820 rhaga—

221 1816 356 1864 di-bus
382 1817 502 1863 duris
523 1851 535 1869 ,
555 1817 723 1862 callosis
740 1850 753 1869 ‚
775 1816 1075 1880 prurientibus
1097 1851 1108 1869 2
1127 1817 1283 1862 ichore
1302 1818 1422 1864 tenui
1441 1817 1721 1864 manantibus
1739 1852 1750 1870 ‚
1771 1824 1816 1865 ὃς
1837 1819 1940 1866 hinc
1962 1822 2049 1868 suf-

218 1882 328 1929 foffa
349 1882 541 1928 cuticula
561 1881 705 1927 soluto
734 1897 851 1927 nexu
879 1898 1034 1928 mutuo
1057 1881 1081 1927 a
1104 1880 1294 1944 subjesta
1322 1897 1421 1929 cute
1450 1882 1695 1929 laciniatim
1723 1882 1889 1930 secedit
1912 1885 2050 1935 instar

218 1948 388 1995 exuviae
408 1980 423 1998 2
448 1947 569 1993 unde
584 1949 627 1991 la
647 1948 859 1993 Pelarelle.

274 2020 343 2069 40.
382 2011 613 2058 Infestatur
632 2010 880 2058 tuberculis
904 2010 977 2056 seu
1003 2009 1178 2074 pustulis
1207 2010 1355 2062 duris,
1385 2010 1550 2057 callosis
1567 2045 1580 2064 ‚
1612 2012 1902 2060 circularibus
1921 2047 1933 2067 ,
1953 2033 2048 2062 non

210 2075 436 2139 fastigiatis
458 2111 469 2129 ‚
501 2075 667 2122 summa
697 2092 816 2139 parte
845 2075 1051 2122 ulcerosis
1070 2109 1083 2128 ‚
1124 2075 1386 2140 plerumque
1416 2074 1535 2122 ficcis
1553 2108 1567 2128 ,
1598 2081 1644 2122 ὃς
1676 2076 1765 2123 sine
1791 2095 1899 2141 pure
1921 2113 1933 2131 ,
1970 2081 2046 2127 sed

215 2140 456 2205 aliquando
475 2140 696 2201 'humidis
723 2146 769 2186 δε
797 2140 1079 2186 manantibus
1113 2173 1125 2192 ‚
1158 2138 1417 2203 squamosis,
1448 2140 1710 2187 furfuraceis
1727 2175 1738 2193 ,
1764 2142 1920 2196 flavis,
1948 2160 2046 2207 quae

209 2205 469 2270 frequentes
498 2206 596 2251 sunt
627 2206 672 2251 in
709 2203 1007 2251 commissuris
1036 2204 1260 2250 labiorum
1290 2202 1454 2266 alisque
1492 2203 1580 2250 nasi
1610 2238 1622 2256 ,
1652 2204 1895 2268 praesertim
1929 2210 2044 2255 circa

208 2270 414 2318 frontem
437 2276 481 2316 &
506 2286 713 2334 tempora
730 2304 741 2322 ‚
772 2271 980 2334 poneque
999 2287 1123 2315 aures
1138 2304 1149 2320 ‚
1172 2268 1248 2315 ubi
1271 2267 1460 2314 seriatim
1489 2268 1701 2333 dispositae
1723 2271 1861 2317 veluti
1892 2274 2043 2320 corol-

209 2338 300 2384 lam
330 2334 526 2382 referunt
542 2369 558 2388 .‚
587 2334 722 2398 vulgo
742 2338 777 2380 le
798 2336 1009 2398 Chapelet.
1051 2333 1158 2379 Inde
1181 2348 1325 2378 totuin
1346 2333 1605 2395 capillitium
1624 2367 1637 2386 ,
1658 2335 1918 2400 caeterasque
1941 2356 2043 2385 cor·

213 2401 332 2466 poris
353 2416 496 2464 partes
517 2399 671 2445 sensim
691 2414 912 2462 occupant
928 2433 941 2450 ,
963 2398 1153 2443 maxime
1172 2397 1201 2442 fi
1222 2395 1366 2461 pilosae
1385 2396 1478 2443 sint.

277 2472 338 2527 50.
372 2463 618 2510 Glabrescit
647 2463 845 2510 defluvio
874 2479 968 2508 tuin
998 2462 1286 2526 capillorum,
1318 2462 1439 2508 unde
1469 2479 1578 2508 areae
1610 2461 1727 2508 circa
1754 2465 2045 2528 crotapliytas

214 2535 261 2578 δε
287 2530 333 2575 in
355 2528 546 2592 occipite
564 2562 576 2579 ‚
593 2534 769 2585 σφίασις
783 2568 795 2582 ‚
818 2530 1039 2576 Α’λωωεκία
1055 2560 1067 2579 ,
1088 2526 1286 2573 calvities
1306 2544 1317 2578 3
1348 2543 1441 2572 tum
1462 2528 1594 2572 etiam
1614 2527 1805 2590 pilorum
1826 2528 1919 2575 fere
1938 2548 2039 2576 orn-

214 2596 338 2643 nium
356 2627 367 2645 ,
400 2594 462 2638 ita
482 2609 530 2638 ut
548 2591 778 2657 supercilia
793 2625 806 2645 ,
837 2609 957 2656 gente
973 2625 985 2644 ,
1008 2607 1209 2638 mentum
1225 2625 1237 2644 ‚
1269 2591 1478 2655 inguina,
1509 2591 1605 2656 pilis
1635 2592 1859 2639 nudentur
1874 2627 1886 2646 ,
1917 2594 2038 2642 unde

212 2665 256 2707 la
273 2659 445 2705 Pelade.

279 2732 344 2768 60.
374 2722 568 2769 Deniuin
592 2738 789 2785 ungues,
815 2720 892 2784 qui
928 2734 1141 2768 extremae‘
1167 2721 1278 2766 cutis
1313 2720 1578 2785 appendices
1611 2720 1708 2766 sunt
1726 2755 1738 2772 ,
1771 2720 2035 2783 inaeqiiale3‚

211 2787 332 2833 crassi
354 2821 366 2838 ,
388 2786 531 2848 rugosi
545 2821 556 2838 ‚
576 2785 720 2833 scabri
743 2786 855 2832 fiunt
871 2820 883 2838 ‚
904 2790 949 2831 δε
968 2786 1139 2832 obortis
1168 2786 1225 2831 ad
1245 2785 1413 2830 radices
1445 2785 1640 2831 reduviis
1658 2818 1670 2838 ,
1692 2786 1910 2849 panaritio
1927 2820 1940 2839 ‚
1964 2787 2038 2832 in-

211 2851 515 2899 flammatione
532 2885 543 2901 ,
564 2851 712 2897 ulcere
725 2850 882 2910 sponte
906 2850 1145 2901 decidunt,
1166 2850 1284 2895 unde
1301 2851 1539 2911 l’Onglade.

273 2920 378 2961 Ill.
410 2914 528 2960 Male
558 2914 725 2961 habent
755 2915 872 2965 oris,
892 2913 1086 2958 faucium
1113 2918 1157 2959 δεῖ
1190 2914 1364 2958 narium
1394 2914 1638 2965 interiota3
1673 2922 1734 2957 1⁰.
1767 2913 1918 2959 Uvula
1946 2913 2034 2962 sive

210 2978 446 3028 columella
464 3012 475 3030 ,
496 2977 672 3023 tonsillae
692 2978 781 3024 five
802 2977 1026 3037 Παρλθμια
1040 3010 1053 3028 ,
1077 2993 1310 3039 totumque
1332 2978 1509 3022 lacunar
1528 2977 1722 3023 faucium
1747 2977 1903 3023 dolent
1918 3011 1931 3029 ‚
1963 2997 2034 3026 ca.-

209 3047 303 3095 lssnr
319 3078 330 3096 ‚
347 3043 676 3090 inflammantur
693 3076 704 3093 ,
718 3042 866 3088 ulcere
881 3040 1174 3105 depascuntur
1189 3075 1201 3093 ,
1218 3041 1440 3106 catiesque
1456 3041 1561 3088 inde
1578 3060 1676 3088 cum
1690 3041 1832 3089 adsitis
1846 3042 2033 3092 officulis

210 3109 414 3179 palatinis
433 3107 781 3153 communicatur
799 3140 811 3158 ,
831 3105 916 3169 qua
934 3106 1060 3152 brevi
1084 3106 1349 3154 exeduntur.

270 3182 335 3222 ιο.
366 3173 618 3222 Tubercula
653 3179 698 3220 ὃς
729 3172 903 3239 pustulae
935 3171 1083 3236 palato
1102 3170 1416 3225 innascuntur,
1436 3187 1529 3236 quae
1559 3171 1607 3217 in
1639 3170 2033 3242 ulcera-rotunda,

1632 3240 1677 3286 O
1704 3254 1732 3283 0
1766 3239 1815 3300 iij

2159 224 2191 263 1.
2204 221 2333 265 Morbi

2103 278 2330 331 genitalium„

2126 1371 2179 1409 11.
2197 1372 2325 1413 Affeea

2095 1424 2208 1482 tiones
2228 1438 2302 1465 cu«

2096 1487 2154 1523 tls,

2080 2931 2099 2967 1
2109 2931 2157 2990 ri.
2181 2933 2309 2975 Morbi

2078 2995 2149 3020 oris
2166 3014 2178 3030 ‚
2207 3001 2274 3024 na-

2078 3035 2170 3073 rium
2183 3044 2217 3078 &
2229 3039 2314 3079 fau.

2080 3093 2189 3137 cium²
