2477 3643
178 2739 362 2794 1V.Qid

132 2797 272 2845 peccari

132 2847 244 2884 soleat
283 2849 317 2885 in

132 2900 288 2935 curantia
302 2912 365 2939 ‘Jo-

136 2941 343 2992 noti-horsi&

421 128 519 188 ’ὴὲ
801 131 916 178 DE
989 130 1975 189 MORBISVENEREIS.'

418 215 597 280 liquore
627 211 786 278 quovis
821 211 1028 267 diffolvi;
1059 214 1131 261 vel
1163 213 1323 279 syrupo
1359 212 1652 278 cuicumque,
1672 217 1793 264 verbi
1811 215 1965 281 gratini
1985 213 2147 282 syrupo
2172 208 2257 264 cas

418 281 515 347 pilli
545 279 720 328 veneris
753 275 1017 342 superaffusa
1040 295 1128 325 uno
1159 279 1310 324 haustu
1340 295 1394 324 ex
1424 279 1649 327 cochleari
1673 280 1902 328 exsorberi
1925 281 2027 335 3vel
2056 281 2237 328 demum

419 345 630 393 sacchar-o
651 343 882 409 pulverato
901 341 1116 389 obvoluta
1135 342 1229 389 boli
1247 343 1378 389 instar
1396 342 1622 406 deglutiri.
1706 343 1712 350 ’
2176 344 2191 367 ¹

484 419 548 457 20.
576 416 660 457 Lac
680 407 891 454 asininum
908 440 921 459 ‚
941 408 1172 471 caprillum
1193 423 1266 453 aut
1283 407 1518 454 vaccinum
1533 441 1545 461 ,
1565 424 1752 473 purgato
1774 408 1894 474 prius
1907 425 2096 475 corpote
2114 409 2245 456 mane

418 478 569 538 jejuno
603 471 854 521 ventriculo
875 470 1124 518 exhibitum
1141 505 1154 524 ‚
1170 472 1263 517 imo
1293 472 1323 517 fi
1352 474 1596 520 stomachus
1622 473 1737 521 ferat
1753 507 1766 526 ‚
1793 473 1966 539 vesperi
1984 474 2119 520 etiam
2139 490 2243 522 ante

421 539 681 586 decubitum
697 571 710 590 ,
728 536 922 600 primum
954 536 1138 598 quidem
1159 542 1205 582 δε
1226 537 1412 584 alterum
1434 537 1647 584 fincerum
1680 544 1726 585 &
1753 540 2089 603 imper-mixtum
2117 557 2130 591 ·,
2153 555 2243 586 ter-

419 604 531 650 tium
565 604 675 650 verb
709 601 940 648 alteratum
963 600 1087 664 aqua
1114 598 1375 647 secundaria
1404 603 1534 648 calcis
1552 636 1564 654 ‚
1599 618 1672 648 aut
1708 604 1797 649 levi
1825 603 2012 650 decocto
2038 603 2242 650 radicum

418 669 574 715 Chinae
597 668 666 715 vel
687 663 994 728 Salsae-parillae
1018 667 1066 711 in
1093 665 1307 730 pituitosis
1340 673 1385 712 &
1406 666 1591 731 adipofis
1610 684 1622 719 ·‚
1640 672 1685 712 δε
1704 668 1795 714 levi
1821 668 2008 715 decocto
2036 668 2240 714 radicum

420 733 701 779 tormentillae
717 764 728 782 ,
746 728 986 776 consolida:
1004 731 1182 793 majoris
1198 765 1210 784 ,
1231 731 1421 778 bistortae
1434 766 1446 785 ‚
1466 730 1539 779 vel
1560 730 1761 795 fragariae
1786 732 1834 778 in
1853 731 2016 780 biliosis
2033 766 2047 786 ‚
2071 733 2238 780 melan·⁴

424 798 607 844 cholicis
637 803 682 843 ὃς
705 794 963 840 macilentis.

479 870 540 923 30.
567 866 701 925 Aquae
729 858 964 906 minerales
981 891 994 910 ‚
1024 858 1204 905 acidulae
1232 893 1245 912 ‚
1277 861 1510 907 vitriolicae
1527 894 1540 914 ‚
1570 859 1837 923 ferrugineae
1854 893 1867 913 ‚
1898 861 2049 924 quales
2074 862 2241 910 suntin

414 926 568 971 Galliis
590 929 644 970 les
674 930 804 972 Eaux
838 924 887 969 de
922 929 1134 970 Camarets
1155 962 1169 978 ,
1200 925 1248 970 de
1282 927 1519 990 Capvemi,
1551 925 1599 970 de
1634 929 1883 985 Caransac‚
1909 927 1958 972 de
1989 931 2166 991 Forges,
2193 930 2243 974 de

410 990 520 1051 Paffi
538 1029 551 1044 ‚
571 996 616 1037 ὃς
636 990 726 1035 aliae
746 987 982 1034 consimilis
1003 988 1223 1035 facultatis
1239 1023 1252 1042 ,
1274 990 1433 1036 nullibi
1453 1007 1547 1035 non
1564 988 1709 1035 obviae
1725 1022 1738 1041 ‚
1761 989 1921 1051 quibus
1936 1024 1950 1043 ,
1969 990 1998 1035 fi
2019 1009 2097 1055 per
2115 992 2242 1054 quin-

409 1054 559 1101 decim
594 1071 667 1100 aut
702 1053 864 1116 viginti
894 1053 990 1100 dies
1020 1069 1256 1118 epotentur
1278 1089 1289 1107 ‚
1310 1054 1532 1118 quidquid
1564 1054 1706 1100 acrius
1738 1052 1937 1103 salfiusve
1972 1055 2161 1120 superest
2192 1056 2240 1103 in

409 1117 623 1182 sanguine
642 1119 715 1165 vel
735 1119 783 1163 in
801 1117 968 1166 semine
989 1118 1151 1164 eluitur
1170 1118 1325 1165 sensim
1348 1125 1393 1165 &
1414 1119 1650 1166 everritur.

474 1193 541 1242 40.
572 1184 707 1242 Quod
729 1182 758 1228 si
778 1200 828 1229 ea
848 1182 1051 1229 curandae
1080 1185 1358 1246 gonorrhoeae
1376 1184 1560 1248 imparia
1580 1183 1819 1230 videantur
1836 1218 1847 1237 ‚
1865 1198 2077 1247 poterunt
2096 1184 2238 1230 inter-

407 1247 464 1295 ne
489 1248 692 1296 adhiberi
715 1248 997 1311 astringentia
1011 1281 1024 1300 ‚
1051 1264 1099 1293 ut
1120 1249 1301 1295 corallia
1319 1248 1453 1294 rubra
1470 1264 1710 1314 praeparata
1727 1282 1739 1299 ,
1761 1246 1988 1294 succinum
2004 1283 2017 1301 ,
2048 1248 2241 1313 diapho-

407 1314 599 1360 reticum
636 1313 853 1360 minerale
868 1347 880 1365 ,
899 1329 1055 1358 crocus
1088 1313 1244 1359 Martis
1282 1313 1522 1376 astringens
1538 1346 1551 1366 ‚
1572 1313 1679 1378 lapis
1710 1312 1952 1359 haematites
1970 1347 1982 1365 ,
2002 1331 2051 1359 os
2082 1313 2206 1378 sepiae
2224 1345 2238 1365 ,

405 1375 581 1442 sanguis
599 1378 831 1430 draconis,
853 1393 966 1423 terra
984 1379 1200 1441 Japonica
1214 1411 1227 1430 ,
1247 1378 1382 1441 vulgo
1414 1378 1597 1424 Catechn
1628 1376 1715 1424 five
1734 1378 1902 1423 Cachon
1923 1416 1936 1430 ,
1966 1377 2142 1424 alumen
2162 1396 2239 1424 ru-

404 1459 539 1506 peum
561 1448 648 1489 &c.
683 1459 876 1506 quorum
897 1441 1170 1505 singulorum
1193 1441 1305 1488 dosis
1325 1444 1349 1488 a
1367 1459 1431 1506 gr.
1456 1459 1496 1486 x.
1517 1442 1571 1488 ad
1600 1459 1666 1505 gr.
1685 1459 1755 1486 xx.
1778 1442 1850 1488 vel
1872 1442 1906 1489 9
1927 1446 1956 1503 j.
1987 1446 2048 1488 Ex
2068 1442 2135 1489 his
2155 1460 2239 1489 nu-

409 1523 538 1554 mero
558 1507 755 1573 pluribus
774 1508 845 1554 vel
865 1506 1148 1570 paucioribus
1168 1507 1324 1553 intime
1342 1507 1490 1553 mixtis
1509 1505 1801 1568 contritisque
1819 1539 1832 1558 ‚
1859 1511 1905 1551 δε
1926 1505 2141 1553 conserva
2163 1525 2240 1554 ro-

406 1571 553 1619 sarum
572 1573 805 1619 rubi-arum
832 1571 903 1617 vel
933 1570 1093 1636 syrupo
1118 1571 1418 1633 cydoniorum
1437 1572 1633 1635 exceptis
1653 1586 1829 1635 paratur
1861 1570 1989 1616 bolus
2017 1588 2095 1635 per
2125 1572 2240 1618 duo-

405 1636 555 1684 decim
590 1653 663 1683 aut
697 1635 958 1699 quindecim
986 1636 1081 1682 dies
1112 1636 1400 1683 devorandus
1439 1636 1619 1682 alternis
1656 1634 1814 1682 diebus
1849 1667 1863 1687 ,
1903 1634 2239 1699 superbibendo

404 1700 603 1748 haustum
623 1699 753 1747 infusi
776 1699 1028 1747 theiformis
1047 1699 1261 1747 foliorum
1282 1700 1500 1747 siccorum
1518 1700 1707 1746 menthae
1727 1733 1739 1752 ‚
1760 1699 1831 1746 vel
1854 1698 1944 1746 duo
1964 1716 2037 1746 aut
2056 1700 2139 1746 tria
2159 1719 2238 1748 co-

405 1766 597 1813 chlearia
616 1783 733 1830 aquae
749 1765 962 1811 stillatitiae
982 1765 1171 1812 menthae
1186 1765 1209 1811 εὶ
1229 1768 1516 1822 Quercetano
1533 1765 1760 1829 descriptae
1774 1768 1817 1809 in
1835 1764 2171 1835 Pharmacopaed,
2188 1771 2237 1812 &

409 1831 434 1875 ὰ
455 1835 622 1877 Lazaro
640 1830 827 1877 Riverio
848 1829 995 1894 saepius
1010 1830 1193 1876 laudatae
1208 1834 1250 1876 in
1255 1832 1340 1890 suis
1359 1829 1719 1891 Obfirvationibm
1735 1868 1749 1883 ‚
1763 1832 1884 1891 cujus
1896 1831 2143 1894 ptocessum
2163 1831 2238 1877 in-

407 1894 478 1940 fra
500 1895 778 1959 proferemus
793 1895 850 1940 ad
871 1895 1038 1941 calcem
1061 1894 1184 1941 Libri
1216 1899 1235 1940 1
1253 1899 1307 1940 V.

472 1969 539 2018 50.
566 1960 689 2019 Quin
722 1960 844 2011 imo,
871 1959 901 2005 si
936 1958 1096 2005 humor
1125 1959 1202 2025 qui
1223 1959 1247 2004 εὶ
1272 1957 1539 2022 genitalibus
1566 1958 1730 2004 diutius
1763 1958 2005 2021 aliquando
2027 1958 2234 2013 distillat,

404 2026 498 2089 post
524 2022 756 2071 discussum
774 2025 918 2070 aestum
938 2041 986 2069 ac
1007 2023 1232 2070 fervorem
1265 2040 1426 2087 paucus
1452 2022 1501 2068 fit
1517 2058 1530 2075 ,
1565 2023 1710 2069 tenuis
1727 2057 1739 2075 ‚
1769 2023 1963 2069 albicans
1980 2055 1992 2074 ‚
2013 2021 2206 2070 viscidus
2220 2058 2233 2077 ,

404 2089 583 2135 seminis
602 2090 728 2135 instar
763 2088 986 2134 adha‘rens
1003 2121 1016 2141 ‚
1039 2089 1143 2135 vere
1167 2087 1412 2140 seminalis,
1437 2102 1541 2132 tunc
1568 2087 1721 2133 licebit
1740 2087 1920 2152 impune
1949 2087 2013 2132 uti
2031 2087 2235 2149 injectio-
2266 2094 2271 2096 ’

404 2153 535 2199 nibus
568 2154 612 2200 in
650 2152 873 2199 urethram
889 2153 937 2198 in
957 2153 1063 2200 viris
1079 2186 1092 2205 ,
1118 2153 1165 2199 in
1188 2154 1393 2216 vaginam
1425 2152 1472 2196 in
1490 2151 1686 2197 foeminis
1703 2185 1715 2204 ‚
1747 2170 1840 2197 non
1868 2151 2054 2215 quidem
2081 2153 2235 2199 astrin-

405 2218 613 2281 gentibus
644 2218 891 2281 stypticisve
907 2250 920 2270 ,
947 2218 971 2263 a
1001 2216 1161 2281 quibus
1194 2216 1363 2281 semper
1386 2216 1635 2262 cavendum
1656 2216 1741 2264 esse
1765 2216 1959 2262 arbitror
1980 2249 1992 2268 ,
2013 2216 2088 2262 sed
2112 2219 2234 2264 mere

407 2283 651 2335 deterlivis>
669 2283 833 2329 scilicet
855 2300 907 2329 ex
925 2282 1013 2328 levi
1028 2282 1214 2328 decocto
1232 2281 1470 2328 herbarum
1490 2281 1843 2327 vulnerariarum
1858 2314 1871 2333 ,
1886 2297 1933 2326 ut
1953 2280 2124 2344 bugulae
2139 2315 2151 2334 ,
2170 2282 2233 2328 sau

406 2347 577 2399 niculae,
591 2347 822 2399 marrubii,
839 2347 1028 2410 geranii,
1044 2345 1270 2394 alkimillae
1285 2352 1370 2393 δίε.
1390 2362 1490 2391 cum
1504 2343 1712 2392 dissoluto
1727 2345 1858 2392 melle
1875 2345 2073 2399 rosaceo,
2086 2347 2158 2393 vel
2174 2364 2229 2393 ex

405 2412 528 2475 aquis
547 2412 834 2460 thermalibus
851 2445 864 2464 ,
891 2412 942 2458 iis
956 2412 1144 2458 maxime
1158 2429 1252 2476 quae
1270 2411 1470 2457 sulfureae
1490 2409 1586 2456 sunt
1601 2444 1614 2463 ‚
1644 2410 1830 2456 decocto
1844 2410 2004 2457 hordei
2022 2411 2229 2459 alteratis.

467 2479 529 2522 6³.
561 2478 606 2524 Si
624 2479 721 2541 quis
750 2479 874 2542 plura
902 2475 1218 2523 defideraverit
1247 2476 1302 2521 ad
1335 2474 1655 2522 exhauriendas
1687 2475 2033 2521 contumacioris
2062 2492 2232 2537 gonor-

408 2540 540 2587 rhoeae
560 2543 764 2606 reliquias
779 2576 790 2594 ,
814 2541 938 2587 adire
953 2541 1117 2605 poterit
1139 2541 1209 2587 vel
1224 2541 1402 2602 hujusce
1416 2539 1534 2585 Libri
1559 2555 1678 2604 capnt
1698 2545 1749 2586 II
1751 2544 1777 2585 I
1779 2576 1787 2585 .
1809 2539 1886 2585 ubi
1906 2541 2229 2600 deseminisstil-

404 2607 543 2652 licidio
562 2645 576 2660 ,
598 2608 722 2670 quod
740 2605 1016 2669 gonorrhoeae
1045 2623 1137 2652 non
1156 2606 1255 2651 raro
1274 2605 1488 2667 superest,
1510 2603 1580 2650 vel
1616 2603 1837 2667 sequentis
1861 2604 1986 2651 Libri
2016 2618 2137 2667 caput
2165 2609 2227 2652 X.

405 2671 484 2715 ubi
505 2672 551 2715 de
563 2669 803 2734 gomorrhaea?
821 2710 835 2724 ,
856 2689 936 2732 quc
955 2669 1035 2732 post
1053 2670 1372 2734 hydrargyrostm
1390 2670 1549 2730 reliqua
1566 2668 1615 2724 est
1632 2707 1645 2722 ,
1668 2669 1827 2731 agitur.

464 2740 483 2780 I
501 2740 554 2780 V.
588 2734 706 2781 Cum
725 2735 780 2780 ad
798 2733 1040 2799 perfectam
1058 2734 1159 2779 artis
1184 2734 1390 2779 notitiam
1412 2749 1521 2795 opus
1544 2731 1593 2777 fit
1610 2766 1622 2785 ,
1637 2751 1729 2779 non
1745 2731 1855 2778 scire
1872 2731 2010 2777 mode
2022 2765 2034 2784 ,
2051 2732 2160 2796 quid
2176 2732 2226 2780 in

405 2800 609 2846 curandis
646 2800 813 2846 morbis
848 2798 1070 2861 agendum
1100 2832 1112 2850 ‚
1144 2798 1217 2844 secl
1242 2797 1366 2843 simul
1396 2797 1531 2843 etiam
1563 2797 1683 2843 nosse
1722 2797 1833 2859 quid
1869 2797 2118 2842 cavendum
2143 2797 2223 2851 fit,

401 2865 506 2912 ideb
536 2863 675 2928 probe
707 2864 854 2911 notari
881 2862 1016 2910 velim
1039 2862 1175 2909 multa
1200 2864 1248 2909 in
1269 2860 1461 2910 curanda
1482 2858 1755 2925 genior-rhoea
1781 2861 1999 2908 vitalem-3
2024 2861 2222 2925 plerum-z

402 2946 490 2994 que
512 2930 699 2992 peccari.
1429 2969 1436 2978 ,
1460 2974 1465 2980 ,

468 2997 531 3038 1⁰.
559 2994 795 3055 Purgantia
826 2992 1046 3038 mochlica
1076 2992 1243 3039 temere
1274 2989 1597 3056 praescribendo
1617 3023 1628 3042 ‚
1649 3006 1697 3036 ut
1732 2990 2001 3055 praecipitata
2034 2993 2224 3036 Mercu-

403 3058 526 3104 rialia
545 3090 556 3109 ‚
592 3058 773 3102 rubrum
794 3092 805 3110 ,
830 3057 979 3103 album
998 3090 1010 3108 ‚
1041 3058 1211 3103 luteum
1227 3090 1240 3108 ,
1269 3057 1412 3103 viride
1433 3074 1444 3107 3
1476 3054 1745 3102 Trochiscos
1762 3055 1990 3101 alahandal
2019 3059 2105 3100 &c.
2125 3071 2220 3116 quae

402 3122 638 3168 ventriculi
659 3137 815 3168 tonum
839 3121 1008 3183 semper
1032 3121 1268 3167 debilitant
1287 3139 1336 3166 ac
1367 3116 1651 3183 pessundant,
1669 3119 2013 3180 facultatemque
2037 3135 2217 3181 perver-

402 3199 500 3239 tunt
514 3205 526 3241 5
542 3204 634 3251 quae
653 3186 1054 3251 super-vomitiones
1068 3218 1082 3239 ,
1101 3184 1540 3250 superpurgationes,
1555 3183 1852 3246 dysenteriam
1863 3216 1878 3238 ,
1894 3184 2189 3246 haemoptoem
2198 3195 2220 3247 ἕ
