2477 3643
442 147 544 213 ‘308
776 138 1958 193 -DEMOR31SVENER‘E1s‘,

449 241 547 275 rent
565 226 809 274 cavernulae
825 224 1010 273 lamellis
1032 223 1158 271 offeis
1178 222 1384 272 distinetae
1396 253 1410 273 ,
1430 224 1476 266 &
1494 219 1729 267 substantia
1746 219 1905 269 carnea
1918 255 1933 275 ,
1952 218 2081 269 firmi
2099 255 2113 275 ‚
2130 217 2242 269 durss
2258 230 2277 276 ;

449 290 736 355 cartilaginea
756 291 894 356 plenae
919 310 929 336 ι
956 289 1162 335 Alterum
1187 285 1298 332 vero
1312 319 1325 338 ,
1342 285 1389 331 in
1405 301 1497 348 quo
1518 303 1567 332 os
1587 301 1762 334 tumens
1786 287 1904 334 intus
1926 287 2055 352 plane
2082 287 2272 335 solidum

449 359 511 406 est
529 391 541 410 ,
565 373 811 419 caeteroque
828 354 918 401 offe
934 352 1164 400 candidius
1180 350 1312 396 instar
1332 348 1479 397 eboris
1495 383 1510 402 ,
1530 367 1676 414 neque
1697 351 1796 397 ullis
1814 352 1986 399 cellulis
1998 386 2012 406 ‚
2033 369 2128 417 quae
2147 351 2272 399 cons·-

447 423 588 489 picuae
605 421 685 468 sint
705 419 928 466 suffossum
943 450 957 471 ,
979 416 1055 463 sed
1078 415 1233 462 contra
1257 414 1387 461 solito
1406 413 1558 460 durius
1578 416 1951 480 compactiusque.

515 486 841 550 Liquet2autem
859 500 912 529 ex
927 481 1035 528 nota
1053 479 1208 527 offium
1227 479 1395 525 fabrica
1410 479 1527 543 prius
1540 478 1842 542 legitimarum
1858 479 2273 546 exostofiumqgenus

453 551 645 616 produci
660 550 684 594 a
699 547 890 594 frustillis
910 545 1165 593 medullaris
1187 544 1427 591 substantiae
1444 577 1456 596 ‚
1478 561 1573 606 quae
1602 544 1719 591 inter
1737 546 1932 593 lamellas
1962 545 2101 593 osseas
2128 548 2273 594 inter-

451 617 689 678 jiciuntur,
722 612 749 658 fi
775 629 936 676 nempe
966 609 1097 656 succo
1124 610 1361 656 medullari
1388 609 1515 674 spillo
1535 641 1547 659 ‚
1572 607 1743 655 viscido
1762 642 1775 661 ‚
1799 612 2026 658 virulento
2045 612 2107 657 ita
2131 613 2274 676 pede-

453 680 612 727 tentim
629 693 833 740 turgeant
849 709 862 728 ,
879 692 925 722 ut
941 676 1117 738 angusta
1140 674 1323 739 spatiola
1341 708 1354 727 ,
1375 674 1421 720 in
1441 671 1602 735 quibus
1625 673 1856 720 recondita
1875 674 1972 721 sunt
1987 709 2000 728 ‚
2017 677 2064 722 in
2082 678 2273 741 amplio-

452 762 520 792 res
544 741 800 791 cavernulas
823 741 1011 788 dilatent
1026 773 1039 792 ‚
1069 740 1371 803 extimamque
1395 738 1492 786 offis
1519 735 1796 802 superficiem
1817 739 1865 784 in
1889 739 2111 789 fornicem
2141 743 2275 789 attol-¹

448 809 560 858 lant.

513 872 636 919 Hinc
663 888 774 935 ergo
798 871 980 936 planum
1007 870 1067 916 est
1106 869 1166 915 ιο.
1198 867 1597 931 Cellulas‚quibus
1624 867 1672 912 in
1698 866 1786 913 hoc
1817 865 2078 914 exostofium
2108 885 2274 932 genere

448 937 542 984 offa
568 937 738 983 tumida
768 935 999 983 multifora
1027 934 1126 980 sunt
1143 968 1155 987 ,
1188 933 1301 979 nihil
1330 933 1450 979 aliud
1479 931 1564 979 esse
1592 948 1747 996 praeter
1774 931 1983 996 spatiola,
2014 949 2108 995 quae
2135 935 2272 982 inter-

449 1005 562 1065 jeclza
594 1002 712 1048 inter
745 1001 939 1048 lamellas
971 998 1107 1046 osseas
1139 998 1323 1045 frustilla
1347 998 1600 1044 medullaris
1623 996 1868 1043 substantiae
1886 997 2169 1053 recondunt,
2195 999 2272 1048 sed

450 1071 537 1130 jam
561 1066 655 1132 plus
676 1083 801 1129 aequo
821 1065 1027 1130 ampliata
1043 1098 1056 1118 ‚
1084 1064 1270 1110 distenta
1286 1098 1298 1118 ,
1318 1062 1509 1109 dilatata.

520 1134 582 1177 2⁰.
640 1129 886 1177 Substantia
915 1129 1054 1176 carnis
1081 1128 1236 1174 aemula
1261 1161 1275 1181 ,
1321 1127 1413 1173 imo
1446 1127 1708 1191 plerumque
1741 1142 1874 1173 carne
1917 1125 2101 1173 duriore
2130 1160 2143 1180 ‚
2183 1125 2272 1191 qut‘i

447 1196 616 1242 cellulae
655 1196 881 1260 replentur
901 1227 913 1247 ‚
943 1193 1127 1241 frustilla
1155 1193 1340 1257 ipsamet
1380 1191 1678 1256 repraesentari
1709 1191 1966 1239 medullaris
1995 1191 2270 1245 substantiae,

447 1261 526 1308 sed
542 1276 804 1325 praeternam
812 1259 889 1305 rali
907 1258 1161 1306 accretione
1178 1259 1297 1303 mole
1313 1260 1436 1303 auda
1450 1262 1493 1303 δε
1514 1257 1734 1303 indurata.

510 1335 572 1387 3⁰.
613 1324 838 1372 Exostoses
856 1323 1036 1386 hujusce
1059 1322 1233 1387 generis
1259 1322 1415 1369 dolere
1433 1321 1618 1385 quidem
1634 1355 1647 1374 ,
1667 1337 1714 1367 ut
1731 1322 1778 1368 in
1794 1320 1955 1384 quibus
1977 1321 2155 1368 laedatur
2173 1336 2273 1385 pars

446 1389 574 1437 sensu
599 1391 781 1455 praedita
796 1423 807 1442 ,
835 1388 911 1435 sed
937 1388 1199 1453 plerumque
1217 1387 1370 1433 dolere
1401 1386 1542 1433 lenius
1570 1387 1704 1449 quam
1721 1403 1817 1450 quae
1842 1385 1994 1449 spuriae
2016 1385 2114 1432 sunt
2129 1419 2140 1438 ‚
2159 1402 2271 1450 quo·-

447 1455 568 1501 niam
589 1473 685 1519 pars
704 1473 796 1518 quae
814 1453 908 1499 laesa
925 1455 984 1500 est
1000 1487 1012 1505 ‚
1033 1452 1258 1498 obtusiore
1280 1451 1403 1498 sensu
1420 1451 1557 1515 pollet
1573 1485 1586 1504 ,
1606 1451 1741 1514 qurlm
1760 1451 2029 1515 periostium.

515 1529 583 1577 40.
620 1520 794 1565 Contra
812 1519 921 1565 vero
938 1518 1147 1564 atrociter
1163 1516 1435 1580 quandoque
1454 1515 1610 1562 dolere
1627 1549 1639 1567 ,
1656 1515 1747 1560 imo
1769 1515 1903 1561 etiam
1924 1513 2151 1562 interdum
2168 1513 2269 1560 lan-

447 1583 599 1631 cinare
616 1618 628 1636 ,
649 1584 679 1629 fi
698 1583 932 1630 substantia
951 1581 1212 1628 skirrhodes
1230 1580 1498 1642 cartilaginis
1513 1580 1585 1626 vel
1605 1580 1746 1625 carnis
1772 1578 1925 1624 aemula
1941 1613 1952 1631 ‚
1983 1578 2069 1642 qua
2101 1578 2269 1625 cellulae

445 1650 685 1714 opplentur
699 1682 710 1699 ‚
729 1649 776 1694 in
794 1647 1043 1693 carcinoma
1063 1645 1287 1691 occultum
1305 1645 1434 1690 abeat
1451 1678 1463 1696 ‚
1495 1660 1542 1691 ut
1562 1646 1700 1709 potest
1718 1643 1849 1692 variis
1867 1643 1922 1690 de
1941 1643 2071 1690 causis
2088 1642 2268 1691 accide-

446 1730 496 1760 re
514 1748 526 1766 ‚
547 1730 640 1777 quae
660 1727 915 1777 repetantur
936 1729 989 1758 ex
1006 1719 1115 1776 Cap.
1138 1718 1178 1754 6.
1201 1720 1238 1768 §.
1262 1729 1297 1769 3.
1321 1709 1418 1756 Lib.
1440 1713 1530 1756 III.

507 1780 712 1824 Alterum
739 1776 997 1823 exostofium
1022 1775 1324 1839 legitimarum
1351 1791 1487 1837 genus
1513 1773 1560 1820 fit
1593 1774 1803 1822 uberiore
1827 1772 2104 1821 nutrimento
2139 1787 2271 1818 certae

444 1843 542 1888 offis
571 1842 683 1906 parti
710 1842 815 1887 ideo
836 1839 1032 1905 apposito
1052 1873 1064 1891 ‚
1083 1839 1204 1903 quod
1225 1838 1289 1884 ibi
1307 1838 1487 1885 lamellae
1504 1839 1625 1885 osseae
1645 1838 1742 1886 sero
1761 1838 2013 1885 medullfive
2037 1835 2269 1900 aquosiore

443 1907 655 1953 emollitae
684 1907 753 1953 vel
776 1907 946 1951 acriore
969 1902 1230 1950 semi-erosae
1247 1938 1259 1954 ,
1280 1903 1454 1967 limphae
1473 1904 1663 1950 nutritiae
1681 1903 1878 1968 appulsui
1900 1900 2071 1948 facilius
2090 1901 2269 1947 cedant.

445 1971 678 2033 Siquidem
705 1986 859 2015 notum
880 1971 938 2015 est
955 1968 1129 2032 limpha:
1154 1967 1344 2012 nutritiae
1364 1967 1418 2013 ad
1437 1983 1606 2030 partem
1632 1968 1831 2031 quamvis
1857 1967 2069 2014 accessum
2099 1967 2269 2012 caeteris

445 2035 626 2099 paribus
646 2035 691 2079 in
713 2034 866 2080 eadem
889 2034 1060 2078 ratione
1081 2032 1262 2094 augeri,
1292 2031 1377 2093 qud
1403 2031 1616 2077 minuitur
1642 2033 1773 2095 partis
1793 2032 1920 2091 ipsius
1942 2029 2179 2078 resistentia
2208 2030 2267 2077 ad

446 2100 707 2147 ulteriorem
735 2098 1042 2144 dilatationem
1060 2129 1072 2148 ‚
1097 2096 1171 2143 seu
1195 2095 1319 2158 quod
1350 2095 1470 2142 idem
1493 2098 1552 2142 est
1569 2130 1581 2148 ‚
1602 2096 1688 2158 qua
1707 2096 1863 2143 crescit
1882 2095 2016 2160 partis
2041 2094 2268 2142 mollities.

444 2168 600 2226 Itaque
621 2162 650 2207 sl
668 2160 818 2209 succus
844 2161 1099 2209 medullaris
1117 2195 1128 2212 ,
1158 2161 1235 2223 qui
1261 2159 1438 2205 distillat
1467 2160 1491 2204 :l
1521 2160 1711 2207 frustillis
1742 2160 1997 2207 medullaris
2028 2159 2270 2206 substantiae

440 2227 604 2274 offibus
623 2227 890 2290 interspersa:
908 2260 920 2279 ,
939 2225 1084 2272 acrior
1113 2225 1162 2270 s1t
1184 2230 1228 2270 ὃς
1247 2224 1496 2270 corrosivus
1525 2225 1572 2269 in
1600 2241 1725 2271 certo
1752 2226 1855 2272 loco
1873 2259 1885 2276 ,
1916 2241 1988 2270 aut
2007 2223 2036 2268 s1
2056 2224 2079 2269 εὶ
2100 2224 2270 2288 perios-

445 2293 511 2338 tio
529 2326 542 2345 ,
571 2292 618 2338 in
638 2310 728 2355 quo
749 2291 916 2354 limpha
933 2292 1098 2354 stagnat
1115 2323 1127 2341 ‚
1150 2289 1294 2335 serum
1313 2289 1454 2335 acrius
1478 2287 1673 2350 subjecto
1704 2290 1780 2336 ossi
1813 2289 2073 2335 infundatur
2093 2321 2105 2340 ‚
2127 2290 2270 2335 emol-

444 2357 604 2403 litione
625 2373 698 2401 aut
715 2356 845 2402 tacita
865 2361 908 2401 δε
926 2355 1091 2401 latente
1112 2353 1384 2400 lamellarnm
1403 2351 1619 2399 ossearum
1637 2354 1841 2400 erofione
1857 2388 1869 2406 ‚
1888 2354 2010 2400 locus
2029 2352 2104 2398 fiet
2121 2354 2270 2403 nimiae

444 2420 705 2468 earumdem
733 2420 970 2466 nutritioni
997 2420 1020 2465 a
1047 2418 1214 2483 limpha
1247 2416 1425 2464 uberius
1454 2419 1722 2471 accedente,
1752 2418 1955 2483 adeoque
1983 2433 2271 2483 praeternatu-

444 2486 527 2535 sali
554 2486 797 2531 accretioni
822 2485 868 2530 in
892 2481 1135 2530 exostosem
1157 2482 1257 2530 vere
1276 2481 1440 2528 osseam
1459 2488 1504 2528 δέ
1524 2483 1651 2547 plane
1678 2481 1876 2530 solidam.

505 2551 625 2596 Hinc
657 2549 789 2595 facile
825 2551 883 2595 est
918 2547 1133 2611 colligere
1166 2545 1382 2593 exostoses
1408 2547 1522 2593 istius
1554 2548 1728 2610 generis
1760 2548 1921 2595 dolore
1947 2563 2103 2594 vacare
2122 2580 2135 2599 ,
2165 2547 2266 2593 cum

445 2633 544 2679 pars
563 2613 653 2678 ipsa
682 2613 835 2664 affecta
863 2612 988 2659 sensu
1017 2627 1162 2657 careat
1181 2644 1193 2663 ,
1217 2611 1472 2674 periostium
1500 2612 1605 2658 vero
1638 2612 1762 2675 quod
1794 2612 1871 2658 offi
1907 2611 2268 2676 superextensum

443 2679 603 2729 eisdem
630 2678 921 2741 proportione
952 2675 1143 2739 expandi
1170 2674 1391 2720 necessum
1421 2677 1479 2720 est
1496 2709 1507 2727 ,
1531 2676 1617 2738 quel
1638 2695 1686 2722 os
1709 2676 1852 2741 ipsum
1873 2677 1991 2723 mole
2020 2675 2233 2722 excrescit
2253 2709 2267 2728 ‚

448 2743 512 2788 ita
525 2742 728 2804 gradarifi
746 2740 1065 2804 lentissimaque
1084 2738 1346 2803 expansione
1365 2739 1627 2786 distrahatur
1642 2774 1654 2793 ‚
1681 2757 1729 2787 ut
1748 2741 1856 2787 inde
1876 2740 2021 2787 nullus
2043 2740 2175 2786 dolor
2193 2759 2270 2788 ex-

445 2807 574 2857 citari
595 2805 734 2870 possit.
1223 2829 1229 2845 ι

504 2873 729 2917 Caeterum
753 2868 858 2914 licet
880 2866 1053 2930 aequalis
1072 2864 1306 2928 similisque
1325 2865 1440 2911 succi
1459 2866 1715 2914 medullaris
1732 2867 1916 2915 infectio
1936 2868 1982 2915 in
2011 2867 2169 2914 ossibus
2188 2867 2267 2913 sin-

445 2935 559 2997 gulis
585 2934 851 2995 supponatur
869 2966 880 2984 ‚
907 2949 1056 2978 tamen
1091 2930 1292 2994 quaedam
1322 2929 1470 2976 futura
1506 2931 1604 2976 sunt
1624 2932 1711 2978 offa
1732 2967 1744 2984 ‚
1777 2938 1822 2979 &
1853 2935 1899 2980 in
1923 2929 2082 2979 iisdem
2107 2931 2265 2978 offibus

445 3000 546 3045 loca
565 3000 763 3060 quaedam
783 3031 794 3048 ‚
815 3013 909 3060 quae
942 2995 1106 3042 caeteris
1134 2994 1264 3040 citius
1284 2995 1574 3041 tentabuntur
1603 2997 1784 3043 exostofi
1802 3031 1814 3050 ‚
1853 3007 1912 3043 1⁰.
1943 3001 2122 3059 Nempe
2149 3013 2265 3057 quae-

444 3080 624 3126 cunque
644 3062 803 3124 frigori
825 3077 1008 3106 externo
1029 3059 1166 3122 magis
1181 3059 1353 3120 objecta
1373 3058 1471 3104 sunt
1487 3093 1500 3111 ‚
1531 3065 1576 3106 δέ
1606 3061 1651 3107 in
1681 3061 1841 3125 quibus
1860 3061 2050 3126 proinde
2067 3059 2262 3122 inspissa-

446 3128 558 3172 tioni
577 3160 588 3179 ,
606 3144 739 3190 quam
757 3125 949 3170 medulla
965 3126 988 3170 -Σι
1007 3141 1183 3170 veneno
1202 3127 1288 3185 jam
1306 3122 1439 3168 habet
1457 3156 1470 3174 ,
1487 3125 1658 3170 accedit
1676 3131 1721 3171 &
1742 3126 1880 3177 altera
1898 3141 1992 3188 quae
2010 3122 2169 3184 frigori
2189 3122 2264 3170 de‹

444 3189 588 3241 betur.
622 3191 734 3240 Inde
761 3190 820 3238 est
847 3188 971 3252 quod
1001 3187 1215 3238 exostoscs
1240 3185 1596 3252 frequentiflimae
1616 3188 1698 3236 fint
1720 3190 1767 3237 in
1787 3188 1920 3238 dorso
1950 3186 2175 3251 utriusque
2203 3188 2263 3248 ti3

1359 3310 1399 3320 -ι
