2477 3643
493 180 590 224 400
843 162 955 210 DE
1022 144 1969 226 Morzssrs‘vENER'Ers.

528 244 708 292 ollicem
733 243 946 310 appensus
969 243 1191 290 testiculus
1210 238 1534 287 exscindendus
1554 243 1612 288 est
1629 277 1643 296 ,
1660 243 1828 290 laciniae
1849 243 2065 292 exinaniti
2075 245 2140 301 'in
2165 240 2324 295 scroti!

494 265 636 360 foculi
657 309 902 357 resecandae
919 343 931 361 ,
958 307 1203 370 vulnusque
1223 323 1275 351 ex
1298 320 1389 351 arte
1418 307 1664 354 curandum
1693 309 1865 372 vulgari
1897 311 2113 358 methodo
2131 346 2143 364 ,
2165 329 2332 376 nempe.

502 375 724 440 digestivo
751 375 858 421 dum
889 374 1079 437 ligatura
1099 370 1276 417 decidat
1294 403 1306 423 ‚
1335 369 1501 417 deinde
1527 370 1723 419 balsamo
1746 375 1915 429 Arcaei,
1941 395 1989 422 ac
2018 375 2201 424 demum
2230 378 2337 426 cum

505 441 634 507 plaga
653 439 709 487 ad
728 439 979 486 cicatricem
1000 436 1146 484 tendit
1162 469 1175 489 ‚
1197 434 1430 500 epuloticis
1444 469 1457 488 ,
1486 435 1542 482 de
1559 437 1718 500 quibus
1738 437 1887 504 saepius
1906 441 2073 488 diffiturn
2093 442 2166 490 est.

943 569 1093 624 §.IL
1139 567 1382 613 PENIS
1440 568 1938 616 DISTORTIO.

291 730 345 768 n·
364 726 467 764 190„ss
511 700 536 711 ⁸
572 704 642 748 11.
667 694 972 745 Infortunium
993 695 1184 742 alterum
1203 695 1262 742 est
1284 694 1415 741 Penis
1436 729 1447 748 ‚
1468 694 1576 741 dum
1600 694 1779 761 rigescit
1797 730 1810 750 ,
1838 696 2035 744 distorsio
2065 699 2111 745 in
2142 697 2338 745 diversas

236 780 345 820 erecti
367 780 441 818 dis·
509 781 685 833 partes,
711 761 880 808 sursum
900 794 913 814 ‚
941 760 1152 807 deorsum
1177 777 1251 806 aut
1280 759 1334 805 ad
1370 761 1477 806 latus
1505 761 1794 814 alterutrum,
1821 778 1916 825 quae
1952 761 2078 807 usum
2107 763 2172 809 rei
2199 781 2337 809 vene-

239 832 366 881 ιομιὶο.
513 848 596 878 reae
616 829 646 875 si
663 845 754 873 non
779 825 1009 873 interdicit
1028 860 1041 879 ‚
1060 842 1101 871 at
1124 825 1243 872 certe
1264 822 1491 872 difficilem
1513 831 1558 872 &
1576 827 1871 891 propaganda:
1895 826 2056 891 speciei
2072 828 2338 893 plerumque

512 896 726 958 imparem
749 890 898 939 efficit.

578 959 628 1005 Id
660 958 762 1004 mali
790 955 1000 1022 provenit
1033 954 1056 1000 a
1090 953 1213 1000 nodo
1248 953 1334 1001 five
1369 954 1548 1019 ganglio
1579 954 1625 1000 in
1649 954 1848 1019 praeputii
1872 953 2012 1002 fraeno
2033 988 2046 1008 ‚
2077 958 2123 1002 in
2150 955 2340 1003 urethrae

515 1023 757 1090 parietibus
776 1056 788 1074 ,
809 1022 855 1066 in
874 1022 1120 1084 ligamento
1145 1020 1267 1084 penis
1289 1018 1568 1084 suspensorio
1584 1055 1596 1074 ,
1617 1021 1690 1067 vel
1712 1021 1758 1065 in
1785 1020 1883 1084 ipfis
1906 1020 2151 1066 cavernosis
2180 1038 2343 1084 corpo-

516 1089 638 1136 ribus
658 1106 710 1134 ex
731 1087 858 1132 causa
877 1086 1068 1133 venerea
1101 1103 1233 1131 enato
1253 1119 1266 1137 ‚
1294 1085 1413 1132 unde
1433 1085 1483 1131 fit
1504 1101 1552 1131 ut
1576 1086 1699 1150 penis
1719 1119 1731 1137 ,
1753 1087 1827 1149 qui
1851 1085 1958 1131 dum
1980 1086 2188 1132 flaccidus
2207 1087 2266 1132 est
2287 1084 2345 1131 li-

515 1154 623 1200 bere
662 1159 707 1199 &
745 1151 860 1198 reita
887 1150 1135 1216 propendet
1156 1183 1168 1202 ‚
1208 1149 1357 1196 versus
1385 1167 1556 1214 partem
1584 1150 1783 1197 affectam
1821 1150 2081 1213 detorqueri
2119 1150 2343 1197 neceffum

515 1218 711 1270 habeat,
739 1217 847 1263 dum
883 1216 1094 1279 erigitur,
1123 1215 1493 1278 quandoquidem
1530 1215 1669 1261 obstat
1708 1214 1844 1262 latens
1878 1215 1925 1260 in
1967 1216 2041 1260 1113.
2072 1232 2192 1280 parte
2228 1232 2342 1278 garr-

514 1283 643 1347 glion
658 1317 671 1336 ,
697 1300 753 1329 ne
772 1279 897 1346 possit
919 1282 994 1326 illa
1020 1280 1216 1326 debitam
1238 1279 1421 1345 adipisci
1440 1280 1790 1343 longitudinem.
1820 1281 1940 1326 Hinc
1962 1298 2123 1345 penem
2146 1280 2311 1326 sursum
2328 1312 2343 1332 ‚

517 1349 548 1394 si
577 1350 867 1411 ligamentum
890 1346 1012 1410 penis
1043 1343 1364 1409 suspensorium
1385 1364 1396 1398 ·,
1417 1345 1620 1392 deorsum
1641 1345 1669 1390 si
1689 1344 1877 1390 fraenum
1905 1346 2105 1410 praeputii
2136 1361 2208 1390 aut
2239 1362 2344 1391 ure·-

516 1414 619 1460 'thra
638 1431 650 1465 3
675 1413 730 1458 ad
751 1412 953 1458 dextram
974 1410 1242 1457 finistramve
1268 1426 1438 1473 partem
1465 1410 1638 1456 revolvi
1658 1409 1828 1456 necesse
1849 1411 1908 1457 est
1924 1444 1935 1462 ,
1955 1410 1984 1455 si
2005 1428 2104 1475 pars
2128 1410 2216 1456 ulla
2234 1410 2343 1456 dex-

517 1479 576 1525 tri
599 1477 811 1523 sinistrive
838 1475 1035 1540 corporis
1064 1474 1291 1520 cavernosi
1320 1475 1431 1521 male
1453 1473 1712 1520 afficiantur.

294 1559 474 1598 Remedia
580 1543 807 1588 Incurvati
833 1542 956 1605 penis
990 1539 1185 1586 remedia
1217 1537 1373 1586 eadem
1408 1540 1505 1585 sunt
1538 1558 1637 1585 cum
1671 1538 1879 1585 remediis
1906 1538 2020 1585 testis
2058 1537 2309 1585 skirrhodis
2329 1572 2343 1592 ‚

244 1612 474 1665 &exempla·
522 1606 622 1654 cum
641 1607 689 1652 in
710 1622 900 1669 utroque
920 1604 1076 1651 affetfftu
1096 1605 1281 1669 perinde
1302 1623 1411 1669 opus
1443 1605 1491 1649 sit
1523 1604 1757 1669 impastam
1790 1604 2020 1650 materiem
2054 1603 2274 1650 discutere
2297 1609 2344 1649 δε

519 1672 760 1720 resolvere.
791 1676 858 1718 Re
894 1686 1069 1717 etantur
1100 1687 1208 1733 ergo
1227 1687 1278 1716 ex
1299 1669 1574 1734 praecedente
1597 1669 1871 1733 paragrapho
1894 1688 1903 1714 :
1927 1671 2034 1725 Quae
2054 1667 2082 1713 fi
2097 1669 2219 1714 irrita
2235 1668 2317 1714 sint
2333 1701 2349 1721 ,

510 1738 649 1803 atquo
671 1737 820 1783 animo
849 1690 1017 1782 geratur
1043 1735 1206 1780 malum
1225 1769 1237 1786 ‚
1259 1734 1593 1781 immedicabile
1612 1735 1793 1798 quidem
1815 1768 1827 1786 ‚
1853 1732 1929 1779 sed
1948 1733 2075 1797 plane
2093 1734 2344 1779 innoxium.

586 1806 815 1850 Memorat
849 1800 1040 1853 Jacobus
1070 1799 1299 1846 Hollerius
1319 1834 1330 1851 ‚
1362 1805 1516 1846 Comm.
1550 1800 1608 1844 ad
1640 1800 1874 1863 Aphorism.
1901 1806 1962 1859 63.
1991 1797 2101 1845 Lib.
2122 1818 2155 1860 5.
2190 1798 2220 1843 fi
2255 1816 2349 1844 non

524 1868 650 1915 idem
666 1902 679 1920 ‚
702 1867 820 1914 certe
841 1865 960 1912 haud
988 1864 1183 1911 absimile
1203 1865 1326 1929 penis
1346 1865 1506 1911 vitium
1528 1864 1736 1929 peculiari
1758 1863 1947 1909 artificio
1968 1863 1991 1908 a
2020 1862 2061 1909 se
2083 1866 2346 1909 correcstum.

526 1935 634 1980 Vidi
650 1970 664 1985 ‚
688 1931 834 1995 inquit
854 1966 866 1983 ,
894 1935 964 1993 qui
987 1930 1155 1976 membro
1184 1940 1243 1975 ita
1272 1929 1418 1974 obtorto
1433 1947 1509 1975 non
1524 1944 1679 1994 poterat
1689 1933 1854 1992 gignere
1872 1966 1885 1981 ‚
1919 1927 2033 1990 qubd
2045 1929 2175 1986 fimen
2187 1930 2343 1992 semper

525 1996 721 2052 restitaret
740 2001 781 2041 in
801 2000 959 2041 cervice
978 1998 1091 2039 uteri.
1125 1997 1245 2039 Huic
1259 2008 1430 2057 paratus
1450 1994 1498 2052 est
1528 1996 1777 2039 canaliculas
1796 1993 2001 2055 plumbens
2021 1995 2090 2037 vel
2107 2008 2343 2054 argenteus,

526 2060 841 2107 accommodatus
874 2058 1118 2118 craffitudini
1153 2059 1270 2120 ipstzts
1295 2062 1436 2118 penis,
1464 2061 1506 2102 in
1536 2075 1648 2118 quem
1682 2057 1839 2116 immisso
1857 2070 1957 2115 pene
1976 2058 2255 2119 circumposita
2287 2056 2338 2102 Εὐ*

526 2127 701 2188 alligata
715 2127 811 2184 fimt
830 2122 976 2181 cistella
996 2161 1010 2175 ‚
1030 2125 1087 2166 ita
1114 2136 1159 2166 ut
1177 2122 1338 2166 tandem
1354 2123 1532 2184 figuram
1552 2119 1716 2165 membri
1734 2122 1882 2164 regiam
1903 2137 1953 2165 ac
1977 2123 2202 2165 naturalem
2229 2138 2345 2168 recu·-

525 2193 684 2254 perarit
706 2189 757 2235 &⁹
773 2190 967 2252 genuerit.
996 2188 1105 2242 Qua?
1139 2185 1241 2231 licet
1269 2185 1364 2231 satis
1382 2184 1568 2230 obscure
1591 2199 1896 2249 proponantur
1917 2217 1928 2235 ,
1949 2183 2055 2230 inde
2078 2200 2226 2231 tamen
2253 2186 2348 2233 col-

527 2250 608 2316 ligi
636 2255 775 2317 potest
802 2252 921 2315 quali
953 2250 1142 2296 artificio
1161 2249 1258 2295 usus
1278 2250 1326 2295 sit
1346 2249 1420 2298 ille
1436 2284 1450 2303 ,
1471 2266 1601 2313 atque
1630 2249 1742 2297 adeo
1764 2248 1793 2294 si
1809 2267 1861 2296 ex
1885 2247 1960 2295 usu
1975 2248 2111 2296 fuerit
2125 2283 2137 2301 ‚
2152 2268 2345 2314 pronum

529 2321 588 2367 est
605 2318 743 2364 cuivis
764 2317 838 2363 suo
857 2316 1051 2380 periculo
1079 2315 1287 2379 experiri.

591 2386 703 2431 Non
731 2400 884 2428 moror
918 2398 1011 2444 quae
1043 2381 1184 2433 Julius
1218 2379 1362 2426 Cacsar
1396 2378 1603 2425 Arantius
1623 2413 1634 2432 ,
1669 2378 1790 2425 Libr.
1819 2380 1866 2424 de
1893 2378 2108 2425 tumoribus
2123 2393 2349 2443 praterna-

527 2448 728 2494 ruralibus
748 2487 760 2501 ,
794 2452 899 2510 Cap.
932 2465 993 2508 50.
1028 2443 1166 2491 refert
1199 2446 1254 2491 de
1288 2443 1481 2506 quddam
1509 2444 1633 2508 penis
1664 2443 2003 2496 incurvatione,
2031 2462 2165 2507 quam
2198 2443 2348 2499 censet

528 2513 839 2559 deducendam
861 2511 945 2557 effe
977 2511 999 2554 ἂ
1023 2510 1201 2555 laxitate
1238 2509 1495 2554 cellularum
1525 2510 1571 2554 in
1602 2509 1817 2554 alterutro
1850 2526 2045 2573 corpore
2069 2508 2312 2555 cavernoso
2335 2542 2350 2562 ‚

528 2578 650 2624 unde
677 2577 750 2623 fiat
772 2592 817 2621 ut
835 2575 1047 2639 quantum
1069 2574 1232 2620 cellulae
1260 2574 1342 2619 illae
1359 2607 1370 2625 ,
1390 2591 1483 2637 quae
1509 2574 1697 2619 laxiores
1719 2573 1818 2619 sunt
1838 2608 1849 2624 ‚
1877 2575 2040 2620 caeteris
2068 2575 2208 2636 magis·
2237 2574 2351 2619 dila-

528 2657 677 2688 tantur
697 2677 708 2694 ,
732 2641 1009 2687 tantumdem
1027 2640 1074 2684 in
1098 2639 1245 2701 rigido
1264 2637 1468 2684 membro
1489 2639 1714 2685 decrescat
1730 2639 1967 2702 longitudo
1985 2637 2210 2684 cavernosi
2231 2638 2349 2685 illius

531 2708 757 2770 corporis,
783 2706 837 2751 ad
869 2723 1000 2768 quarn
1032 2702 1248 2749 debuisset
1280 2703 1478 2766 alioquin
1508 2703 1720 2753 extendi,
1751 2721 1803 2749 ex
1837 2722 1926 2766 quo
1958 2703 2151 2765 sequitur
2186 2721 2348 2766 penem

529 2770 680 2816 versus
705 2770 826 2814 illam
850 2785 1019 2832 partem
1038 2767 1275 2813 necessario
1294 2768 1655 2830 detorquendum
1684 2767 1781 2813 effe.
1815 2769 1890 2812 Ait
1922 2783 2066 2813 autem
2086 2767 2161 2814 ille
2182 2772 2222 2813 in
2241 2769 2348 2814 ham:

530 2834 836 2899 morbispeciem
854 2834 1028 2879 incidere
1044 2871 1058 2885 ,
1079 2836 1147 2896 qni
1165 2837 1306 2877 veneri
1323 2835 1438 2877 nimis
1467 2833 1702 2893 indulgent,
1729 2832 1779 2876 ΕΦ
1810 2836 1879 2894 qui
1895 2832 2128 2894 frequenter
2154 2832 2204 2879 ά
2238 2831 2310 2878 dila
2327 2870 2351 2886 ,

527 2915 573 2946 ut
603 2902 844 2946 mulierculis
874 2901 1068 2962 placeant
1101 2935 1116 2950 ,
1147 2895 1305 2954 dzstemo
1324 2898 1418 2957 stmt
1443 2893 1612 2959 genitali
1641 2935 1650 2949 ‚
1690 2912 1843 2960 utpote
1877 2896 1922 2941 in
1963 2897 2125 2959 quibus
2167 2897 2347 2941 distrac-

484 3013 491 3017 χ
524 2964 651 3011 tione
676 2963 812 3009 nimici
834 2968 877 3008 δε
898 2962 1178 3008 diuturniore
1213 2979 1309 3024 pars
1335 2961 1533 3024 quaedam
1562 2961 1608 3005 in
1636 2959 1880 3007 cavernoso
1909 2961 2123 3007 alterutro
2154 2975 2344 3023 corpore

524 3029 746 3075 relaxetur
764 3048 776 3082 3
797 3043 1006 3090 putatque
1024 3026 1134 3072 illud
1156 3025 1320 3071 malum
1342 3044 1433 3072 non
1451 3025 1782 3072 emollientibus
1799 3058 1809 3076 ,
1827 3026 1900 3071 sed
1915 3025 2250 3089 astringentibus
2267 3040 2346 3068 cu-

528 3093 718 3139 randum
748 3093 830 3138 eise
852 3125 864 3142 ‚
891 3109 1083 3154 quorum
1107 3090 1319 3136 formulas
1351 3091 1520 3153 aliquot
1552 3090 1763 3136 recenset.
1791 3090 1878 3137 Sed
1899 3090 1988 3136 haec
2008 3091 2036 3135 si
2056 3089 2240 3136 veritate
2270 3087 2344 3131 ni·-

528 3173 676 3203 tantur
698 3191 709 3208 ‚
736 3156 782 3202 in
812 3157 934 3218 quod
968 3173 1060 3200 non
1095 3154 1218 3201 lubet
1252 3172 1369 3199 nunc
1405 3154 1631 3216 inquirere
1653 3188 1666 3206 ,
1694 3154 1846 3201 saltem
1880 3155 1934 3200 ab
1962 3154 2157 3199 instituto
2190 3151 2345 3204 nostro

529 3221 658 3283 plane
685 3220 782 3271 sunt
807 3221 949 3269 aliena
967 3253 980 3274 2
1007 3219 1108 3267 cum
1135 3219 1190 3266 ad
1217 3219 1336 3266 luem
1362 3235 1600 3267 veneream
1628 3219 1893 3266 nullomodo
1915 3217 2180 3281 pertineant.
2293 3248 2302 3253 .

2156 3291 2193 3338 §·
2244 3283 2350 3326 111‚
