2477 3643
150 1524 230 1568 Sed
245 1529 310 1581 qui
328 1541 387 1567 re-

152 1582 333 1633 probatur
348 1611 362 1629 ‚

158 1644 331 1685 tanquam

154 1685 385 1738 perniciosus.

434 102 547 166 52:76²
771 110 1921 164 DEMORBISVENEREIS.

496 188 720 237 Martinus
753 191 942 239 Listerus
971 209 1152 255 quoque
1181 196 1223 239 in
1250 195 1560 241 Exercitatione
1580 198 1840 245 Medicinali
1873 200 1922 244 de
1955 198 2020 245 lue
2050 203 2277 260 venerea]

434 252 614 300 videtur
635 273 716 302 nec
735 256 826 321 ipse
853 255 979 303 usum
995 255 1126 303 infusi
1154 257 1461 304 cantharidum
1497 260 1794 311 reformidare
1813 298 1825 317 ,
1859 281 1951 327 quo
1970 262 2014 310 se
2042 265 2110 312 bis
2135 267 2280 316 usum

436 315 566 366 fuiffe
591 319 725 367 refert
751 322 798 367 in
816 322 991 385 aegrotis
1019 320 1185 369 scilicet
1217 340 1233 367 1
1249 339 1286 367 1.
1309 327 1355 369 ὃ(
1383 341 1454 370 12.
1484 330 1536 371 In
1555 327 1706 390 priore
1726 328 1911 392 quidem
1939 326 2038 374 casu
2065 331 2279 379 drachma·

438 399 523 430 una
546 386 831 432 cantharidum
854 386 1050 450 digeritur
1075 390 1204 432 cinere
1225 388 1358 434 calido
1389 406 1476 435 cum
1498 391 1648 438 multis
1674 393 1769 440 aliis
1795 392 2021 454 speciebus
2047 396 2089 440 in
2097 395 2272 460 spiritus

438 451 538 493 vini
555 450 862 511 rebiificatiffimi
889 449 998 496 libra
1015 452 1195 511 semtffes
1218 449 1415 498 Infusum
1423 455 1625 514 filtratum
1641 472 1713 522 per
1733 460 1917 505 chartam
1937 457 2116 505 bibulam
2145 459 2205 507 bis
2228 464 2272 507 in

442 513 508 558 die
534 513 808 576 praescribitur
834 514 892 559 ad
903 529 1039 577 guttas
1061 532 1189 561 xxxx.
1211 519 1253 561 in
1270 517 1463 580 cerevisia?
1490 521 1647 584 tepidd.
1677 527 1727 567 In
1756 522 1997 587 posteriore
2029 522 2141 569 vero
2167 542 2272 571 can-

440 577 649 624 tharidum
677 579 875 625 drachma
893 595 974 624 una
995 578 1192 642 digeritur
1215 594 1290 644 per
1322 583 1424 629 diem
1443 583 1584 630 balneo
1601 592 1733 632 maria
1756 606 1841 633 cum
1866 587 2088 634 cochenilid
2112 591 2153 634 in
2176 591 2269 635 vini

440 641 628 688 Rhenani
659 642 728 688 lib.
750 646 779 705 j.
813 647 857 688 &
875 641 1004 705 hujus
1021 642 1150 690 infufi
1177 645 1363 693 cochlear
1393 665 1513 694 unum
1539 667 1625 696 cum
1646 651 1798 698 decotto
1817 655 1999 699 Guaiaci
2018 652 2076 699 bis
2093 655 2273 716 quotidie,

443 705 667 751 exhibetur.

502 771 686 816 Constat
708 769 905 819 fimiliter
925 772 1205 820 cantharides
1240 772 1289 819 in
1322 775 1553 823 substantia
1587 777 1612 824 a
1644 778 1781 825 Paulo
1814 783 2080 829 Hermanno
2104 784 2194 840 (a)
2227 786 2271 829 in

441 835 652 896 Cynosura}
673 839 843 882 materia
864 838 1049 884 Medica
1081 839 1274 902 proponi
1303 842 1362 886 ad
1379 845 1657 907 corrigendam
1680 845 1958 909 gonorrhoeam
1987 849 2268 902 virulentam,

439 900 664 961 incipiendo
691 898 717 944 a
739 900 824 960 dost
839 904 983 959 minori
1002 904 1179 962 ,scilicet
1197 902 1224 949 a
1239 921 1302 968 gr.
1335 905 1380 951 ss.
1410 905 1460 952 (ἒ
1477 909 1523 967 st
1532 907 1613 966 fiat
1629 926 1717 954 cum
1737 912 1829 973 agri
1847 912 2048 956 levamine
2076 912 2134 958 ad
2148 928 2214 975 gr.
2239 915 2269 971 j.

438 963 511 1006 vel
527 961 572 1022 ij.
605 963 828 1010 Laudatur
847 966 982 1012 etiam
1012 967 1066 1012 ab
1097 968 1260 1015 eodem
1276 968 1474 1015 Infusum
1504 971 1813 1019 cantharidum
1831 1006 1844 1025 ‚
1875 977 1995 1031 cujus
2016 979 2177 1021 unciam
2199 976 2275 1035 [ἑο.

438 1027 582 1086 miſjem
613 1027 886 1075 miscendam
911 1031 1058 1077 censet
1082 1051 1169 1079 cum
1197 1051 1395 1096 aquarum
1415 1036 1616 1100 nymphaa
1634 1077 1648 1091 ,
1665 1041 1880 1102 portulaca
1901 1038 2164 1101 &graminis
2185 1057 2267 1086 ana

435 1087 472 1155 Ξ
490 1092 534 1152 ij.
567 1090 616 1138 ῥ’
640 1095 714 1138 olei
745 1094 1013 1141 terebinthina
1030 1113 1133 1158 gun.
1153 1117 1196 1143 v.
1229 1116 1361 1161 quarn
1391 1101 1628 1145 mixturam
1650 1100 1863 1163 succeffive
1884 1103 2150 1149 exhibendam
2179 1103 2266 1151 esse

439 1155 502 1200 ait
520 1173 589 1201 ceu
616 1173 834 1203 extremum
869 1162 1081 1206 remedium
1108 1166 1150 1207 in
1174 1164 1414 1226 gonorrhoeoi
1439 1166 1647 1212 virulentass
1675 1166 1907 1213 inveterati
1947 1184 2034 1213 cum
2065 1167 2265 1214 ulceribus

426 1219 629 1281 sordidis,
646 1221 738 1268 imo
753 1227 872 1270 etiam
887 1239 961 1288 per
970 1241 1110 1288 penem
1124 1228 1402 1283 injiciendam.

502 1287 698 1331 Demum
730 1288 927 1335 Michael
959 1290 1169 1336 Albertus
1186 1325 1198 1343 ,
1226 1292 1273 1337 in
1294 1292 1536 1338 Academia
1566 1292 1761 1339 Hallensi
1780 1293 2003 1340 Professor
2027 1293 2233 1343 Medicus
2249 1328 2263 1348 ‚

438 1353 454 1408 (
473 1348 497 1394 b
517 1353 532 1407 )
566 1352 775 1414 proponit
799 1353 890 1417 ipse
908 1372 1087 1417 quoque
1109 1358 1305 1416 effentiam
1326 1358 1611 1403 cantharidum
1634 1360 1992 1405 Bartholinianam
2024 1364 2065 1404 in
2076 1359 2267 1419 subseliis

437 1411 713 1473 robustioribus
749 1417 804 1462 ad
837 1420 1155 1480 gonorrhoeam
1183 1419 1309 1467 valde}
1339 1437 1603 1469 contumacem
1622 1424 1672 1471 (ῥ’
1692 1423 1977 1483 refraoiariam
1994 1462 2011 1477 ,
2036 1422 2148 1470 modo
2175 1442 2266 1471 cum

438 1480 576 1539 aliquo
598 1482 862 1528 moderamine
890 1483 1145 1531 adhibeatur.

504 1543 650 1589 Miror
671 1546 881 1608 equidem
900 1548 923 1592 a
945 1563 1011 1593 tot
1046 1548 1265 1612 tantisque
1299 1550 1419 1597 Viris
1450 1550 1697 1596 remedium
1725 1550 1781 1596 ad
1811 1548 2129 1612 gonorrhoeam
2155 1568 2260 1615 pro·-

436 1607 683 1670 poni,non
720 1610 825 1656 dico
858 1628 948 1657 tam
972 1612 1161 1659 infidum
1182 1647 1194 1666 ‚
1216 1613 1291 1660 sed
1320 1631 1407 1660 tam
1441 1616 1590 1678 aperte
1624 1614 1933 1679 pernitiosum.
1963 1615 2268 1663 cantharides*

435 1671 585 1724 enim,
608 1673 635 1717 s1
668 1674 845 1721 interne
881 1675 1147 1742 usurpentur
1173 1679 1245 1725 vel
1273 1678 1366 1724 dofi
1395 1679 1606 1731 minima,
1637 1679 1757 1726 verbi
1781 1679 1925 1741 gratid
1949 1679 2105 1742 quarta
2137 1696 2261 1744 parte

434 1737 562 1798 grani
585 1738 713 1785 unius
728 1773 742 1792 ,
777 1758 902 1787 renes
919 1775 932 1793 ‚
953 1742 1138 1788 vesicam
1157 1776 1169 1795 ‚
1191 1743 1340 1789 veficae
1371 1744 1534 1789 collum
1549 1778 1563 1796 ,
1590 1759 1664 1790 aut
1684 1744 1910 1789 urethram
1930 1743 2159 1807 plilogosi·³
2186 1745 2257 1797 in-

434 1800 741 1851 flammatione
761 1838 772 1856 ‚
793 1806 1123 1853 exulceratione
1153 1807 1413 1872 plerumque
1436 1806 1632 1855 afficiunt
1651 1842 1665 1861 ,
1686 1807 1757 1855 vel
1778 1807 1872 1872 ipso
1891 1816 1906 1868 (
1924 1814 1975 1868 c)
1996 1809 2261 1856 eorumdem

435 1866 686 1914 testimonio
708 1902 718 1919 ,
739 1868 762 1913 ὲ
790 1870 949 1931 quibus
968 1888 1057 1916 tam
1075 1873 1242 1918 temere
1261 1873 1496 1919 laudantur
1528 1874 1582 1919 ad
1599 1873 1932 1936 gonorrhoeam.
1962 1873 2265 1921 Cantharides

433 1926 544 1994 ergo
560 1965 572 1984 ,
588 1931 677 1979 five
699 1933 746 1977 in
763 1933 996 1983 substanti&
1027 1936 1116 1983 five
1137 1937 1183 1981 in
1199 1936 1347 1983 infuso
1365 1938 1541 1984 interne
1558 1937 1852 1985 exhibeantur
1869 1971 1881 1989 ,
1902 1937 2109 1984 conferre
2127 1955 2261 1984 num-

430 2013 593 2058 quam,
624 2015 789 2045 nocere
819 1999 988 2062 semper
1013 2000 1182 2047 debent
1211 2002 1258 2046 in
1279 2002 1551 2065 gonorrhoezi
1576 2001 1795 2048 virulenta
1814 2035 1826 2053 ‚
1843 2002 1890 2046 in
1909 2000 2142 2049 affectione
2169 2001 2257 2049 sci-

428 2059 537 2108 licet
556 2061 811 2126 phlogodea
827 2097 838 2114 ,
857 2064 1196 2111 inflammatorizi
1211 2100 1223 2118 ,
1237 2067 1436 2113 ulcerosa
1456 2067 1659 2112 urethrae.

486 2127 697 2190 Inquient
729 2127 872 2174 forsan
888 2163 901 2181 ‚
918 2130 994 2192 qui
1015 2131 1171 2176 contra
1196 2131 1392 2178 sentiunt
1410 2165 1423 2183 ,
1441 2131 1719 2178 cantharides
1738 2128 1981 2177 detersoria
2002 2129 2171 2194 pollere
2186 2129 2257 2177 fa-

429 2190 593 2238 cultate
612 2225 624 2244 ‚
651 2209 785 2256 atque
807 2193 920 2239 adeo
939 2195 1193 2242 conducere
1214 2196 1260 2242 in
1280 2196 1553 2259 gonorrhoea
1579 2195 1914 2242 contumaciore
1938 2194 1992 2240 ad
2018 2194 2257 2258 detergen-

428 2253 486 2301 da
513 2258 661 2303 ulcera
695 2257 965 2322 dysepnlota.
1003 2259 1088 2307 Sed
1111 2279 1208 2306 eam
1237 2261 1502 2324 detergendi
1529 2260 1782 2306 facultatem
1806 2258 2138 2305 cantharidibus
2160 2259 2253 2323 ipse

427 2337 669 2385 numquam
691 2323 948 2370 concessero
967 2358 979 2376 ,
999 2326 1076 2388 qui
1095 2324 1233 2389 prObe
1260 2325 1394 2371 sciam
1426 2326 1705 2372 cantharides
1726 2325 1782 2370 ad
1809 2325 1959 2371 ulcera
1984 2323 2153 2369 tantum
2181 2326 2254 2369 in-

424 2382 613 2433 ferenda
639 2420 653 2439 ,
685 2387 741 2433 ad
767 2388 1041 2452 detergenda
1071 2390 1182 2436 vero
1207 2408 1450 2453 numquam
1481 2392 1664 2438 externe
1697 2389 1914 2436 adhiberi.
1942 2390 2039 2434 Esto
2068 2404 2217 2435 tamen
2237 2409 2251 2434 τ

424 2453 676 2514 Detergant
696 2452 990 2500 cantharides.
1020 2455 1145 2510 Quid
1166 2469 1288 2501 tum?
1307 2459 1380 2501 An
1398 2456 1502 2502 ideo
1529 2455 1745 2503 utendum
1766 2455 1850 2501 erit
1867 2453 2067 2500 remedio
2096 2454 2249 2524 deter-

423 2531 559 2578 gente
576 2515 821 2564 istiusmodi
837 2552 850 2570 ‚
875 2523 997 2581 quod
1016 2518 1419 2567 inflammationem
1447 2538 1691 2573 renovare,
1719 2519 1844 2583 quod
1873 2518 2253 2589 exulcerationem

418 2597 584 2644 augere
602 2615 615 2634 ,
633 2582 757 2645 quod
789 2583 845 2628 ad
878 2600 1158 2647 gangraenam
1179 2585 1334 2631 omnia
1363 2585 1586 2631 deducere
1607 2587 1746 2650 potest
1762 2602 1773 2638 3
1792 2583 1916 2648 quod
1939 2582 2045 2647 saepe
2071 2582 2247 2628 inflam-
2289 2598 2292 2601 “

419 2646 666 2692 mationem
692 2663 904 2700 renovat,
929 2648 1309 2696 exulcerationem
1338 2666 1468 2712 auget
1486 2683 1496 2701 ‚
1515 2652 1754 2713 omniaque
1780 2649 1835 2694 ad
1858 2663 2139 2718 gangraenam
2169 2647 2249 2719 de-

421 2709 706 2757 duciteNon
740 2712 860 2757 certe
882 2746 895 2764 ,
916 2731 972 2759 ne
992 2713 1176 2776 quidem
1197 2713 1225 2758 s1
1253 2713 1334 2759 alia
1361 2713 1605 2759 deficerent
1630 2714 1782 2760 omnia
1815 2713 2126 2774 detergentia3
2155 2729 2247 2757 mi·-

421 2773 544 2821 nime
569 2774 679 2822 verb
694 2810 707 2830 ,
734 2777 833 2823 cum
855 2792 921 2824 tot
948 2778 1030 2825 alia
1047 2777 1278 2844 suppetant
1305 2777 1594 2826 efficacissima
1615 2784 1659 2826 δε
1679 2778 1734 2826 ab
1753 2778 1877 2824 omni
1893 2775 2094 2841 periculo
2113 2775 2249 2841 plane:

418 2854 651 2887 1mmun1a.

405 2972 418 2975 “
476 2970 489 3013 ί
509 2982 532 3004 a
552 2971 564 3017 )
595 2971 693 3007 Part.
718 2982 750 3007 2.
770 2972 803 3009 in
821 2972 933 3010 verbo
954 2975 1209 3013 cantharides.

473 3021 550 3068 (b)
582 3022 775 3070 Therapeia
797 3027 926 3063 Medic.
943 3030 1028 3064 See?
1046 3034 1080 3065 8.
1097 3036 1171 3076 cap.
1200 3042 1212 3065 1
1227 3033 1246 3065 8
1259 3048 1268 3061 ·

577 3076 621 3108 Et
648 3078 822 3111 Materira
845 3079 971 3114 Medir.
992 3083 1143 3116 Seffione
1164 3092 1199 3117 2.
1217 3088 1290 3127 cap.
1311 3092 1341 3118 1.
1361 3081 1379 3122 5
1414 3094 1446 3121 9,

472 3124 513 3170 (c
532 3127 542 3173 )
577 3124 651 3160 Vid.
673 3122 889 3163 Hoffnann.
919 3135 952 3166 &
971 3131 1221 3168 Hermannum
1246 3130 1427 3180 loasupra
1446 3131 1545 3169 lizud.>

580 3177 623 3214 Et
645 3176 834 3218 albestum
847 3206 859 3225 ,
876 3184 912 3218 in
930 3185 1040 3219 Praxi
1058 3183 1319 3233 extemporanea
1334 3208 1347 3228 ,
1366 3183 1462 3234 Casu
1482 3199 1549 3230 24·

2141 3227 2232 3278 Sed
