2477 3643
579 84 876 168 -Linrn
930 123 1042 171 IV.
1106 123 1394 172 civ-ur
1456 131 1673 176 viI-1.
1909 140 2002 205 ‘363

177 199 316 256 traria
334 197 418 246 fint
439 197 758 265 consequentia
776 236 788 255 ‚
819 220 922 252 tunc
943 209 1003 255 ob
1028 210 1300 258 retardatum
1321 213 1492 260 cruoris
1521 231 1693 262 motum
1723 221 1770 263 &
1790 222 2006 275 astrictum

182 263 401 320 viscerum
427 280 584 325 tonum
603 266 803 315 futurum
825 272 910 323 est,
931 290 977 319 ut
997 274 1052 321 ab
1083 277 1241 324 atomis
1264 278 1598 326 mercurialibus
1619 282 1816 329 minores
1832 290 2006 336 tardio-

184 329 342 392 resque
362 329 496 375 turbae
517 331 730 377 cieantur.

248 402 310 455 3⁰.
342 397 428 440 Pro
448 395 622 458 piaculo
644 397 781 461 vulgo
804 398 1048 448 etiamnum
1069 402 1224 450 haberi
1240 440 1252 458 ,
1274 405 1301 451 si
1324 423 1508 459 venter,
1530 408 1689 457 thorax
1707 444 1721 464 ,
1745 429 1875 476 caput
1895 434 2008 463 mer-

182 459 339 505 curiali
371 475 600 522 unguento
629 461 933 525 inungantur:
966 468 1122 514 Videri
1152 468 1391 518 horrorem
1418 473 1539 519 illum
1569 494 1620 522 ex
1645 479 1828 541 antiquo
1853 482 2008 527 Medi-

185 539 343 569 corum
374 524 631 587 praejudicio
666 527 775 572 olim
805 545 955 575 natum
982 565 994 583 ‚
1027 535 1303 581 Mercurium
1338 555 1497 603 nempe
1531 558 1755 588 venenatae
1785 545 2008 606 quaiitatis

181 585 270 634 else
287 620 300 639 ‚
333 605 476 651 neque
503 590 618 636 adeo
642 590 761 654 posse
789 593 843 639 ad
866 594 1020 642 vitales
1046 597 1376 664 nobilioresque
1399 619 1543 666 partes
1565 606 1744 668 propius
1767 607 1882 654 ilum
1916 611 2006 659 sine

181 649 386 714 periculo
409 671 419 697 ε
449 655 732 717 Experientia
758 658 938 720 quidem
967 664 1054 721 jam
1075 662 1246 709 dudum
1267 683 1550 730 compertum
1569 669 1694 717 fmffe
1727 675 2007 722 Mercurium

181 731 239 763 ex
261 715 303 762 se
327 715 458 779 plane
481 717 564 765 else
585 721 819 767 innoxium
841 741 851 774 ·,
883 723 1075 770 necdum
1095 741 1242 774 tamen
1274 729 1565 778 intermiffum
1586 735 1669 781 ess'e
1693 754 1864 784 morem
1883 739 2008 787 illum

183 781 401 843 parcendi
431 784 577 829 ventri
596 817 610 836 ,
653 785 858 839 thoraci,
890 789 1023 853 cap‘iti
1050 807 1167 838 inter
1198 793 1535 857 inunguendum
1559 818 1570 850 3
1592 801 1699 862 quin
1730 802 1823 850 imo
1858 837 1869 856 ‚
1905 804 2007 852 cum

182 846 439 892 Mercurius
469 849 657 911 perinde
686 866 783 913 agat
814 853 1079 917 cuicumque
1108 859 1307 921 corporis
1333 861 1447 923 parti
1474 862 1697 916 illinatur‚
1731 885 1812 913 nec
1840 870 2008 917 temere

181 905 573 957 intermittendum
603 914 781 967 videri,
813 934 868 963 ne
898 917 1049 964 forsan
1080 923 1157 983 qui
1188 921 1308 969 (ecus
1340 923 1496 972 fecerit
1518 960 1530 978 ‚
1566 929 1678 974 male
1715 932 1863 979 audiat
1893 935 2011 998 altuni

180 971 416 1036 imperitos
431 1009 444 1029 ,
473 976 501 1023 fi
523 977 631 1040 quid
651 978 887 1027 infortunii
909 1000 962 1028 ex
983 984 1065 1029 alia
1084 986 1394 1051 qualicumque
1418 992 1543 1036 causfi
1565 997 1766 1041 evenerit
1787 1015 1797 1041 ε
1827 1003 1882 1043 At
1903 1018 1966 1045 ve:
1982 1001 2010 1046 ὸ

182 1036 214 1081 si
240 1039 408 1091 nodus,
439 1041 653 1105 ganglion
672 1078 684 1096 ,
711 1045 913 1091 exostosls
930 1079 944 1099 ‚
975 1064 1124 1094 tumor
1142 1084 1155 1102 ,
1180 1051 1303 1098 ulcus
1328 1086 1340 1105 ‚
1370 1071 1460 1099 uno
1490 1057 1631 1103 verbo
1659 1060 1838 1108 morbus
1863 1066 2011 1126 quivis

179 1101 334 1148 localis
368 1121 571 1151 ventrem
592 1140 604 1158 ‚
636 1106 867 1154 thoracem
889 1143 901 1162 ‚
934 1128 1008 1157 aut
1037 1114 1274 1161 calvariam
1309 1136 1528 1183 occupet,
1569 1137 1673 1168 tunc
1705 1124 1828 1171 inani
1852 1146 2010 1191 piaeju-

180 1165 305 1212 dicio
336 1185 614 1233 nequaquam
645 1173 983 1235 obsequendum
1004 1176 1211 1230 esse3sed
1233 1180 1445 1229 localibus
1477 1185 1809 1235 munitionibus
1834 1210 2009 1254 partem

181 1229 384 1277 affeciam
416 1234 694 1281 illmiendam
728 1238 811 1284 elle
838 1256 892 1285 ex
923 1258 1015 1287 arte
1035 1274 1047 1292 ,
1079 1244 1201 1305 quod
1233 1263 1324 1292 non
1356 1249 1495 1294 modo
1524 1249 1611 1297 sine
1641 1254 1728 1298 ulla
1757 1256 1900 1309 noxa,
1931 1257 2008 1305 sed

173 1295 314 1342 etiam
345 1314 447 1343 cum
475 1299 781 1350 emolumento
811 1305 1008 1352 maximo
1040 1306 1139 1354 fieri
1170 1310 1291 1373 posse
1323 1313 1598 1376 experientia
1627 1333 1720 1364 non
1751 1317 1883 1366 semel
1913 1322 2008 1386 ipse

188 1359 346 1406 didici.

236 1433 305 1483 40.
343 1427 698 1477 Narcoticorum
733 1431 857 1484 usum
877 1465 890 1485 ,
913 1434 1154 1497 praesertim
1187 1437 1486 1501 opiaticorum
1508 1475 1519 1495 ‚
1542 1460 1634 1506 quae
1668 1444 1938 1508 impermista
1959 1456 2006 1496 δ(

174 1486 369 1536 fortiora
401 1490 530 1545 sunt,
567 1495 742 1557 :egrotis
770 1514 1012 1559 numquam
1042 1502 1384 1549 concedendum
1414 1506 1499 1552 elie
1531 1506 1802 1557 salivationis
1833 1528 2009 1578 tempo-

175 1569 251 1606 re,
279 1557 563 1618 quantumvis
589 1560 722 1606 dolor
752 1562 842 1606 oris
872 1563 1052 1609 ulcerosi
1085 1583 1176 1628 quo
1206 1583 1469 1631 torquentur
1489 1603 1501 1621 ‚
1535 1578 1581 1617 δέ
1609 1576 1821 1638 agrypnia
1850 1595 2007 1626 contu-

177 1635 279 1664 max
308 1637 440 1682 quam
480 1623 734 1684 patiuntur,
770 1627 924 1671 contrzi
948 1628 1132 1676 suadere
1152 1631 1403 1679 videantur.
1447 1636 1723 1684 Timendum
1743 1641 1863 1686 enim
1884 1643 1914 1687 fi
1936 1644 2004 1690 sa-

174 1681 274 1727 livae
291 1684 431 1729 fluxus
445 1688 776 1734 mareoticorum
792 1691 970 1753 energizi
992 1694 1233 1758 derepente
1251 1696 1543 1761 supprimatur
1563 1702 1634 1747 vel
1652 1703 1836 1750 nimium
1860 1724 2004 1755 retar-

176 1747 339 1800 detur,
374 1765 431 1794 ne
459 1750 582 1796 locus
606 1752 737 1799 detur
764 1757 1071 1803 tumefactioni
1104 1760 1413 1821 glandularum
1443 1763 1689 1812 salivalium
1708 1800 1720 1819 ,
1753 1785 1846 1815 tum
1878 1771 2007 1837 supe-

177 1812 376 1863 riorum,
408 1829 501 1859 tum
532 1815 829 1871 inferiorum,
860 1820 979 1866 unde
1011 1821 1181 1886 languis
1211 1825 1233 1870 εὶ
1262 1825 1453 1889 regressu
1483 1829 1705 1877 cohibitus
1733 1837 1778 1878 δε
1802 1834 1849 1879 in
1879 1853 2007 1885 cere-

173 1875 261 1923 bro
279 1877 474 1924 restitans
491 1895 727 1927 veternum
741 1883 1087 1947 inexpugnabile
1104 1889 1397 1951 produCturus
1412 1891 1474 1937 sit.
1492 1898 1645 1957 Itaque
1664 1899 1804 1959 potest
1822 1898 1875 1943 ad
1895 1900 2008 1947 sum-

171 1959 298 1989 mum
317 1942 456 1988 modo
485 1943 624 1991 febris
645 1946 751 1992 absit
770 1981 782 1999 ,
814 1949 1010 2012 permitti
1028 1953 1205 1998 modica
1225 1953 1429 2000 theriacae
1450 1956 1562 2002 dosis
1583 1960 1639 2004 ad
1659 1978 1687 2024 3
1711 1961 1755 2007 ss.
1777 1979 1869 2024 quae
1891 1982 2006 2028 prae..

178 2004 331 2052 sertim
359 2008 573 2054 conducit
590 2043 602 2061 ‚
628 2010 659 2054 si
688 2013 879 2060 remedii
906 2014 1036 2063 taedio
1065 2023 1110 2064 &
1133 2017 1289 2066 labore
1319 2036 1432 2084 aeger
1453 2021 1680 2078 confectus
1711 2042 1804 2073 tum
1834 2029 2004 2077 viribus

176 2085 274 2117 tum
301 2072 451 2119 animo
484 2073 676 2120 deficiat.

638 2285 1112 2346 CAPUT
1227 2295 1548 2349 V111.

170 2404 244 2455 De
266 2399 562 2471 Infhrtuniis
578 2441 594 2464 ,
617 2421 718 2476 quae
739 2409 792 2456 in
815 2404 846 2456 h
838 2407 1027 2479 ydrarg
1020 2409 1158 2477 yrofi
1163 2411 1386 2483 pleniore
1407 2414 1701 2486 quandoque
1721 2419 1994 2481 eveniunt,

701 2477 760 2537 ό*
796 2481 855 2532 de
887 2484 1161 2536 eorumdem
1192 2486 1437 2539 remediis.

311 2598 358 2643 U
375 2614 399 2644 ε
416 2615 453 2644 Μ
472 2613 503 2645 Α
520 2615 550 2645 r>
567 2617 604 2646 M
622 2616 650 2646 o
669 2617 696 2646 1>
713 2618 742 2649 U
761 2621 798 2649 M
843 2606 1231 2669 peregrinantibus
1259 2609 1436 2672 prodest
1464 2611 1587 2658 nosse
1619 2629 1711 2659 non
1732 2614 1869 2661 modo
1891 2616 1993 2662 stra·-

171 2601 291 2732 Q
313 2679 400 2708 tam
429 2663 546 2709 viam
574 2666 770 2729 regionis
791 2700 804 2720 ,
832 2669 918 2731 qui
938 2671 1023 2717 iter
1045 2673 1102 2717 est
1118 2705 1129 2723 ,
1160 2672 1235 2718 sed
1255 2674 1390 2720 etiam
1418 2677 1545 2722 calles
1570 2676 1830 2742 semitasque
1851 2713 1862 2731 ‚
1892 2681 1994 2743 qui-

170 2722 255 2770 bus
272 2758 284 2777 ,
314 2726 343 2771 si
373 2727 522 2774 forsan
557 2730 806 2778 aberratum
832 2733 882 2779 fit
903 2752 919 2786 ,·
937 2735 1067 2782 liceat
1086 2737 1164 2782 viae
1182 2740 1453 2802 compendio
1482 2743 1688 2804 regredi3
1715 2743 1886 2791 ratione
1916 2747 1991 2792 efi-

176 2787 280 2834 dem
318 2790 365 2835 in
400 2795 651 2841 mercuriali
689 2794 916 2862 therapeizi
953 2802 1235 2848 medentibus
1270 2804 1378 2850 utile
1412 2807 1471 2851 est
1502 2823 1656 2869 praeter
1692 2809 1956 2857 methodum
1977 2843 1989 2862 ‚

178 2868 313 2915 quam
331 2856 379 2899 in
407 2859 685 2919 praecedente
710 2863 870 2926 Capite
892 2863 1221 2929 descripsimus,
1251 2872 1296 2913 &
1314 2886 1409 2931 quae
1433 2872 1782 2920 communiffima
1800 2875 1886 2926 est,
1909 2892 1991 2920 cae-

172 2930 289 2962 teras
312 2935 491 2983 quoque
513 2924 750 2971 methodos
771 2930 857 2986 jam
881 2927 1195 2976 describendas
1213 2932 1457 2995 perspestas
1472 2934 1661 2989 habere,
1693 2938 1798 2984 licet
1825 2937 1902 2986 usu
1923 2957 1990 2986 ra-

173 2980 316 3028 riores
339 2982 433 3028 sint.
477 2986 522 3032 Si
548 3004 666 3033 certa
691 2991 751 3034 est
776 2995 820 3035 δέ
851 2992 1078 3054 explorata
1098 2995 1214 3040 illius
1239 2997 1400 3042 utilitas
1418 3030 1431 3048 ‚
1458 3000 1634 3061 quoties
1657 3001 1906 3065 ptyalismus
1935 3022 1990 3051 ex

171 3060 284 3092 voto
311 3046 506 3095 succedit
525 3083 537 3102 ‚
569 3050 624 3097 fic
653 3051 716 3098 hae
745 3054 893 3100 locum
924 3056 1091 3103 habent
1121 3060 1352 3122 perutilem
1377 3067 1422 3108 δε
1443 3062 1702 3117 salutarem,
1726 3068 1899 3129 quoties
1922 3069 1988 3115 in-

159 3109 425 3158 fortunium
451 3115 758 3179 qualecunque
786 3118 832 3164 in
857 3119 1167 3186 hydrargyrofi
1189 3124 1385 3172 advenit.
1433 3129 1657 3184 Quocirca
1683 3148 1739 3178 ne
1767 3148 1853 3195 qua
1877 3151 1989 3180 nova

168 3174 324 3224 morbi
338 3177 468 3240 facies
484 3218 500 3236 ,
531 3184 751 3245 inopinave
766 3183 940 3250 stargat,
960 3204 1116 3240 omnes
1151 3190 1389 3242 methodos
1418 3192 1514 3243 illas
1549 3196 1648 3244 ante
1668 3200 1878 3260 percepiſj}
1912 3216 1989 3260 exa·

1664 3264 1796 3325 221)

2060 2629 2216 2680 Expedit
2232 2634 2268 2673 ia·

2033 2679 2239 2722 adnibmdzi

2037 2732 2256 2788 hydrargy-

2037 2786 2106 2822 rofi
2120 2788 2264 2827 metho-

2037 2835 2103 2873 dos
2137 2838 2263 2890 fingu-

2034 2887 2085 2925 las
2109 2891 2237 2929 callere
2252 2921 2265 2939 ‚

2033 2941 2166 2989 quibus
2207 2945 2266 2982 in-

2032 2992 2203 3033 fortuniis

2033 3046 2168 3084 mederi
2184 3049 2234 3085 li-

2031 3106 2109 3135 ceat
2123 3127 2133 3144 ‚
2150 3100 2173 3137 fi
2188 3115 2262 3152 qua

2032 3159 2208 3192 eveniant.
