2477 3643
666 127 916 174 anrn
967 123 1001 169 1.
1070 123 1329 170 CAPUT
1392 127 1529 172 VII.

1943 129 2005 193 ’ἡ

177 209 256 256 ni‘fi
287 205 402 275 prius
420 198 637 275 probetur
658 208 841 255 morbos
869 224 1085 255 venereos
1104 240 1116 259 ‚
1143 207 1221 270 qui
1247 224 1365 252 nunc
1386 222 1604 271 vagantur
1621 239 1633 258 ,
1666 207 1780 255 solos
1806 211 1889 258 esse
1910 247 1921 265 ‚
1945 213 2026 259 de·

175 275 338 337 quibus
364 276 502 340 accipi
538 274 664 339 possit
688 290 869 339 quartus
894 274 969 319 ille
998 277 1270 319 Statutorum
1301 273 1508 318 articulus
1528 306 1541 325 ,
1574 274 1700 336 quod
1728 275 2004 323 adversarios

179 357 419 402 numquam
440 341 700 404 praestituros
723 337 805 386 effe
827 339 935 384 certi
968 336 1125 383 sumus.
1157 337 1376 382 Concidit
1397 338 1504 384 vero
1521 370 1534 389 ,
1564 338 1739 400 ruitque
1770 339 1970 387 funditus
1989 376 2003 395 ,

180 402 209 448 si
238 403 371 451 semel
404 404 618 469 probetur
649 420 807 468 practer
831 420 1047 449 venereos
1072 400 1255 447 morbos
1281 419 1400 447 nunc
1431 401 1614 466 quidem
1644 403 1781 465 vulgo
1811 404 1971 451 obvios
1990 439 2002 457 ,

180 466 258 513 sed
274 468 383 514 olim
410 470 537 533 plane
561 470 817 531 incognitos
835 501 846 520 ‚
871 468 1048 513 affectus
1074 467 1182 513 alios
1207 466 1439 530 quondam
1464 464 1592 513 fuisse
1612 500 1626 519 ‚
1650 468 1725 529 qui
1755 469 2005 533 promiscua

181 537 228 578 ὃς
253 532 551 580 immoderata
577 551 740 580 venere
771 533 976 596 concipi,
996 532 1074 594 qui
1093 532 1301 596 concepti
1323 530 1455 578 lemel
1476 532 1523 576 in
1541 531 1807 580 scortatores
1825 552 2005 581 manare

180 598 409 660 potuerint
427 632 439 649 ,
468 604 512 644 δέ
541 598 597 645 de
617 598 777 661 quibus
805 597 993 661 proinde
1014 596 1221 642 articulus
1249 596 1325 642 ille
1353 596 1546 659 intelligi
1570 596 1761 651 debeat,
1781 600 1904 663 quod
1925 615 2006 646 nos

180 660 465 724 sequentibus
489 664 747 710 testimoniis
767 661 991 708 luculente
1021 661 1302 707 confecturos
1323 659 1406 708 esse
1425 660 1708 708 confidimus.

242 730 422 791 Nempe
443 730 609 774 constat
650 738 709 773 10.
743 728 958 773 Mulieres
973 759 985 777 ‚
1007 743 1103 788 quae
1133 725 1345 790 resupinat
1365 727 1607 772 multorum
1628 725 1870 773 absorbent
1897 728 2006 775 ictus

176 790 313 836 etiam
330 790 534 838 sanorum
551 826 563 844 ,
585 793 725 839 vulvae
745 792 965 854 rhagadiis
981 824 993 843 ,
1024 807 1098 836 aut
1116 789 1425 855 superficiariis
1454 791 1623 854 vaginae
1644 791 2006 839 'ulcerationibus

181 852 295 901 affici
326 875 335 901 :
368 874 514 920 neque
542 859 663 903 enim
684 852 922 903 muliebres
952 855 1041 901 loci
1076 856 1123 900 in
1154 872 1318 902 venere
1339 855 1635 902 immoderata
1658 862 1704 903 δε
1722 857 1974 921 promiscua
1992 892 2005 911 ‚

178 922 271 983 jugi
289 956 300 972 ,
330 925 540 974 concito,
564 923 716 968 valido
757 920 927 967 affristu
957 920 1139 967 distrahi
1164 954 1176 972 ,
1209 919 1402 972 saecuti,
1433 920 1667 984 perfricari
1697 920 1870 986 polsunt
1891 956 1906 975 ,
1925 923 2004 969 nisi

179 983 257 1030 suo
278 987 572 1034 incommodo
600 1005 647 1032 ac
675 987 948 1033 detrimento
966 1021 978 1038 ,
1000 986 1046 1030 in
1069 985 1121 1030 iis
1142 985 1338 1030 foeminis
1367 986 1662 1050 potissimum,
1695 1005 1790 1050 qua:
1809 989 2006 1047 juniores

179 1067 253 1095 aut
272 1051 426 1097 natura
445 1052 687 1098 debiliores
705 1086 715 1104 ,
736 1052 943 1098 molliore
958 1051 1151 1115 partium
1171 1049 1413 1099 solidarum
1432 1066 1644 1097 contextu
1665 1052 1856 1115 praeditae
1878 1052 2001 1107 sunt3

179 1115 341 1177 quibus
373 1133 522 1162 uterus
553 1117 600 1175 iu
632 1116 735 1162 sede
767 1117 879 1162 male
906 1115 1125 1162 coercitus
1144 1113 1291 1161 versus
1313 1115 1492 1161 vulvam
1517 1115 1705 1161 nimium
1739 1116 2002 1171 descendit3

179 1197 274 1242 qua:
296 1198 396 1225 cum
417 1181 522 1226 viris
542 1181 801 1226 mutoniatis
818 1215 829 1232 ,
859 1195 931 1225 aut
957 1179 1118 1242 quibus
1148 1178 1296 1224 semen
1325 1179 1467 1224 acrius
1490 1182 1549 1225 est
1582 1198 1675 1226 rem
1701 1180 1898 1234 habent3
1921 1182 2004 1229 de-

179 1262 303 1289 mum
327 1262 420 1307 quae
444 1245 564 1290 locos
584 1279 595 1296 ,
634 1245 713 1291 ubi
732 1245 917 1291 collecta
949 1244 1114 1289 semina
1140 1242 1417 1295 fracescunt,
1448 1243 1743 1307 negligentius
1779 1245 2006 1309 rariusque

177 1308 376 1354 colluunt
397 1315 484 1354 δερ.
514 1310 633 1355 Hinc
665 1328 773 1373 ergo
792 1310 933 1365 palam
953 1310 1011 1354 est
1029 1310 1052 1353 εἰ
1075 1307 1331 1372 vulgaribus
1361 1309 1669 1355 meretricibus
1688 1342 1700 1361 ,
1724 1327 1818 1373 quae
1853 1311 2006 1374 pleris—

175 1390 263 1435 que
282 1374 502 1420 recensitis
522 1375 726 1438 periculis
746 1370 936 1420 maxime
958 1373 1138 1433 objectae
1159 1389 1285 1420 erant
1302 1407 1313 1425 ‚
1333 1372 1491 1419 similes
1511 1391 1561 1438 pa
1571 1374 1724 1437 resque
1751 1374 2005 1423 affectiones

175 1437 525 1500 frequentissime
552 1439 662 1485 olim
693 1440 899 1485 contrahi
925 1437 1123 1485 debuiss'e
1142 1472 1154 1491 ‚
1184 1438 1318 1484 semel
1359 1441 1603 1485 conti-aetas
1640 1438 1775 1484 causa*
1807 1440 2006 1502 ejusdem

177 1503 383 1549 fimil'u've
407 1504 670 1555 iteratione,
700 1521 773 1550 aut
793 1503 1045 1551 meretricia
1070 1503 1275 1549 socordia
1301 1504 1350 1549 in
1377 1503 1485 1550 dies—
1502 1504 1774 1550 invalescere
1791 1538 1804 1557 ,
1829 1523 1879 1551 ac
1909 1521 2007 1551 tan-

179 1568 286 1613 dein
301 1586 401 1614 cum
418 1569 736 1615 scortatoribus
755 1569 1079 1615 communicari
1099 1586 1176 1632 per
1193 1568 1401 1614 diffusum
1417 1569 1465 1613 in
1482 1571 1579 1614 astu
1597 1587 1795 1616 venereo
1820 1569 1971 1616 tabum
1992 1605 2005 1624 ‚

173 1650 270 1678 non
295 1631 413 1679 secus
440 1651 489 1679 ac
516 1633 680 1679 scabies
698 1668 709 1686 ‚
734 1634 938 1698 herpetes
955 1667 967 1686 ,
1002 1633 1224 1679 furunculi
1261 1639 1347 1679 &c-
1379 1634 1648 1696 contagione
1670 1651 2005 1699 propagantur,

181 1696 302 1743 tmde
343 1695 681 1745 sobolescebant
726 1699 774 1744 in
805 1700 910 1744 viris
951 1699 1086 1761 virgae
1125 1698 1380 1762 erysipelata
1401 1732 1412 1750 ,
1449 1699 1651 1763 herpetes
1687 1700 1971 1746 cenchriades
1992 1735 2005 1753 ,

179 1762 430 1826 plilyc'taenae
448 1797 461 1815 ,
482 1762 702 1808 ulcuscula
727 1764 775 1809 in
795 1763 942 1810 balani
964 1763 1191 1827 superficie
1214 1781 1261 1808 ac
1297 1781 1470 1808 coronae
1500 1763 1671 1809 ambitu
1690 1798 1703 1817 ,
1731 1765 1875 1827 qualia
1904 1781 2007 1811 ante

180 1843 335 1873 notam
350 1827 468 1873 luem
487 1845 726 1874 veneream
743 1829 766 1873 a
787 1828 980 1874 Medicis
998 1827 1190 1874 describi
1210 1828 1335 1892 supra
1358 1828 1552 1874 vidimus
1579 1835 1716 1892 Capp.
1741 1848 1773 1891 5.
1804 1829 1855 1876 &¹
1884 1838 1928 1874 6.

240 1892 424 1937 Constat
456 1901 517 1937 20.
548 1893 762 1939 Mulieres
780 1892 1040 1939 libidinosas
1055 1927 1067 1945 ,
1089 1911 1182 1956 quae
1202 1892 1478 1955 frequentius
1504 1892 1808 1956 subagitantur
1824 1927 1836 1945 ,
1869 1894 1898 1938 fi
1917 1913 2005 1958 qua

181 1956 331 2002 nativa
350 1957 464 2002 uteri
490 1956 770 2003 imbecillitas
797 1957 1017 2010 adfuerit,
1056 1957 1199 2003 fluore
1220 1957 1431 2003 muliebri
1461 1956 1618 2009 uberi,
1650 1959 1740 2003 acri
1764 1992 1775 2010 ,
1810 1958 2001 2010 foetid03

176 2022 270 2068 imo
289 2022 398 2068 verb
418 2022 568 2069 ulcere
595 2023 709 2068 uteri
728 2056 739 2074 ,
759 2039 832 2069 aut
851 2023 975 2086 quod
995 2021 1221 2086 peslimum
1247 2024 1306 2068 est
1322 2056 1334 2074 ,
1357 2022 1658 2068 carcinomate
1683 2023 1788 2069 inde
1810 2023 2004 2087 plerum-

178 2104 265 2150 que
299 2085 517 2132 laborare.
545 2087 672 2132 Fiunt
703 2105 865 2151 nempe
885 2088 932 2133 in
962 2103 1115 2138 uterO,
1143 2087 1249 2132 dum
1273 2087 1435 2133 iterato
1452 2121 1465 2140 ,
1490 2087 1733 2150 validoque
1760 2088 2003 2135 erethismo

179 2151 435 2216 percellitur
466 2151 520 2198 ab
542 2152 711 2198 croti-co
732 2153 981 2217 patheinate
997 2186 1009 2204 ,
1028 2151 1151 2197 stases
1177 2152 1387 2198 anomalae
1416 2169 1508 2198 tum
1532 2152 1752 2215 sanguinis
1774 2170 1866 2199 tum
1902 2153 2003 2200 lim-

183 2216 276 2280 phae
296 2251 307 2268 ,
332 2216 493 2279 quibus
517 2217 614 2263 cola
641 2219 817 2263 uterina
845 2217 1029 2263 relaxari
1048 2249 1061 2268 ,
1092 2215 1211 2262 uncie
1237 2217 1352 2262 fluor
1384 2216 1643 2269 muliebris;
1679 2219 1790 2263 uteri
1824 2220 2004 2265 stamina

182 2281 399 2333 discindi,
421 2281 539 2327 unde
560 2282 734 2335 ulcera,
755 2283 936 2328 demum
968 2281 1248 2345 limphaticos
1284 2281 1518 2327 decubitus
1545 2282 1747 2345 generari
1781 2281 2002 2329 necessum

183 2348 241 2391 est
259 2377 272 2397 ,
293 2345 414 2391 unde
435 2345 600 2391 sKirrhi
617 2380 629 2398 ,
658 2346 736 2409 qui
760 2347 805 2391 in
833 2347 1132 2391 carcinomata
1150 2347 1413 2410 plerumque
1439 2346 1654 2393 desinunt.
1685 2347 1818 2393 Haud
1837 2348 2002 2394 mirum

179 2427 288 2473 ergo
306 2410 336 2455 si
356 2410 593 2456 meritoriae
610 2410 817 2457 mulieres
832 2445 845 2464 ,
862 2429 956 2475 quae
978 2410 1160 2474 publicae
1186 2411 1401 2475 parebant
1423 2411 1627 2464 libidini,
1653 2410 1813 2457 iisdem
1832 2411 2000 2459 affecti-

183 2474 263 2520 bus
289 2475 398 2520 olirn
431 2474 638 2521 obnoxiae
667 2475 863 2528 fuerint,
895 2476 1014 2521 uncle
1042 2474 1247 2522 effee'tum
1271 2477 1320 2521 fit
1342 2491 1390 2522 ut
1421 2493 1506 2540 prae
1539 2476 1782 2522 acrimonia
1810 2476 1897 2523 tabi
1928 2478 1999 2525 vel

178 2539 298 2603 puris
331 2539 384 2585 ab
415 2556 544 2586 utero
578 2542 820 2593 manantis,
854 2540 1257 2587 concumbentibus
1282 2541 1465 2588 morbos
1482 2542 1626 2587 varios
1659 2541 1922 2594 intulerint,
1952 2558 2001 2589 ut

181 2604 330 2650 balani
342 2605 572 2669 ,2praeputii
586 2639 596 2656 ,
614 2604 749 2668 virgae
767 2606 1021 2670 erysipelata
1036 2640 1048 2658 ,
1063 2605 1269 2669 herpetes
1284 2605 1571 2653 cenchriades
1585 2640 1597 2658 ,
1616 2606 1875 2670 phlyecaenas
1892 2641 1903 2658 ,
1930 2608 1998 2653 ul-

183 2668 353 2715 cuscula
370 2675 456 2715 &c.
483 2669 629 2732 qualia
649 2670 703 2715 ab
724 2671 907 2735 impuris
925 2671 1236 2718 meretricibus
1263 2671 1441 2735 concipi
1466 2687 1645 2717 narrant
1662 2674 1874 2717 {melotes
1892 2672 1967 2735 ipsi
1985 2706 1996 2723 ,

181 2733 259 2796 qui
279 2734 424 2797 primo
446 2734 526 2779 luis
544 2752 740 2782 venereae
758 2734 952 2799 ingressu
967 2735 1238 2799 antiquiores
1256 2737 1410 2784 vixere
1428 2771 1441 2790 ,
1465 2735 1553 2796 qu&
1577 2736 1635 2783 de
1665 2754 1714 2783 re
1745 2737 1848 2783 vide
1871 2736 1997 2800 supra

180 2813 299 2861 capp.
328 2817 359 2859 5.
381 2801 431 2848 ὠ*
450 2806 490 2843 6.

242 2864 424 2907 Constat
459 2872 518 2923 30.
548 2866 610 2909 Ex
642 2864 720 2916 iis,
754 2881 848 2927 quae
881 2866 1158 2929 praecedente
1190 2865 1334 2929 capite
1365 2865 1480 2911 diffita
1505 2866 1634 2917 sunt,
1668 2863 1876 2910 mulieres
1902 2881 1997 2926 quae

178 2943 279 2973 cum
300 2926 476 2990 leprosis
503 2946 596 2973 rem
623 2928 844 2974 habebant
859 2964 870 2981 ‚
888 2930 1085 2993 phlogosi
1103 2929 1455 2993 erysipelatodaea
1471 2932 1639 2993 vaginae
1660 2944 1789 2992 atque
1806 2929 1997 2975 urethrae

179 2993 441 3056 plerumque
466 2990 638 3038 affectas
656 2991 781 3038 fuiffe
800 3025 811 3040 ,
834 3012 934 3038 cum
955 2995 1080 3056 gravi
1100 3001 1145 3040 δέ
1167 2994 1347 3039 molesta
1362 2994 1539 3054 dysurifi
1554 3028 1565 3046 ,
1591 2993 1715 3057 quod
1740 2994 1888 3039 morbi
1919 3011 1995 3057 ge-

182 3073 262 3101 nus
286 3058 429 3115 arsura
448 3057 536 3103 sive
555 3058 780 3103 incendium
799 3054 1060 3112 dicebatur3
1082 3058 1289 3121 virosque
1309 3058 1449 3121 ipsos,
1469 3059 1546 3122 qui
1576 3077 1674 3104 cum
1706 3057 1862 3104 iisdem
1884 3076 1996 3104 con-

178 3119 444 3168 cumberent
461 3121 515 3167 sic
533 3121 707 3168 infectis
722 3154 739 3175 ,
756 3122 848 3167 imo
869 3123 1003 3168 etiam
1031 3123 1141 3170 sanis
1156 3158 1168 3177 ,
1196 3121 1271 3169 sed
1296 3124 1498 3169 nondum
1518 3124 1619 3169 'lotis
1642 3124 1735 3187 post
1765 3122 1994 3171 admissum

173 3185 399 3251 leprosum
416 3220 430 3241 2
447 3185 577 3234 simili
592 3187 777 3254 parique
795 3187 1028 3238 affeetlone
1046 3205 1094 3237 ut
1111 3187 1352 3254 plurimum
1375 3188 1598 3255 aegrotaffe
1614 3223 1628 3244 ,
1647 3187 1767 3252 quasi
1794 3206 1872 3252 per
1889 3206 1995 3238 con·-

551 3275 577 3301 εει
1668 3253 1702 3302 E
1730 3252 1779 3316 iij

2054 221 2195 262 conste't
2215 225 2299 264 ob·'

2053 279 2134 314 vios
2164 278 2257 314 olim

2053 330 2092 365 su
2109 327 2154 367 ss':
2180 343 2288 366 mor-

2055 382 2120 418 bos
2163 381 2252 418 alios
2278 408 2291 425 ‚

2054 434 2096 469 de
2128 434 2262 484 quibus

2055 486 2230 523 articulus
2244 485 2290 522 il-

2056 537 2086 573 le
2115 537 2220 587 possit
2237 565 2251 582 ‚

2057 589 2264 641 debeatque

2054 640 2222 694 intelligi.

2071 738 2215 790 Nempe
2236 741 2291 778 ι’.

2061 790 2186 827 Vulvae
2203 792 2292 830 rha-

2057 841 2164 894 gadia
2179 849 2215 882 δι
2228 858 2296 884 va-

2059 895 2147 946 ginae
2184 895 2290 936 ulce-

2059 958 2218 983 rationes

2056 997 2244 1050 phlytstae-

2059 1052 2214 1090 noidaeas
2229 1057 2265 1092 in

2057 1107 2269 1143 meretrici-

2057 1154 2122 1192 bus
2139 1184 2152 1201 ,
2170 1157 2269 1195 unde*

2056 1206 2218 1258 serpebat
2254 1211 2291 1250 in

2057 1258 2248 1297 scortato-

2057 1323 2126 1356 res,
2142 1313 2293 1364 quibus-

2056 1376 2137 1400 cum
2157 1378 2293 1417 corpo-

2056 1427 2097 1451 ra
2113 1419 2294 1455 commis«

2055 1469 2182 1506 cebant
2195 1495 2208 1513 .
2229 1470 2292 1507 12-

2057 1521 2118 1556 bcs
2158 1523 2291 1560 multi-z

2057 1585 2162 1625 gena.

2095 1893 2145 1932 2⁰.
2180 1897 2292 1936 Flue-

2055 1958 2131 1983 reni
2152 1952 2289 1986 mulie-

2056 1999 2154 2036 brem
2186 2015 2231 2038 a-

2053 2064 2151 2088 ctem
2171 2060 2203 2092 &-
2216 2055 2288 2094 foe-

2053 2103 2168 2141 tidum
2181 2133 2192 2150 ‚
2211 2117 2289 2144 ure.

2052 2157 2081 2192 ri
2114 2159 2213 2195 ulcus
2231 2186 2245 2203 ‚

2052 2208 2128 2245 imo
2146 2216 2180 2247 ὅ(
2197 2224 2285 2248 car-

2052 2261 2194 2300 cinoma
2225 2265 2259 2302 in

2053 2316 2256 2352 meretrici..

2053 2363 2118 2400 bus
2147 2393 2159 2409 ,
2191 2368 2284 2410 unde

2049 2417 2083 2453 in
2100 2415 2282 2457 scortato-

2050 2469 2146 2506 ribus
2179 2473 2282 2509 otie-

2051 2521 2182 2559 bautur
2200 2526 2278 2563 vit..

2048 2586 2101 2625 ga:
2119 2576 2280 2628 erysipe-

2049 2629 2137 2670 lata,
2152 2629 2281 2680 herpe-

2050 2689 2116 2721 teS,
2138 2680 2279 2733 phlyc-

2048 2735 2279 2776 taenae,u1cus-

2046 2783 2127 2819 cula
2144 2790 2214 2823 διε.
2264 2786 2267 2787 ’

2067 2871 2116 2914 3⁰.
2147 2874 2276 2926 Erysi-

2046 2922 2188 2972 pelato-

2045 2974 2158 3012 daeam
2173 2979 2275 3031 vagi·

2045 3041 2093 3064 13ae
2110 3035 2143 3067 &
2163 3042 2248 3067 ute·

2045 3079 2138 3117 thxae
2156 3082 2272 3133 phlo-

2042 3134 2155 3183 gofim
2168 3164 2179 3181 ,
2194 3148 2275 3186 quae

2040 3186 2167 3237 arsura
2196 3187 2272 3231 sive
