2477 3643
153 804 188 829 1.
209 790 262 827 Ab
273 791 376 828 ulce-

145 844 246 898 ribus
267 844 375 880 callo-

148 896 192 933 fls
205 896 375 933 urethrae.

172 1663 206 1684 2.
227 1650 252 1684 Α
270 1646 371 1683 cica-

140 1699 289 1737 tricibus
308 1701 370 1737 du-

140 1751 305 1789 xiotibus.

415 126 525 178 ‘20³6'
771 127 816 173 D
841 127 903 173 E-
945 126 999 171 M
1028 127 1072 172 O
1104 125 1255 172 Rsssll
1290 125 1350 171 Ss
1384 123 1491 172 VIE
1524 126 1574 173 N
1606 125 1652 172 E*
1672 127 1719 172 R'
1745 125 1832 174 1²:51
1861 127 1908 175 S.'

417 221 637 254 tomatum
654 239 666 259 ‚
698 222 792 269 quae
824 199 1189 252 hunc-affe&u1n-
1207 199 1482 251 comitantur
1500 240 1513 259 ,
1541 206 1693 254 obices
1720 205 1967 254 istiusmodi
1995 205 2043 254 in
2072 207 2144 255 sex
2164 211 2265 272 'gei'

419 289 528 319 nera
554 271 888 335 distinguendos
909 269 994 317 effe
1017 290 1027 315 ι
1065 278 1126 316 10.
1151 269 1393 316 Ulcuscula
1415 270 1575 317 callosa
1596 277 1642 317 &
1663 272 1902 319 cacoethes.
1922 306 1935 326 ,
1959 290 2055 335 quae
2077 275 2124 319 in
2149 272 2263 339 ipsis·

419 338 710 403 prostatarum
737 352 810 382 aut
825 334 1114 383 veficular-um
1139 334 1719 383 seminariarumemiffariis
1739 337 2006 403 pertinacius
2024 337 2216 384 infident
2231 372 2248 392 ,

424 410 490 450 2⁰.
534 401 685 448 Callos
711 401 798 448 five
822 400 1048 446 cicatrices
1079 400 1277 445 duriores
1308 405 1355 446 δε
1384 400 1566 447 callosas
1584 435 1600 454 ‚
1634 420 1741 466 quas
1771 401 1919 448 sanata
1947 401 2169 449 ulcuscula
2196 406 2246 450 in

423 467 605 515 urethra
638 466 889 529 relinquunt
908 498 921 517 ‚
957 472 1017 525 30.
1053 466 1326 511 Carunculas
1343 500 1357 518 ,
1379 471 1425 511 &
1443 466 1762 513 excrescentias
1779 467 1864 514 five
1884 466 2216 532 hypersarcoses
2230 501 2247 521 ,

422 529 607 595 iffiqaas
634 528 1067 591 ulcustula'fungosa
1097 528 1286 575 urethsae
1313 529 1476 577 abeunt
1493 565 1506 583 ,
1539 540 1606 589 40.
1645 537 2059 578 Veru-montanum
2086 548 2250 596 praetu-

423 597 598 643 midum
617 630 629 648 ‚
658 596 780 659 quod
800 596 847 640 in
868 594 1101 640 uretliram·
1121 594 1236 640 ultra
1265 596 1450 642 modum
1473 597 1696 661 prominet
1715 631 1727 650 ‚
1767 606 1826 660 50.
1847 601 2058 643 Prostatas
2080 614 2153 643 aut
2173 615 2249 644 ve-

422 662 571 708 siculas
594 660 843 707 seminarias
861 659 993 705 duras
1012 693 1024 711 ‚
1043 659 1221 705 callosas
1241 694 1254 713 ‚
1273 658 1583 707 skirrhoidaeas
1599 694 1612 714 ,
1647 670 1715 707 60.
1735 662 1923 709 Easdem
1943 662 2124 708 demum
2143 661 2248 710 fun-

424 727 548 790 gosas
564 761 576 779 ,
598 723 847 789 spongiosas
869 758 881 776 ‚
901 729 946 770 &
966 724 1022 770 acl
1039 723 1324 788 frequentem
1345 725 1708 772 tumefacfitionem
1726 726 1913 772 nimium
1930 727 2100 773 faciles.

488 800 547 836 10.
587 791 689 836 fere
719 789 903 852 quidem
934 805 1197 853 perpetuum
1230 792 1288 836 est
1318 791 1365 836 in
1399 791 1672 854 gonorrhoess
1691 825 1701 843 ,
1733 807 1780 836 ut
1809 791 2121 853 supraditstum
2153 794 2212 838 est
2232 825 2249 844 ,

423 856 636 901 virulenti
669 853 847 901 seminis
878 854 1105 919 profluvio
1137 855 1286 901 ulcera
1315 857 1438 902 varia
1467 855 1656 920 produci
1685 857 1732 901 in
1765 856 1898 901 variis
1928 857 2111 902 urethrae
2145 875 2248 920 par·-

423 922 539 966 tibus
557 954 567 972 2
602 919 674 965 sed
706 918 945 984 praesertim
972 920 1018 964 in
1045 919 1255 965 extremis
1280 922 1570 985 prostatarum
1598 926 1643 966 ὃ(
1672 920 1962 967 vesicularum
1993 919 2249 968 seminaria-

423 1003 522 1031 rum
553 984 793 1030 emiffariis.
829 989 1100 1047 Frequenter
1132 1001 1278 1030 autem
1309 986 1471 1031 accidit
1491 1020 1502 1037 ,
1530 985 1560 1030 st
1590 986 1862 1048 gonorrhoea
1890 985 2138 1048 negligatur
2173 987 2246 1032 vel

423 1051 537 1095 male
566 1065 745 1095 curetur
763 1083 776 1101 ,
804 1065 850 1094 ut
877 1049 966 1094 haec
992 1049 1181 1095 urethrae
1208 1048 1426 1096 ulcuscula
1457 1050 1652 1114 perfecte
1682 1068 1773 1095 non
1800 1050 2033 1102 sanentur,
2066 1069 2117 1096 ea
2137 1052 2254 1097 veroa

421 1115 615 1161 maxime
634 1148 646 1166 ,
673 1131 767 1177 quae
791 1113 838 1159 in
866 1113 962 1179 ipsls
987 1116 1276 1177 prostatarum
1302 1132 1375 1161 aut
1403 1114 1692 1162 veficularum
1722 1115 2052 1163 seminariarum
2080 1117 2248 1162 emissa-

420 1179 497 1226 riis
528 1179 606 1225 sita
634 1178 733 1224 sunt
766 1179 837 1225 vel
873 1180 1076 1243 proxime
1108 1178 1304 1231 adstant,
1339 1181 1554 1244 quoniam
1586 1179 1746 1225 affluxu
1781 1180 1994 1227 virulenti
2034 1179 2208 1226 seminis
2230 1214 2249 1234 5

419 1244 544 1307 quod
565 1244 729 1291 exinde
749 1244 909 1306 jugiter
929 1243 1056 1289 stillat
1073 1278 1086 1296 ,
1106 1245 1322 1290 continuo
1346 1246 1572 1291 irritantur
1594 1251 1637 1291 δε
1666 1244 1894 1291 foventur.
1934 1244 2115 1291 Debent
2136 1262 2247 1308 ergo·

418 1309 568 1356 ulcera
586 1343 600 1362 ,
630 1314 724 1372 εμπ
749 1308 882 1354 initio
903 1309 1018 1355 levia
1038 1342 1051 1359 ,
1078 1308 1399 1373 superficiaria,
1427 1310 1580 1355 mollia
1600 1325 1724 1356 erant
1742 1344 1754 1362 ,
1783 1313 1923 1355 tractu
1954 1311 2167 1374 temporis
2197 1313 2248 1355 in

417 1374 567 1420 ulcera
584 1373 822 1420 cacoethea
841 1407 853 1425 ‚
874 1373 1062 1419 fistulosa
1081 1407 1093 1425 ‚
1111 1374 1230 1419 callis
1249 1373 1386 1419 oblita
1404 1374 1679 1437 degenerare
1699 1408 1710 1426 ‚
1740 1374 1900 1437 quibus
1921 1375 2110 1420 urethrae
2132 1374 2245 1420 duc-

417 1453 511 1484 tum
545 1440 665 1485 varie
696 1439 944 1500 angustari,
972 1444 1018 1484 &
1048 1438 1183 1484 urinae
1210 1438 1379 1483 fluxum
1407 1440 1547 1501 magis
1578 1440 1651 1485 vel
1680 1439 1822 1484 minus
1850 1439 2046 1485 inhiberi
2073 1440 2252 1484 conriu÷⁵

415 1519 492 1565 get
511 1537 521 1555 ‚
555 1518 687 1568 prout
715 1520 869 1549 errore
899 1503 1213 1566 qualicumque
1245 1503 1380 1548 diaetae
1405 1504 1527 1550 audi&
1559 1503 1780 1566 sanguinis
1800 1503 2138 1552 effervescentia
2168 1504 2246 1552 vel

415 1567 661 1613 acrimonia
678 1601 690 1619 ,
712 1568 913 1614 ulcerum
934 1567 1050 1613 labia
1070 1569 1207 1630 magis
1227 1569 1298 1613 vel
1320 1568 1462 1613 minus
1482 1568 1795 1614 intumescent.

466 1641 530 1678 2⁰.
567 1631 706 1690 Quod
733 1631 762 1676 si
788 1647 917 1678 enata
942 1632 989 1677 in
1017 1632 1195 1678 urethra
1221 1631 1442 1678 ulcuscula
1466 1633 1521 1680 ad
1542 1632 1820 1678 curationem
1844 1631 2036 1677 feliciter
2062 1631 2248 1679 tandem}

412 1697 599 1760 perduci
627 1696 919 1760 supponamus
938 1730 949 1749 ,
980 1713 1028 1742 ut
1054 1696 1273 1761 saepisfime
1303 1697 1569 1760 contingere
1598 1697 1783 1742 minime
1813 1713 2050 1759 negamus,
2081 1713 2123 1741 at
2154 1697 2243 1742 sal-

413 1777 504 1807 tem
531 1762 675 1808 sanata
702 1761 791 1807 haec
822 1760 1043 1807 ulcuscula
1069 1762 1115 1808 in
1144 1762 1372 1808 cicatrices
1401 1779 1495 1807 non
1523 1762 1622 1808 raro
1644 1761 1830 1808 coibunt
1860 1761 2049 1807 nimium
2080 1761 2210 1808 duras
2229 1795 2251 1816 2

412 1844 506 1890 qua:
538 1828 586 1873 in
618 1827 661 1873 se
693 1825 876 1872 strictius
909 1827 1158 1890 constipatae
1179 1861 1189 1877 ,
1223 1827 1358 1890 quam
1391 1827 1496 1873 effer
1529 1828 1656 1874 antea
1688 1826 1859 1872 illibata
1895 1828 2006 1871 cutis
2040 1825 2244 1886 ejusdem

411 1890 530 1942 loci,
557 1892 820 1937 circularem
849 1891 1038 1937 urethrae
1068 1891 1286 1936 ambitum
1311 1891 1600 1954 angustabunt
1631 1890 1944 1953 corrugando,
1970 1890 2247 1954 potiffimum,

411 1956 521 2002 vero
547 1956 577 2001 si
597 1957 746 2002 ulcera
773 1954 1066 2019 profundiora
1087 1954 1254 2001 fuerint
1272 1989 1285 2007 ,
1315 1962 1357 2002 &
1387 1956 1587 2001 obdu&ae
1612 1957 1673 2002 eis
1693 1955 1920 2002 cicatrices
1940 1955 2103 2000 callosae
2128 1954 2246 2008 lint,

413 2036 463 2065 ut
492 2021 540 2065 in
567 2021 650 2067 illis
678 2019 876 2084 partibus
903 2019 1161 2083 frequenter
1188 2020 1350 2066 accidit
1378 2019 1629 2066 sufficientis
1654 2020 1912 2067 detersionis
1940 2018 2131 2064 defectu.
2174 2024 2246 2065 Eo*

410 2087 538 2148 pasto
566 2086 701 2131 urinae
727 2085 895 2131 fluxum
925 2085 1166 2147 stranguria
1198 2085 1444 2137 retardari3
1476 2085 1568 2130 imo
1598 2085 1629 2130 si
1657 2084 1883 2130 cicatrices
1907 2083 2136 2129 tumefiant
2153 2118 2165 2137 ,
2187 2085 2244 2130 is-

411 2149 564 2195 chusia
586 2150 796 2215 supprimi
816 2150 934 2214 polle
954 2148 1232 2195 manifestum
1254 2151 1329 2195 est.
1366 2148 1590 2195 Poffumus
1608 2150 1652 2194 in
1675 2149 2066 2195 confirmationem
2087 2167 2243 2196 exem0

406 2214 530 2278 plum
555 2216 776 2261 adducere
797 2215 915 2260 haud
939 2214 1140 2260 dissimile
1158 2249 1169 2266 ‚
1184 2232 1274 2277 quo
1296 2216 1462 2260 constat
1481 2214 1760 2260 cicatricibus
1777 2248 1789 2266 ,
1809 2214 1853 2263 in
1876 2231 1983 2276 quas
2004 2214 2093 2258 oris
2117 2214 2238 2260 ulce-

408 2295 457 2324 ra
478 2279 523 2324 in
553 2279 810 2345 syphiliticis
838 2281 931 2343 post
959 2278 1241 2343 ptyalisruum
1267 2278 1546 2332 coalescunt,
1576 2278 1903 2325 mansoriorum
1932 2277 2242 2327 musculorum,

403 2345 608 2390 tendines
629 2380 640 2398 ‚
659 2344 819 2408 quibus
840 2345 984 2390 ulcera
1003 2343 1140 2389 inusta
1161 2359 1285 2390 erant
1302 2378 1314 2396 ,
1334 2344 1394 2388 ita
1414 2345 1641 2404 corrugari
1664 2350 1709 2389 &
1728 2342 1993 2390 inferiorem
2011 2343 2242 2388 maxillam

367 2453 371 2455 ,
400 2409 463 2454 ita
485 2408 650 2456 sursum
670 2409 836 2456 retrahi
856 2443 867 2461 ‚
903 2424 951 2454 ut
971 2409 1114 2454 os-vix
1135 2408 1288 2454 diduci
1309 2408 1432 2464 possit
1450 2442 1462 2461 ,
1486 2407 1561 2455 sed
1581 2408 1701 2472 quasi
1723 2408 1862 2454 fraeno
1891 2406 2139 2453 adstrictum
2161 2408 2235 2455 vi-

129 2563 205 2607 30A
221 2571 352 2598 carun-

126 2612 214 2648 culis
237 2624 327 2649 ure-

127 2663 221 2701 thrae
233 2666 350 2706 adna-
370 2673 373 2677 ’

128 2716 185 2757 ῑὶε.

399 2473 557 2520 deatur
573 2509 585 2527 ‚
607 2475 732 2537 quod
756 2473 911 2537 gallice
932 2473 1093 2518 dicitur
1110 2473 1190 2518 Stre
1210 2472 1341 2518 bride'.

471 2547 533 2601 30.
585 2540 710 2597 Quin
745 2540 839 2585 imo
869 2536 969 2583 cum
1001 2536 1223 2583 ulcuscula
1254 2555 1446 2584 venerea
1469 2538 1515 2582 in
1546 2537 1727 2583 urethrS„
1747 2536 2127 2600 progerminantia
2151 2555 2235 2585 ne-

397 2601 505 2649 dum
530 2604 706 2667 detergi
744 2603 929 2666 posiim,
949 2601 1023 2648 sed
1054 2603 1077 2646 ὲ
1112 2601 1266 2647 contra
1294 2604 1385 2665 jugi
1407 2602 1585 2648 seminis
1619 2602 1783 2665 putridi
1820 2607 1864 2646 δέ
1887 2601 2066 2646 acrioris
2095 2603 2236 2648 urinae

395 2668 548 2732 illapsu
582 2670 719 2731 magis
744 2668 790 2714 in
819 2668 913 2714 dies
950 2666 1229 2718 sordescant,
1251 2666 1369 2712 haud
1408 2667 1522 2712 adeo
1561 2684 1708 2711 rarum
1740 2665 1822 2711 effe
1851 2665 1986 2711 debet
2009 2665 2231 2729 superflua

396 2733 539 2778 carnis
571 2733 743 2780 luxurie
777 2732 824 2777 in
865 2732 1184 2777 excrescentias
1211 2729 1298 2776 sive
1337 2729 1670 2795 hypersarcoses
1698 2729 1821 2775 abire
1854 2763 1866 2780 ,
1906 2729 1979 2775 feu
2014 2746 2061 2774 ut
2094 2732 2235 2795 vulgi}-¹

396 2798 546 2849 aiunt,
570 2800 839 2850 carunculas,
870 2795 1048 2841 callosas
1074 2812 1147 2840 aut
1174 2794 1383 2857 fungosas
1402 2829 1413 2846 ,
1441 2813 1620 2858 magnas
1659 2810 1731 2839 aut
1767 2811 1922 2858 parvas
1940 2828 1950 2845 ‚
1971 2794 2122 2841 steffiles
2154 2812 2228 2842 aut

394 2859 578 2926 pensiles
596 2896 607 2914 ‚
638 2863 685 2907 in
717 2862 783 2907 his
819 2877 893 2906 aut
922 2860 1008 2905 illis
1036 2860 1224 2906 uretlarae
1257 2860 1365 2905 locis
1392 2859 1486 2906 sitas
1508 2894 1519 2912 ,
1539 2876 1730 2905 numero
1770 2859 1913 2921 plures
1940 2859 2229 2922 paucioresve

397 2932 482 2972 &a
514 2945 597 2990 pro
626 2928 736 2973 vitio
767 2926 836 2972 vel
875 2924 1001 2988 copi&
1030 2924 1145 2970 succi
1180 2925 1383 2976 nutritii,
1410 2931 1454 2970 &
1491 2943 1569 2988 pro
1604 2923 1866 2975 latitudine,
1899 2940 2117 2976 numero,
2146 2924 2229 2970 fimi

394 2993 594 3037 ulcerum
613 3025 624 3043 ‚
647 2992 767 3038 unde
786 2991 923 3054 liquet
945 2990 1077 3035 urinae
1098 2991 1264 3035 fluxum
1284 2990 1405 3034 varie
1426 2992 1697 3035 retardatum
1715 2988 1787 3034 iri.

455 3056 680 3103 Novimus
710 3055 894 3118 quidem
925 3054 1236 3100 omnimodam
1256 3055 1593 3100 caruncularum
1614 3054 1661 3098 in
1691 3052 1872 3100 urethril
1898 3052 2169 3099 existentiam
2197 3052 2227 3096 εὶ

394 3120 597 3181 plurimis
615 3138 732 3165 nunc
752 3119 903 3180 negari
920 3153 931 3169 ‚
955 3118 1028 3164 sed
1048 3137 1140 3165 non
1169 3118 1257 3164 alio
1273 3117 1423 3163 forsan
1444 3134 1741 3180 argumento,
1775 3133 1822 3161 ut
1841 3119 1899 3162 est
1919 3134 2056 3180 genus
2072 3116 2222 3161 homi-

394 3199 501 3228 num
531 3186 702 3232 varium
725 3189 769 3231 &
790 3183 1002 3230 mutabile
1017 3215 1031 3235 >
1047 3201 1094 3229 ac
1125 3183 1337 3231 novitatis
1359 3181 1528 3246 semper
1560 3182 1772 3247 cupidum
1786 3181 1946 3244 ‚quam
1976 3179 2096 3242 quod
2123 3198 2229 3227 non.
