2477 3643
184 889 231 925 In
259 889 417 942 Imperio

189 941 334 981 Sinensi.

468 135 521 197 53
811 131 921 176 DE
990 129 1375 177 MORssis
1440 131 1965 181 VENEREIS.

460 234 486 254 η
512 208 682 256 mosam
714 209 737 255 ὲ
768 208 1019 267 &reddere
1038 244 1051 263 ‚
1083 224 1279 257 attamen
1298 225 1386 256 tam
1413 226 1562 256 acrem
1586 227 1635 256 ac
1655 207 1916 257 mordacem
1935 243 1948 263 ,
1979 223 2029 257 ut
2058 212 2286 276 profunda

459 300 483 328 ,ρ
503 272 551 320 a‘c
571 292 678 322 cava
710 275 852 322 ulcera
869 274 977 322 inde
1006 275 1206 321 oriantur
1227 309 1240 328 ‚
1267 292 1369 322 cum
1391 274 1516 321 labiis
1537 273 1703 321 callosis
1719 293 1768 322 ac
1794 274 1976 322 inverfis
1996 294 2006 321 :
2027 277 2208 324 Foedum
2231 297 2279 326 ac

459 363 485 381 υ
510 339 718 388 deforme
747 341 914 387 malum
941 339 1056 392 effe,
1079 345 1126 386 δε
1157 358 1259 387 cum
1287 340 1360 387 lue
1390 339 1583 387 venerea
1610 341 1802 388 conveni
1865 396 1868 400 ⁴
1897 373 1910 391 ³
1942 339 2022 386 nisi
2042 342 2179 405 quod
2211 344 2284 389 hic

460 427 487 447 υ
515 405 626 450 tanti
653 405 834 451 dolores
865 422 958 452 non
989 404 1158 458 adsint,
1190 422 1273 451 nec
1302 405 1441 451 caries
1465 405 1514 450 in
1542 404 1702 451 ostibus
1722 357 1962 452 tamegicile
1983 405 2153 452 oriatur
2170 441 2184 460 ‚
2206 408 2286 455 nifi

457 491 484 510 κ
512 487 591 534 per
611 471 803 515 curantis
819 470 1038 516 incuriam
1043 504 1175 515 .....
1196 469 1337 515 Porro
1356 469 1564 516 morbum
1580 469 1738 517 iisdem
1752 470 1847 517 fere
1869 470 2077 517 remediis
2096 472 2256 520 cedere
2272 507 2285 522 ,

458 555 481 581 22
502 534 662 597 quibus
683 535 774 581 lues
795 552 999 581 venerea.
1022 571 1032 580 .
1056 569 1066 579 .
1088 568 1100 579 .
1126 535 1333 581 Βεεοέὶίε
1357 536 1380 581 ὲ
1403 535 1558 580 Chinae
1576 535 1752 587 radice,
1771 534 2064 599 farsa-patilla
2080 569 2093 588 ,
2122 537 2287 583 Guaia-

456 619 482 637 υ
503 616 556 643 co
575 633 586 650 ‚
615 604 661 645 ὃς
681 599 921 646 corticibus
942 598 1139 660 ejusdem
1145 633 1287 645 .....
1316 602 1371 646 Et
1398 598 1428 644 fi
1458 599 1525 646 his
1553 616 1647 645 non
1674 599 1794 647 cedit
1819 600 1874 647 ad
1904 600 2095 646 chimica
2126 606 2172 647 &
2204 602 2288 648 mi-

456 684 483 706 n
508 664 677 710 neralia
700 664 1034 712 deveniendum
1054 665 1141 712 effe
1168 697 1182 716 ,
1210 679 1261 710 ut
1294 664 1394 711 sunt
1412 665 1658 712 mercurius
1693 665 1792 712 vitae
1823 665 1899 711 seu
1928 665 2140 727 butyrum
2174 667 2288 713 anti-

453 752 480 773 „
501 730 642 775 monii
661 763 674 782 ,
693 729 865 775 turbith
882 729 1099 777 minerale
1116 763 1129 782 ‚
1155 744 1250 775 tum
1280 731 1524 777 mercurius
1548 729 1840 794 praecipitatus
1863 730 2000 776 albus.
2040 734 2289 793 Unguenta

455 816 481 835 υ
500 812 681 858 quoque
710 795 972 842 mercuralia
999 793 1242 841 secundum
1264 810 1404 842 artem
1420 811 1572 860 parata
1595 795 1670 841 hic
1700 795 1882 842 externe
1906 794 2163 842 adhibenda
2183 795 2285 843 esse.

516 865 580 905 80.
617 861 688 905 Sic
725 859 909 906 demum
936 857 1125 906 refertur
1150 860 1174 905 a
1198 859 1408 907 Theveto
1438 866 1527 923 jam
1550 860 1732 907 laudato
1751 895 1763 913 ,
1792 860 2078 924 Cosmograph.
2114 861 2210 907 Lib.
2232 878 2285 907 11.

455 938 551 987 cap.
580 943 687 986 25.»
705 922 824 971 luem
839 942 1078 972 veneream
1107 925 1156 970 in
1176 924 1379 971 Sinarum
1410 925 1605 989 Imperio
1636 942 1923 971 communem
1954 924 2039 971 esse
2070 930 2115 971 δέ
2140 926 2286 972 curari

455 1013 481 1031 η
499 987 674 1036 solitam
691 989 878 1035 ἀεεοᾶο
904 988 1065 1036 radicis
1085 989 1257 1036 Chinae.
1275 989 1415 1047 Quod
1433 989 1624 1036 totidem
1645 989 1739 1036 fere
1763 989 1912 1036 verbis
1926 989 2074 1053 legere
2094 990 2152 1036 est
2170 990 2288 1053 apud

456 1055 675 1101 Carolum
695 1053 964 1101 Musitanum
982 1088 995 1107 ‚
1027 1057 1217 1100 Tractat.
1244 1056 1292 1100 de
1309 1053 1469 1102 Asorbo
1488 1059 1536 1101 V
1534 1072 1667 1100 enereo
1686 1093 1701 1108 ‚
1728 1054 1825 1101 Lib.
1847 1076 1878 1117 3.
1903 1068 1994 1118 cap.
2020 1072 2050 1098 1.
2074 1054 2152 1100 ubi
2172 1052 2289 1108 affie-

454 1135 601 1166 matur
629 1119 827 1166 radicem
845 1120 1002 1166 Chinae
1021 1153 1032 1172 ‚
1056 1136 1151 1182 quae
1185 1119 1233 1165 in
1252 1119 1427 1183 Europa
1447 1119 1616 1165 morbis
1635 1119 1840 1167 venereis
1859 1116 2095 1166 efficaciter
2114 1120 2290 1167 condu-

457 1185 545 1237 cit,‘
579 1190 624 1231 δέ
660 1202 755 1248 quae
773 1185 797 1231 a
819 1182 925 1231 Sinai
953 1185 1026 1231 seu
1046 1183 1188 1230 Chim}
1204 1218 1215 1236 ,
1239 1184 1358 1230 unde
1379 1183 1572 1248 primum
1604 1184 1788 1231 deveeta
1817 1185 1877 1231 est
1894 1218 1906 1235 ,
1935 1200 2103 1230 nomen
2123 1185 2257 1230 traxit
2273 1218 2288 1238 ‚

457 1248 712 1314 specificum
744 1250 830 1297 esse
862 1249 942 1296 luis
971 1266 1171 1296 venereae
1204 1249 1454 1296 remedium
1486 1248 1603 1313 apud
1634 1250 1773 1295 Sinas.
1800 1249 1976 1294 Possum
2009 1247 2101 1314 ipse
2129 1249 2289 1296 eadem

457 1314 698 1361 certissimo
726 1314 992 1361 confirmare
1019 1314 1285 1361 testimonio.
1317 1317 1476 1378 Nuper
1501 1313 1622 1361 enim
1648 1314 1798 1377 accepi
1821 1313 1843 1359 a
1866 1312 2131 1375 Presbytero
2157 1315 2181 1361 ὲ
2204 1317 2289 1360 So-

457 1379 618 1426 cietate
640 1383 665 1432 J
669 1378 744 1425 esu
761 1413 773 1431 ‚
803 1380 957 1426 recens
986 1379 1009 1425 ὲ
1036 1378 1240 1426 Sinarum
1259 1379 1452 1443 Imperio
1477 1378 1641 1426 reduce
1658 1411 1671 1430 ,
1698 1378 1774 1423 ubi
1803 1382 1892 1435 jam
1909 1378 1933 1423 a
1955 1379 2135 1442 triginta
2163 1380 2290 1425 annis

456 1443 623 1489 Christi
656 1443 795 1490 fidem
829 1443 1172 1490 annuntiaverat
1192 1477 1204 1495 ‚
1240 1442 1360 1490 luem
1391 1460 1632 1491 veneream
1668 1442 1858 1506 Pequini
1888 1443 2006 1489 inter
2039 1443 2162 1490 Sinas
2194 1461 2289 1490 non

455 1508 596 1554 modo
622 1524 775 1556 notam
791 1537 809 1561 η
834 1508 910 1555 sed
936 1508 1069 1555 etiam
1089 1508 1207 1554 haud
1228 1525 1369 1553 raram
1386 1507 1486 1555 effe.
1522 1509 1691 1554 Frustra
1713 1507 1768 1554 ab
1794 1507 1958 1554 eodem
1975 1507 2151 1571 quaefivi
2177 1509 2289 1571 quid

457 1572 514 1619 de
541 1573 592 1619 ea
615 1573 687 1620 lue
709 1574 914 1621 Sinenses
935 1573 1106 1620 Medici
1126 1571 1358 1620 censerent
1376 1585 1389 1619 Ξ
1407 1576 1478 1619 An
1498 1572 1709 1619 morbum
1723 1589 1893 1619 novum
1909 1606 1921 1624 ,
1939 1573 2011 1619 vel
2027 1573 2258 1636 antiquum
2274 1606 2289 1625 ‚

457 1654 516 1683 an
539 1637 801 1700 indigenam
819 1639 890 1686 vel
909 1638 1206 1702 alienigenam
1226 1637 1492 1686 crederent?
1513 1641 1638 1685 Num
1655 1637 1780 1683 illum
1798 1636 1887 1683 sola
1903 1637 2174 1701 contagione
2189 1655 2290 1703 pro-

455 1703 610 1767 pagari
641 1703 874 1750 censerent
892 1736 905 1756 ,
926 1720 983 1750 an
1004 1703 1160 1749 contra
1182 1702 1338 1768 sponte
1356 1703 1626 1767 quandoque
1656 1702 1858 1765 generari
1884 1700 1975 1749 sine
1995 1702 2159 1767 praevio
2181 1719 2291 1749 con-

458 1768 580 1831 tagio
598 1802 610 1819 ,
637 1784 685 1814 ut
711 1768 932 1832 plerisque
952 1769 1117 1814 caeteris
1138 1767 1304 1814 morbis
1322 1785 1561 1815 commune
1579 1769 1652 1814 est.
1679 1767 1759 1813 Ille
1776 1766 1866 1812 haec
1885 1768 2034 1812 omnia
2064 1766 2106 1813 se
2124 1767 2289 1832 planis-

459 1831 564 1877 sime
585 1832 793 1894 ignorare
813 1832 1027 1899 professus
1045 1834 1104 1880 est
1126 1836 1314 1897 :Neque
1332 1830 1432 1879 sane
1453 1833 1616 1879 mirum
1629 1866 1641 1885 ,
1663 1832 1764 1879 cum
1784 1831 1838 1878 ab
1857 1832 2055 1878 instituto
2075 1847 2166 1878 tam
2186 1832 2291 1880 alie·

463 1913 520 1942 na
545 1897 697 1943 effent.

522 1965 629 2006 Haec
657 1962 810 2007 omnia
833 1961 1011 2008 felicior
1035 1977 1251 2025 nepotum
1269 1977 1367 2007 aetas
1393 1960 1501 2006 olim
1532 1959 1682 2006 forsan
1717 1975 1917 2023 reteget,
1944 1977 2038 2023 quae
2065 1978 2145 2007 nos
2186 1960 2289 2008 nes-

464 2025 555 2071 cire
571 2043 686 2071 nunc
707 2026 908 2073 dolemus
925 2059 937 2077 ,
961 2028 1229 2088 Multa-enim
1247 2065 1262 2080 ‚
1280 2043 1327 2072 ut
1347 2026 1408 2071 ait
1440 2029 1608 2071 Seneca
1626 2059 1638 2077 ‚
1662 2025 1869 2087 Qaestion.
1896 2028 2104 2071 Natural.
2128 2025 2226 2072 Lib.
2244 2034 2273 2071 6
2276 2063 2286 2073 ,

463 2104 558 2152 cap.
582 2092 795 2151 31.saeculis
814 2106 907 2138 tnnc
921 2091 1076 2150 fhturis
1097 2128 1112 2143 ‚
1148 2091 1237 2136 ct‘tm
1265 2093 1453 2136 memoria
1466 2090 1583 2149 nostri
1609 2092 1861 2142 exoleverit,
1892 2090 2170 2149 refirvantur.
2210 2096 2289 2137 In-

463 2155 596 2201 terim
620 2170 768 2201 tamen
788 2189 800 2207 ,
820 2154 942 2201 sicuti
965 2171 1110 2217 neque
1140 2154 1318 2201 censere
1339 2154 1442 2200 licet
1462 2153 1516 2199 ab
1536 2153 1743 2218 Hispanis
1763 2153 1831 2200 vel
1858 2150 1913 2198 ab
1932 2153 2030 2199 ullis
2050 2157 2287 2218 Europaeo-

461 2235 560 2265 tum
588 2219 641 2265 ad
678 2219 1011 2265 Mediterranea
1042 2220 1258 2265 Americae
1287 2224 1332 2266 ὃς
1358 2218 1513 2264 Africae
1543 2218 1640 2264 loca
1659 2218 1798 2264 modo
1832 2216 2042 2264 recensita
2076 2218 2288 2273 delatam,

459 2299 536 2330 aut
557 2301 656 2329 cum
680 2283 919 2330 Malabaris
941 2283 1318 2329 communicatam
1342 2282 1468 2329 fuisse
1486 2283 1601 2329 luem
1621 2300 1862 2330 veneream
1878 2316 1890 2334 ,
1912 2299 2007 2345 qua:
2034 2283 2081 2328 in
2112 2284 2197 2330 illis
2220 2302 2289 2332 re-

459 2348 674 2410 gionibus
688 2383 700 2400 ,
719 2349 796 2394 ubi
815 2348 1007 2412 primum
1024 2364 1244 2412 occupatae
1264 2349 1365 2394 sunt
1384 2382 1396 2399 ,
1415 2347 1634 2411 inquilina
1650 2348 1890 2411 antiquitus
1908 2346 2143 2394 observata
2170 2347 2256 2394 fuit
2273 2368 2285 2402 3

460 2412 518 2458 sic
549 2431 630 2460 nec
650 2413 781 2459 facile
801 2430 981 2477 quoque
1014 2413 1136 2458 credi
1169 2414 1309 2476 potest
1333 2411 1537 2459 affectum
1568 2412 1777 2459 eumdem
1802 2412 1858 2458 ad
1878 2412 2001 2458 Sinas
2036 2412 2288 2459 traductum

460 2475 550 2524 esse
571 2478 639 2524 vel
661 2478 684 2523 εὶ
704 2478 915 2524 Lusitanis
936 2511 948 2530 ‚
972 2478 1050 2540 qui
1076 2479 1284 2523 Maca'um
1307 2477 1362 2523 ad
1383 2478 1493 2523 Sinae
1519 2477 1670 2522 littora
1690 2492 1870 2528 tenent,
1891 2477 1963 2523 vel
1997 2476 2022 2522 εὶ
2053 2478 2252 2542 Japoniis
2273 2511 2286 2531 ,

461 2559 576 2605 quos
595 2542 619 2587 εὶ
639 2542 849 2589 Lusitanis
865 2540 1024 2588 morbo
1049 2542 1374 2587 contaminatos
1402 2541 1528 2587 fuisse
1547 2541 1741 2587 vidimus
1758 2575 1770 2593 ‚
1792 2540 1891 2586 cum
1923 2540 2095 2587 nullum
2115 2542 2183 2588 vel
2202 2541 2287 2588 sal-

463 2620 557 2652 tem
577 2606 834 2652 rarissimum
856 2607 1174 2652 commercium
1194 2605 1363 2670 semper
1380 2604 1632 2652 interfuerit
1649 2606 1867 2670 Europaeis
1882 2605 2166 2668 Japoniisque
2184 2623 2285 2654 cum

465 2671 715 2717 Provinciis
749 2671 929 2735 Imperii
963 2670 1100 2717 Sinici
1132 2670 1449 2722 interioribus,
1487 2668 1754 2733 potiffimum
1779 2669 1889 2716 vero
1921 2685 2022 2714 cum
2052 2670 2284 2732 Pequino‚

464 2734 590 2798 quod
612 2735 791 2799 Imperii
818 2751 947 2799 caput
966 2737 1027 2781 est
1044 2769 1055 2787 ‚
1082 2741 1127 2781 &
1146 2735 1267 2798 quod
1290 2735 1314 2780 a
1334 2738 1495 2779 Macao
1514 2767 1527 2786 ,
1555 2751 1687 2796 quam
1706 2733 1897 2780 Lufitani
1917 2750 2137 2798 occupant
2151 2768 2165 2786 ,
2192 2740 2237 2780 &
2260 2735 2283 2781 :i

466 2802 680 2846 Cantono
699 2833 713 2853 ‚
749 2798 839 2862 quo
876 2817 1009 2846 naves
1048 2816 1309 2846 caeterorum
1339 2803 1656 2862 Europaeorum
1690 2797 1948 2863 appellunt,
1986 2799 2130 2844 multo
2158 2799 2285 2845 distat

468 2880 648 2910 ninere.
1750 2912 1753 2914 μ

531 2934 686 2991 Itaque
709 2942 910 2991 putarem
936 2927 1079 2991 potius
1098 2960 1110 2979 ,
1137 2942 1184 2972 ut
1215 2943 1333 2973 nunc
1372 2927 1427 2973 ad
1455 2926 1729 2992 propositum
1757 2940 1956 2972 revertar
1973 2958 1986 2978 ‚
2025 2943 2078 2972 ex
2114 2926 2284 2973 collatis

466 2991 744 3057 pensatisque
763 2992 1020 3039 testimoniis
1040 2991 1343 3055 colligendum
1369 2992 1454 3038 effe
1473 3008 1625 3057 praeter
1646 2989 1836 3038 Insulam
1858 2990 1983 3036 Haiti
2013 2989 2101 3036 sive
2122 2990 2281 3055 Hispa-

465 3057 635 3102 niolam
651 3090 663 3108 ,
696 3055 774 3100 ubi
804 3054 889 3102 fuit
922 3057 1163 3103 notissimus
1185 3061 1231 3102 δε
1249 3060 1430 3120 Europae
1457 3057 1647 3103 maxime
1670 3055 1856 3103 exitialis
1875 3055 1957 3100 luis
1976 3069 2175 3100 venereae
2207 3054 2282 3101 fo-

466 3138 543 3167 cus
560 3155 573 3173 ,
599 3119 808 3166 morbum
830 3121 1039 3167 eumdem
1076 3121 1174 3166 loca
1210 3121 1295 3166 alia
1330 3122 1539 3185 pleraque
1559 3155 1572 3173 ,
1606 3121 1698 3166 imo
1726 3118 1874 3165 forsan
1899 3117 2051 3162 omnia
2068 3150 2081 3169 ‚
2118 3136 2214 3181 quae
2234 3120 2283 3167 in

471 3185 677 3232 Amet-ica
703 3217 717 3237 ,
741 3182 893 3231 Africa
925 3191 971 3233 δε
1006 3185 1104 3233 Αίῑὲι
1124 3189 1259 3232 Zonae
1279 3186 1480 3233 Torridae
1511 3184 1738 3250 subjacent
1757 3216 1772 3237 ,
1807 3198 2015 3244 tanquam
2040 3183 2282 3245 peculiares
