2477 3643
658 145 1055 192 LIBERIV.
1121 140 1527 188 Canni-11:
1905 151 1999 202 '297

744 364 1228 423 CAPUT
1330 367 1462 420 ΙΙ.

643 485 807 555 Causle
848 489 967 538 Lais
999 497 1212 543 Venereae
1247 488 1546 555 confirmata.

275 627 314 670 Y
329 641 366 670 M
382 640 405 668 P
421 639 448 668 τ
468 638 496 668 o
515 639 551 668 M
571 638 602 669 A
620 639 646 666 τ
666 636 698 668 Α
720 655 733 675 ,
765 638 858 685 quae
893 621 1032 668 modo
1063 621 1361 670 recensuimus
1395 628 1440 670 ὃς
1471 639 1567 687 quae
1601 622 1719 672 luem
1760 642 2001 676 veneream

277 689 473 753 produnt
493 693 538 734 ὃς
560 683 837 733 manifestant
856 721 869 739 ‚
900 688 1129 733 neminem
1148 705 1342 752 unquam
1364 689 1654 743 adoriuntur,
1687 689 1767 736 nisi
1804 710 1904 738 cum
1935 693 2004 739 in-

173 752 295 800 fecto
316 753 387 799 vel
408 752 571 800 infesta
592 752 860 804 concubitu,
879 755 1145 799 contaetuve
1173 770 1246 799 aut
1273 752 1446 800 affristu
1463 754 1694 802 intimiore
1713 755 1800 803 sese
1858 758 2000 805 ollue-

177 820 253 865 rit.
283 819 402 864 Hinc
421 836 530 882 ergo
550 817 818 881 consequens
836 818 894 864 est
923 835 1113 864 venerea
1132 818 1207 864 illa
1227 818 1518 883 symptomata
1536 819 1560 865 a
1579 820 1793 868 morboso
1813 776 2002 869 ἱξηὴηἰο

179 884 270 930 five
287 883 498 946 contagio
529 883 786 947 dependere
802 916 814 934 ,
833 883 955 945 quod
985 882 1039 928 ab
1067 881 1235 929 infecto
1264 884 1308 930 in
1332 883 1485 929 sanum
1505 885 1692 932 latenter
1710 885 1851 951 serpat
1870 906 1880 941 ·‚
1902 888 2002 935 cum

178 949 231 996 ea
251 964 422 994 tanturn
446 948 618 994 ratione
640 946 904 993 concubitus
927 946 1210 993 contastusve
1240 947 1344 994 sano
1362 949 1432 995 vel
1452 947 1559 994 sanae
1581 967 1746 997 nocere
1768 953 1957 999 valeant.

240 1014 327 1059 Sed
355 1013 584 1059 admissum
605 1012 738 1058 semel
758 1012 1015 1074 contagium
1044 1011 1132 1059 sive
1163 1013 1397 1058 seminium
1424 1029 1490 1058 tot
1513 1020 1557 1059 &
1577 1031 1664 1060 tam
1691 1015 1824 1080 longe
1844 1017 2006 1066 dissitas

179 1094 325 1142 partes
344 1076 517 1125 afficere
535 1111 547 1130 ‚
569 1094 636 1123 tot
657 1083 701 1122 &
724 1094 813 1122 tam
835 1077 954 1122 varia
972 1079 1125 1122 munia
1149 1093 1407 1141 pervertere
1434 1095 1525 1123 non
1554 1082 1692 1143 potest
1708 1115 1720 1132 ,
1747 1082 1823 1127 nisi
1844 1083 1890 1128 in
1909 1085 2005 1130 uni-

182 1143 328 1190 versas
356 1143 556 1207 corporis
581 1158 724 1207 partes
749 1140 1025 1187 diffundatur
1049 1160 1060 1195 ·‚
1093 1159 1174 1187 nec
1200 1142 1247 1187 in
1282 1142 1505 1189 universas
1525 1146 1725 1208 corporis
1747 1166 1892 1211 partes
1913 1148 2006 1197 dif-

180 1207 345 1259 fundi,
366 1207 444 1254 nifi
477 1207 816 1253 commisceatur
848 1224 948 1252 cum
975 1206 1164 1253 humore
1186 1207 1384 1270 quodam
1411 1208 1489 1270 qui
1516 1210 1741 1257 universas
1769 1231 1912 1275 partes
1942 1214 2006 1260 al-

180 1273 298 1324 luat,
319 1273 396 1335 qui
434 1290 508 1336 per
544 1272 766 1318 universas
798 1271 1010 1324 circulet‚
1036 1272 1113 1334 qui
1148 1272 1201 1318 ad
1242 1271 1467 1319 universas
1497 1273 1616 1319 virus
1647 1273 1793 1321 secum
1820 1278 2007 1324 deserat.

181 1338 390 1400 Sequitur
406 1354 516 1399 ergo
534 1337 652 1383 virus
668 1336 799 1382 semel
814 1336 1048 1382 admistum
1062 1342 1107 1382 &
1127 1354 1228 1382 cum
1245 1337 1435 1384 humore
1448 1338 1646 1401 quodam
1664 1340 1913 1394 admisceri,
1930 1344 2008 1406 qui

180 1417 329 1448 totum
352 1419 511 1465 corpus
530 1401 702 1466 perl'uat
723 1406 767 1446 δε
789 1401 1004 1465 pervadat
1020 1435 1032 1453 ‚
1064 1406 1107 1447 ὃς
1124 1402 1209 1448 una
1226 1419 1327 1448 cum
1344 1402 1534 1450 humore
1555 1403 1633 1450 illo
1655 1403 1711 1450 ad
1730 1407 1881 1452 onmia
1908 1426 2010 1455 cor-

179 1467 301 1532 poris
319 1465 416 1512 loca
438 1471 483 1512 δε
499 1483 666 1530 organa
682 1467 872 1513 latenter
899 1465 1084 1512 traduci.

242 1535 354 1578 Sunt
373 1547 523 1578 autem
551 1532 642 1578 duo
662 1530 834 1577 tantum
854 1531 1064 1577 humores
1080 1565 1092 1583 ,
1120 1531 1196 1595 qui
1215 1532 1403 1596 perenni
1423 1532 1645 1580 &iterato
1676 1534 1796 1580 fluxu
1821 1537 2010 1584 refluxu-

182 1611 270 1661 que
309 1599 484 1642 cunetas
526 1596 726 1660 corporis
754 1612 898 1660 partes
938 1596 1098 1659 jugiter
1130 1598 1329 1642 irrorent
1353 1631 1366 1649 ,
1404 1603 1451 1642 δε
1481 1600 1645 1644 cunetis
1682 1599 2010 1656 infundantur,

183 1679 346 1726 nempe
371 1660 544 1724 sanguis
575 1667 619 1706 δε
641 1661 809 1724 limpha
827 1679 838 1712 3
858 1660 993 1706 debet
1014 1678 1122 1723 ergo
1142 1678 1382 1708 venereum
1406 1660 1638 1708 seminium
1663 1682 1761 1709 cum
1793 1667 2008 1714 alterutro

184 1724 496 1776 commisceri,
529 1725 600 1771 vel
625 1725 748 1787 quod
769 1725 929 1771 eodem
952 1725 1110 1771 recidit
1128 1759 1142 1778 ,
1170 1743 1270 1770 cum
1293 1741 1480 1788 utroque
1500 1746 1511 1780 3
1531 1746 1633 1773 nam
1655 1729 1788 1774 ambo
1805 1765 1816 1782 ‚
1838 1732 1941 1778 licet
1963 1733 2010 1778 in

183 1791 395 1839 extremis
417 1789 680 1837 arteriarum
700 1788 1018 1853 capillamentis
1037 1788 1243 1836 secedant
1268 1789 1376 1836 inde
1393 1791 1688 1854 peculiaribus
1725 1794 1831 1840 vafis
1861 1797 2012 1844 versus

183 1874 263 1903 cor
286 1854 533 1901 revehendi
549 1887 562 1906 ‚
583 1852 756 1917 sanguis
775 1853 959 1916 quidem
976 1853 1099 1899 venis
1117 1889 1129 1907 ‚
1156 1854 1323 1918 limpha
1342 1855 1451 1901 vero
1470 1856 1577 1901 vasis
1595 1855 1668 1903 seu
1684 1857 1887 1906 ductibus
1912 1861 2011 1908 lim-

184 1920 371 1987 phaticis
386 1953 398 1972 ,
417 1919 501 1965 una
530 1933 679 1964 tamen
706 1917 855 1965 denuo
884 1918 1222 1965 confunduntur
1242 1919 1288 1964 in
1318 1919 1559 1980 majoribus
1583 1939 1797 1969 venarum
1817 1927 2010 1981 truncis,

185 1985 424 2052 praesertim
446 1985 492 2030 in
520 1982 742 2029 subclavia
756 1982 1072 2029 sinistrilateris
1091 2017 1103 2035 ,
1135 1990 1178 2030 &
1199 1985 1307 2031 inde
1339 1984 1484 2030 cordis
1507 1991 1552 2032 δε
1576 1987 1830 2034 arteriarum
1862 1990 2014 2052 systole

184 2051 353 2098 subaffi
372 2085 384 2103 ‚
412 2049 554 2096 attriti
573 2082 585 2101 ,
611 2049 769 2095 intime
786 2047 980 2114 permisti
1003 2082 1016 2104 ,
1047 2048 1155 2095 vitia
1175 2048 1206 2095 fi
1226 2068 1312 2114 qua
1326 2048 1519 2097 habeant
1536 2085 1550 2105 ,
1583 2053 1811 2117 reciproce
1832 2055 1949 2105 inter
1968 2058 2014 2107 se

190 2117 544 2164 communicant.

246 2186 358 2230 Non
380 2182 613 2245 quaerimus
636 2197 717 2227 nec
738 2180 825 2244 qua
848 2179 919 2227 via
935 2180 1192 2244 contagium
1225 2198 1467 2229 venereum
1495 2183 1607 2247 parti
1632 2182 1805 2231 cuidam
1828 2186 2014 2235 affusum

189 2253 237 2295 &
264 2247 479 2294 inhaerens
507 2246 563 2292 ad
589 2245 846 2308 sanguinem
866 2262 938 2291 aut
956 2247 1170 2309 limpham
1193 2247 1475 2302 traducatur3
1498 2266 1579 2294 nec
1599 2248 1683 2312 qua
1715 2252 1886 2298 ratione
1913 2271 2014 2318 gur-

188 2313 317 2360 tatim
339 2311 586 2357 &acinetum
605 2309 741 2371 ocyus
760 2309 951 2358 seriusve
968 2312 1013 2356 in
1034 2311 1245 2374 sanguine
1264 2328 1475 2375 augeatur
1499 2318 1545 2358 &
1565 2314 1882 2378 multiplicetur
1900 2337 1911 2371 3
1930 2337 2012 2366 nec

189 2377 373 2423 tandem
408 2376 494 2438 qua
526 2375 603 2426 vi,
641 2374 826 2425 indole,
856 2373 1048 2421 efficacia
1082 2375 1214 2422 semel
1247 2377 1589 2423 multiolicatum
1621 2378 1757 2425 fluida
1781 2383 1940 2440 ,perdat
1967 2391 2013 2430 &

190 2442 335 2488 solida
368 2439 618 2490 labefacftet.
658 2443 764 2485 Haec
801 2441 952 2484 omnia
981 2439 1075 2485 fuse
1113 2440 1328 2505 explicata
1357 2420 1454 2488 siint
1482 2441 1677 2507 superius
1720 2445 1934 2508 capitibus
1971 2467 2011 2494 2..

198 2528 237 2568 3.
267 2510 314 2551 &
348 2524 392 2561 4.
425 2504 525 2550 Lib.
557 2508 613 2548 11.
656 2502 735 2548 ubi
767 2503 1116 2550 demonstratum
1147 2504 1232 2551 fuit
1282 2508 1343 2552 1⁹.
1374 2508 1647 2570 Contagium
1674 2508 1720 2553 in
1755 2509 2014 2573 sangumem

188 2570 366 2617 traduci
394 2568 465 2614 via
497 2566 677 2630 geminii
697 2600 710 2618 ‚
737 2568 809 2613 vel
839 2568 1131 2616 circulatione
1165 2569 1414 2634 sanguinis,
1444 2572 1521 2635 qui
1548 2572 1788 2620 virulentas
1823 2578 2013 2639 guttulas

188 2636 246 2682 ab
260 2633 424 2681 infecsta
439 2648 561 2697 parte
580 2631 822 2678 lambendo
837 2631 983 2679 secum
1003 2634 1193 2698 abripiat
1211 2654 1222 2689 3
1245 2636 1315 2682 vel
1332 2637 1620 2683 circulatione
1637 2637 1810 2702 limphae
1825 2675 1835 2692 ,
1849 2660 1942 2704 quae
1958 2644 2013 2691 ab

189 2699 420 2762 inquinata
442 2713 567 2762 parte
596 2696 851 2758 regrediens
876 2700 922 2743 in
945 2698 1200 2762 sanguinem
1222 2734 1234 2752 ‚
1269 2719 1462 2764 quocum
1486 2702 1637 2749 denuo
1669 2706 1978 2754 commiscetur
2000 2744 2014 2762 ,

194 2765 283 2811 una
308 2763 454 2810 secum
482 2761 675 2808 devehat
700 2762 910 2826 plurimas
936 2764 1028 2809 tabi
1050 2765 1262 2811 virulenti
1280 2782 1438 2828 guttas.
1468 2775 1531 2812 20.
1558 2769 1832 2832 Contagium
1851 2771 2015 2819 admis-

195 2829 290 2876 sum
307 2827 440 2888 ocyus
456 2825 645 2872 seriusve
664 2827 949 2889 multiplicari
966 2828 1011 2874 in
1030 2827 1243 2887 sanguine
1260 2848 1312 2875 ex
1337 2831 1577 2894 depravata
1595 2832 1881 2881 haematoseos
1895 2855 2017 2884 oeco-

196 2892 348 2939 nomia
365 2926 376 2943 ,
405 2891 524 2936 unde
549 2891 746 2936 naturale
774 2891 994 2954 sanguinis
1013 2889 1239 2956 opificium
1266 2896 1550 2956 pervertitur.
1582 2897 1649 2942 Sic
1667 2896 1795 2943 simili
1813 2899 1868 2945 de
1891 2904 2018 2948 causi

197 2957 406 3018 contagia
432 2971 586 3000 caetera
600 2987 611 3005 ,
643 2954 1034 3018 hydrophobicum
1052 2990 1065 3008 ,
1085 2956 1381 3004 scorbuticum
1400 2993 1410 3011 ‚
1439 2961 1690 3023 pestiferum
1707 2995 1719 3013 ,
1744 2961 1987 3013 scabiosum
2004 3002 2019 3019 ,,

196 3024 245 3071 in
274 3019 484 3083 sanguine
509 3018 791 3082 multiplicari
819 3038 830 3071 3
862 3018 918 3064 fic
958 3022 1157 3084 compari
1190 3022 1362 3069 ratione
1389 3023 1610 3071 fermenta
1634 3028 1824 3088 quaevis,
1862 3032 2020 3094 panifi-

198 3105 301 3134 cum
320 3121 332 3139 ,
363 3082 686 3130 cerevisiarium
714 3088 800 3128 &c.
819 3084 864 3129 in
885 3086 1112 3149 operando
1131 3088 1281 3148 augeri
1302 3104 1472 3134 certum
1499 3092 1571 3136 est.
1592 3100 1653 3152 30.
1678 3092 1885 3156 Denique
1911 3115 2020 3142 con-—

202 3152 369 3215 tagium
401 3165 638 3196 venereum
671 3147 754 3194 ell'e
781 3148 915 3194 acida:
950 3151 1018 3196 vel
1041 3150 1310 3196 acido-salsa?
1337 3170 1500 3200 natutae
1522 3189 1532 3206 ‚
1560 3156 1789 3203 corrosivae
1820 3165 1865 3205 δε
1896 3160 1988 3207 fixae
2006 3196 2025 3214 ,

208 3216 328 3282 qaod.
350 3215 454 3265 ideo
495 3218 539 3263 &
576 3212 768 3265 sulfurea
795 3213 959 3274 fluida,
979 3215 1241 3280 quibuscum
1264 3218 1471 3273 miscetur
1490 3254 1505 3278 ,
1531 3220 1752 3287 inspiffare
1781 3229 1826 3268 ἂν
1860 3243 2037 3285 emon„

1727 3290 1808 3352 Pp
1943 3265 1969 3291 ὃ

2079 649 2279 690 seminium·

2045 701 2250 739 morbzficfx

2046 756 2267 806 contagione

2047 806 2193 845 admitti
2221 809 2255 846 in

2050 873 2183 911 corpus
2218 861 2283 913 (με

2049 925 2149 951 num.

2085 1041 2128 1077 Et
2142 1039 2283 1081 admisa.

2052 1091 2130 1129 sum
2160 1094 2242 1130 uni-

2053 1145 2197 1183 versum
2209 1158 2288 1185 cot·

2054 1211 2117 1247 pus
2148 1211 2287 1249 pctvaq

2053 1249 2151 1288 dere.

2057 1555 2288 1595 Commisees

2056 1608 2085 1644 ti
2137 1610 2287 1659 proinde

2055 1671 2138 1696 cum
2154 1662 2290 1714 sangui-

2054 1724 2094 1747 ne
2122 1713 2180 1750 vel
2193 1716 2290 1764 geum

2057 1763 2212 1815 limpha,
2231 1768 2290 1805 vel

2057 1829 2142 1853 cum
2175 1830 2289 1858 utto-

2059 1880 2141 1921 que.

2104 2218 2182 2262 Tam
2207 2217 2291 2261 alib-i

2061 2271 2200 2310 abunde:
2219 2274 2292 2311 dic..

2060 2337 2138 2360 tum
2163 2324 2267 2365 fuisse

2060 2375 2103 2413 de
2134 2377 2256 2415 intro-

2061 2428 2223 2466 miffione
2249 2459 2262 2476 ,

2062 2482 2277 2532 multiplica·

2060 2536 2154 2572 tione
2174 2540 2206 2572 &
2229 2535 2292 2572 εἰ·
2324 2568 2326 2571 .

2062 2586 2293 2625 ficaciacon-

2063 2638 2155 2688 tagii
2179 2650 2293 2677 veneat

2063 2703 2126 2728 ret.
