2477 3643
456 107 545 152 274
795 92 1342 143 DEMoRssis
1409 98 1936 153 VENERE1s.

452 168 712 237 ambigitur.
748 175 793 222 Si
821 175 1066 224 levioribus
1085 178 1206 225 enim
1225 175 1427 223 incisuris
1449 178 1646 242 punCcim
1669 177 1908 228 scarificata
1927 175 2143 230 doleat&
2161 192 2298 231 cruo³

453 252 550 282 rem
583 236 771 286 fluidum
799 245 845 288 ὃ(
886 242 1068 290 rutilum
1109 243 1285 289 emittat
1312 274 1325 294 ,
1366 243 1518 289 omnia
1559 242 1675 291 salva
1708 244 1807 292 sunt
1837 264 1849 300 3
1879 245 2036 293 contra
2071 248 2181 296 vero
2207 281 2223 302 ‚
2257 247 2292 296 fi

452 298 590 348 secus·

183 379 249 416 'Et
272 377 402 415 causa·
505 375 570 411 60.
601 368 798 416 Demum
831 370 1108 418 manifestum
1138 374 1198 419 est
1230 387 1283 418 ex
1319 371 1551 435 praegressis
1569 372 1593 418 a
1613 373 1700 437 qua
1733 375 1858 421 causa
1878 392 2111 439 gangraena
2137 394 2288 425 ortum

170 443 252 468 rum
282 443 378 482 gan·
453 429 663 479 habuerit
682 452 693 484 ·‚
716 453 770 479 an
792 435 847 481 ab
867 437 1114 490 oedemate,
1133 455 1188 483 an
1209 435 1231 481 εὶ
1250 435 1522 501 phlegmone
1542 471 1556 491 ,
1585 455 1640 484 an
1665 433 1936 505 ‘complicato
1955 441 2068 488 vitio
2087 441 2142 488 ab
2164 444 2290 492 oede-

172 495 311 536 gsaessae'
453 504 575 544 mate
602 499 966 562 phlegmonode?

205 563 403 616 Prognofis
522 565 741 626 Prognosts„
787 569 844 609 1⁰.
878 569 1124 629 Gangraena
1144 566 1310 613 malum
1328 568 1388 613 est
1411 584 1501 629 quo
1531 584 1626 613 non
1650 568 1839 616 alterum
1854 570 2139 634 periculosius
2154 605 2168 625 ‚
2189 571 2291 621 cum

173 630 378 680 3³¹³gfoe¹¹ae
452 627 668 674 necrofim
695 629 859 676 inferat
881 631 1107 694 celerique
1128 630 1246 695 paffu
1266 632 1289 677 a
1313 649 1439 697 parte
1458 632 1505 676 in
1525 649 1694 696 partem
1714 651 1937 699 prorepat.

169 682 250 758 ἓξὲξ
279 683 402 759 ωῑξῗζι
510 701 571 739 2⁰.
602 695 743 738 Potest
760 695 999 742 imminens
1014 713 1247 760 gangraena
1266 698 1531 761 praecaveri,
1553 703 1598 743 &
1615 698 1832 762 incipiens
1850 700 2032 764 reprimi
2053 719 2064 754 3
2082 700 2158 749 sed
2179 719 2289 748 con-

168 773 205 810 in
239 749 402 825 pa'mcu-
450 757 624 803 firmata
661 763 705 803 &
732 760 778 805 in
805 759 1059 824 sphacelum
1080 761 1276 825 degener
1298 762 1415 808 nulla
1447 779 1540 809 arte
1569 762 1775 810 sanabilis
1791 765 1850 810 est
1868 798 1881 816 ,
1900 765 1978 810 nisi
2007 767 2284 832 extirpetur3

169 825 248 867 lari.
451 822 570 868 unde
598 822 727 868 facile
746 826 803 871 est
822 824 1095 889 singulorum
1111 827 1306 890 pericula
1324 828 1547 874 aestimare.

516 896 579 947 30.
613 891 784 935 Bonum
804 908 1083 954 gangraenam
1112 891 1227 938 rubo
1248 892 1417 938 circulo
1439 892 1746 938 circumscribi
1765 912 1777 945 ·,
1799 891 1847 938 id
1865 891 1986 939 enim
2011 894 2129 942 inter
2151 893 2288 943 affe-c-

447 965 538 998 tam
557 952 794 1018 sanamque
813 973 983 1019 partem
1004 974 1178 1004 certum
1199 957 1441 1004 discrimen
1461 957 1744 1005 intercedere
1766 958 1996 1020 significat.
2241 958 2247 963 ’

504 1026 573 1074 40.
605 1020 779 1066 Malum
811 1022 967 1067 contra
994 1023 1321 1086 gangraenosam
1342 1039 1513 1087 partem
1541 1041 1643 1068 cum
1671 1022 1771 1068 sana
1798 1025 1860 1068 ita
1887 1023 2106 1070 confundi
2125 1027 2288 1089 grada-

447 1080 512 1126 rifi
540 1083 742 1130 colorum
773 1085 1077 1134 diminutione
1108 1122 1120 1141 ‚
1157 1105 1204 1133 ut
1234 1104 1378 1134 certus
1397 1105 1641 1151 gangraenae
1661 1088 1877 1134 terminus
1906 1089 2107 1152 assignari
2140 1093 2287 1140 nullus

443 1147 572 1210 possit
595 1167 606 1198 ·‚
627 1149 676 1196 id
688 1151 810 1197 enim
835 1152 1021 1200 denotat
1034 1153 1367 1217 gangraenosum
1385 1154 1507 1201 virus
1536 1158 1582 1200 δι’
1609 1153 1798 1201 latenter
1832 1159 1877 1199 δέ
1898 1153 1984 1199 late
2006 1155 2060 1201 ad
2091 1157 2285 1204 confinia

443 1209 639 1278 serpere.

517 1287 583 1340 50«
606 1278 844 1344 Sphacelus
872 1279 962 1329 levi
995 1299 1076 1329 nec
1112 1282 1285 1329 difficili
1311 1280 1532 1330 excisione
1563 1282 1679 1330 extir
1713 1300 1809 1329 atur
1838 1317 1851 1336 ‚
1883 1282 1914 1328 fi
1944 1284 2207 1348 praeputium
2233 1285 2283 1337 iu

446 1340 555 1390 viris
574 1378 586 1397 ,
609 1345 824 1409 nymphas
843 1347 892 1393 in
910 1347 1105 1398 foeminis
1121 1384 1133 1402 ,
1155 1350 1299 1394 cristas
1315 1350 1388 1394 ani
1403 1349 1450 1395 in
1472 1348 1650 1394 cinaedis
1666 1301 1808 1394 siolum
1825 1347 2002 1393 afficiat.

491 1417 559 1454 60.
590 1411 856 1457 Graviorem
888 1419 934 1458 ἅ
969 1414 1156 1477 periculi
1187 1415 1363 1478 plenam
1394 1414 1709 1479 operationem
1729 1412 1941 1476 exigit‚si
1975 1427 2105 1476 caput
2123 1413 2285 1477 penis,

446 1473 712 1521 alterutrum
731 1475 955 1523 labiorum
975 1479 1115 1524 vulvae
1135 1514 1147 1531 ,
1169 1495 1242 1524 aut
1263 1479 1410 1542 portio
1431 1478 1646 1542 marginis
1665 1478 1738 1523 ani
1755 1478 1919 1524 morbo
1940 1495 2188 1525 teneantur.

513 1548 580 1599 7⁰.
610 1540 792 1587 Nullam
817 1543 1130 1606 operationem
1151 1544 1349 1589 admittit
1368 1577 1380 1595 ,
1400 1542 1431 1588 si
1449 1545 1503 1590 ad
1525 1544 1649 1608 penis
1669 1543 1868 1589 radicem
1887 1577 1899 1595 ‚
1928 1543 1984 1588 ad
2011 1544 2179 1606 vaginae
2212 1543 2286 1590 os-

441 1603 556 1651 tium
584 1621 659 1650 aut
677 1605 793 1652 intra
814 1608 980 1652 rectum
1001 1607 1287 1672 procelserit3
1309 1607 1386 1654 sed
1409 1626 1476 1655 res
1497 1625 1592 1654 tota
1618 1623 1780 1654 naturae
1798 1607 1970 1655 viribus
1995 1609 2287 1665 commutem-.-¹

441 1670 500 1717 da
517 1704 528 1722 ,
550 1670 621 1716 cui
638 1669 861 1717 debentur
875 1672 1104 1719 interdum
1124 1673 1374 1720 curationes
1392 1673 1602 1719 mirificae.

509 1742 573 1783 80.
599 1739 676 1782 De
703 1737 956 1798 aegrotantis
989 1738 1124 1786 salute
1159 1738 1287 1802 plane
1309 1738 1636 1785 conclamatum
1657 1739 1717 1784 est
1745 1771 1758 1791 ‚
1793 1737 1824 1783 fi
1856 1737 2062 1803 sphacelo
2086 1736 2143 1784 ad
2169 1736 2284 1786 inte-

443 1798 560 1847 riora
593 1818 863 1866 prorepente
893 1802 1058 1849 horror
1084 1837 1097 1856 ,
1131 1805 1254 1867 rigor
1276 1837 1287 1855 ,
1317 1802 1508 1868 syncope
1541 1838 1554 1856 ,
1588 1802 1795 1850 debilitas
1826 1803 2106 1867 parvitasque
2136 1803 2284 1867 pulsus

442 1864 695 1912 identidem
727 1884 954 1914 recurrant
975 1887 987 1922 3
1010 1867 1115 1914 hinc
1144 1869 1265 1916 enim
1292 1868 1503 1915 lethalem
1528 1886 1690 1916 noxam
1729 1869 1776 1915 in
1811 1886 1946 1915 venas
1974 1868 2165 1915 infusam
2197 1867 2282 1916 effe

443 1930 630 1976 evidens
649 1932 722 1976 est.

213 2007 384 2050 cur-atio,
520 1999 704 2040 Curatio.
741 1997 827 2040 Pro
849 1995 1014 2061 triplici
1036 2013 1275 2061 gangraenae
1295 1998 1405 2043 statu
1424 1996 1583 2061 triplex
1602 1996 1829 2061 therapeia
1848 1996 2103 2042 adhibenda
2121 1997 2204 2052 est3
2225 2006 2282 2044 10.

445 2060 626 2124 Nempe
647 2076 907 2123 gangraena,
933 2062 972 2106 Ii
1002 2061 1052 2107 fit
1081 2062 1322 2108 imminens
1338 2096 1350 2114 ,
1371 2062 1687 2126 praecaveynda3
1713 2062 1773 2107 2⁰.
1807 2062 1852 2107 Si
1869 2061 2085 2125 incipiens
2101 2095 2113 2114 ,
2134 2063 2283 2127 repri-

444 2125 608 2184 menda
629 2144 641 2178 ·‚
678 2133 738 2187 30.
770 2125 815 2171 Si
836 2125 1099 2173 confirmata
1118 2128 1230 2173 &in
1258 2126 1510 2191 sphacelum
1531 2126 1727 2190 degener
1748 2160 1761 2178 ,
1783 2126 2045 2191 extirpanda
2059 2127 2136 2173 est.

167 2190 395 2252 ‘Gangraena
496 2191 540 2236 ‘1.
573 2187 644 2236 Ad
675 2188 1010 2255 praecavendam
1036 2188 1349 2239 imminentem
1378 2189 1688 2255 gangraenam,
1716 2199 1776 2237 10.
1814 2195 2153 2237 Removeantur
2177 2190 2283 2238 obi-

168 2257 357 2283 imminens
443 2271 516 2300 ces
539 2273 696 2303 omnes
716 2290 729 2308 ,
749 2256 910 2320 quibus
939 2256 1159 2321 sanguinis
1188 2263 1233 2304 ὃ(
1264 2257 1439 2321 limphae
1472 2257 1705 2303 circulatio
1735 2256 1983 2302 retardatur
2001 2289 2014 2308 ,
2050 2256 2244 2318 ideoque
2264 2290 2280 2310 ‚

159 2309 381 2388 {feaveffi
443 2318 522 2365 nifi
541 2324 627 2382 jam
660 2322 761 2367 ante
787 2320 1017 2385 provisum
1049 2321 1182 2369 fuerit
1203 2357 1215 2375 ,
1237 2321 1493 2368 incidantur
1513 2322 1650 2385 quam
1678 2320 1910 2368 celerrime
1977 2321 2204 2384 raeputium
2229 2322 2279 2369 in

440 2384 630 2451 phimosi
651 2421 663 2439 ‚
697 2391 743 2431 δε
766 2387 1040 2452 complicatae
1062 2386 1260 2452 praeputii
1284 2404 1397 2450 rugae
1416 2387 1463 2432 in
1489 2385 1782 2452 paraphimosi
1802 2419 1814 2437 ,
1836 2340 2031 2449 bafisgue
2053 2387 2278 2449 pterygio-

439 2469 539 2497 rum
557 2452 604 2498 in
623 2451 883 2498 mulieribus
912 2452 1080 2500 crebris
1107 2452 1310 2498 incisuris
1339 2449 1608 2497 scarificerur
1627 2486 1639 2505 ,
1660 2450 1690 2496 fi
1711 2450 1843 2496 nimis
1875 2451 2071 2498 adstricta
2096 2449 2160 2495 sit.

476 2514 480 2518 ’
505 2512 566 2561 2⁶.
603 2511 901 2563 provideatur
927 2518 1063 2564 celeri
1091 2518 1226 2581 opera
1259 2518 1403 2562 nimiae
1435 2515 1638 2563 vasorum
1670 2515 1975 2578 turgescentiae
1995 2549 2006 2567 ‚
2025 2513 2111 2577 quz‘i
2141 2514 2302 2580 partis⁴

437 2581 695 2634 staminibus
727 2580 935 2634 disciffis3
960 2589 1005 2628 &
1040 2583 1184 2628 nimiae
1219 2583 1394 2645 limphae
1427 2582 1611 2627 acrioris
1640 2580 1934 2644 stagnationi‚
1962 2580 2047 2643 qua
2080 2579 2279 2625 stamini-

441 2644 521 2690 bus
544 2646 711 2692 eisdem
739 2646 870 2692 erosis
889 2647 1136 2711 periculum
1157 2649 1216 2692 est
1237 2664 1293 2692 ne
1314 2663 1548 2709 gangraena
1572 2645 1786 2692 inferatur
1804 2663 1815 2698 3
1837 2644 2031 2707 ideoque
2050 2661 2150 2707 pars
2176 2661 2278 2690 cre-

440 2708 532 2754 bris
568 2712 891 2774 pundliunculis
919 2711 992 2768 seu
1017 2711 1219 2772 incisuris
1248 2711 1537 2773 pertundatur
1573 2711 1713 2773 magis
1744 2708 1949 2755 minusve
1981 2708 2077 2753 altis
2096 2742 2109 2761 ,
2140 2723 2276 2773 prout

437 2773 646 2821 imminet
672 2777 810 2839 magis
832 2773 1129 2840 superficiaria
1150 2776 1218 2821 vel
1241 2775 1510 2839 profundior
1531 2792 1778 2839 gangi‘aena.

511 2848 572 2899 30„
604 2835 744 2887 Simul
775 2835 823 2886 ac
845 2839 1016 2902 sanguis
1044 2835 1097 2887 ex
1119 2839 1320 2886 incisuris
1345 2839 1520 2886 abunde
1541 2839 1788 2885 manaverit
1807 2872 1820 2891 ‚
1843 2852 1974 2901 atque
1997 2854 2095 2901 pars
2120 2835 2275 2883 affeAEta

436 2920 575 2950 onere
603 2906 752 2952 levata
778 2905 915 2951 fuerit
934 2903 1112 2965 ,svasa,
1143 2923 1238 2969 quae
1267 2903 1501 2969 praegressa
1535 2904 1796 2950 dilatatione
1830 2919 1963 2948 atona
1982 2936 1995 2954 ,
2029 2902 2101 2948 vel
2135 2901 2274 2967 nimia

432 2965 716 3017 emollitione
744 2970 929 3016 flaccida
948 2971 1044 3016 sunt
1061 3005 1073 3023 ,
1094 2971 1336 3017 reddantur
1360 2986 1468 3015 tono
1483 3004 1495 3022 ,
1512 2969 1711 3015 firmitati
1728 3002 1741 3020 ‚
1761 2967 1947 3015 elaterio
1970 2966 2270 3017 naturalibus,

435 3051 484 3079 ut
511 3051 773 3098 recuperato
808 3052 935 3081 motu
965 3034 1236 3082 oscillatorio
1263 3034 1518 3081 consuetam
1551 3033 1774 3098 sanguinis
1806 3038 1852 3079 &
1881 3030 2057 3095 limpha:
2088 3028 2270 3099 circula-

434 3098 874 3161 tionemrenovent,
908 3100 931 3145 a
961 3101 1045 3164 qua
1077 3106 1164 3163 jam
1197 3099 1473 3147 feriabantur
1494 3099 1719 3163 ;ideoque
1739 3115 1836 3162 pars
1855 3098 1948 3161 post
1982 3093 2271 3163 scarificatio-

435 3176 542 3211 nem
568 3162 776 3214 foveatur
807 3164 958 3228 tepide
992 3165 1147 3230 spiritu
1177 3166 1274 3215 vini
1291 3164 1383 3215 sive
1409 3162 1506 3213 folo
1521 3197 1538 3223 ,
1563 3164 1651 3214 sive
1677 3162 1998 3230 camphorato,
2021 3159 2111 3207 five
2130 3172 2267 3207 etlam
