2477 3643
170 266 175 291 ¹
204 265 274 308 Sed
306 260 406 313 quod

173 320 354 358 medicina:

175 372 321 415 sufficit,
334 383 408 409 cer·
446 394 448 396 v

175 426 216 464 to
234 427 369 477 liquere

176 477 398 529 multiplica-

176 532 313 568 tionem
348 528 410 566 illa

176 597 220 623 ex
248 582 383 634 duplici

174 637 292 688 capite
311 634 407 672 aesti-

175 689 347 727 mandam

179 741 258 781 effe.

207 837 271 867 ιο.
289 829 340 866 Ex
358 829 409 865 vi-

176 882 275 920 ribus
300 879 411 918 serni-

177 935 223 972 nii
244 933 386 971 venerei

177 984 408 1038 ipfiu5‚quod

175 1038 344 1076 fermenti

176 1093 239 1132 seu
269 1090 411 1142 agentis

176 1156 296 1199 partes
313 1143 414 1181 susti-

178 1211 248 1236 net.

205 1283 261 1322 2⁹.
281 1283 333 1319 EX
348 1278 412 1317 fa.-

181 1337 317 1375 eultate
333 1332 412 1371 san-

179 1388 298 1443 guinis
312 1414 326 1446 ,-
350 1385 415 1443 qui

180 1451 347 1498 patientis
362 1450 413 1476 vx-

182 1507 242 1532 ces
260 1502 371 1544 gent.

227 2264 334 2306 Uale
353 2276 420 2315 pto

189 2317 301 2357 vaxiis
328 2316 422 2353 indi-

189 2372 307 2408 viduis
327 2384 397 2407 va-

189 2425 295 2460 rietas
323 2422 423 2460 sum-

181 2479 250 2512 *ma
281 2473 386 2512 debet

192 2525 258 2563 esse
282 2527 313 2562 in
338 2540 422 2563 mo·

192 2579 241 2613 do
261 2579 390 2614 multi-

194 2629 406 2680 plicationis.

448 165 474 204 ‘1
486 176 543 203 00

825 155 931 201 DE
1001 155 1374 200 MORBIS
1444 154 1952 204 VENEREIS.

489 243 566 311 ’Et
585 237 686 310 sane
705 271 717 292 ,
737 254 784 286 ut
806 241 895 300 jam
916 237 971 295 ad
989 237 1274 302 quaestionem
1293 237 1598 300 regrediamur
1618 273 1631 294 ,
1649 237 1983 304 qualiscumque
2000 237 2050 286 fit
2072 237 2284 288 mutatio}

454 322 523 353 nis
544 308 668 352 caula
695 309 740 351 &
764 303 1088 351 mechanismus
1108 337 1119 355 ,
1143 300 1421 348 manifestum
1440 304 1525 355 est,
1563 331 1569 339 ·

522 379 582 417 10.
616 369 1041 435 Multiplicationem
1063 367 1235 413 leminii
1256 367 1469 414 virulenti
1487 369 1534 413 in
1553 367 1684 422 sano,
1705 370 1812 417 dum
1830 369 2025 417 inficitur
2041 403 2053 423 ‚
2072 372 2286 418 aestiman-

454 437 558 484 dam
589 436 673 483 effe
704 453 756 482 ex
785 433 958 481 duobus
985 432 1231 496 capitibus;
1288 440 1348 476 10.
1378 436 1557 498 Nempe
1589 452 1642 480 ex
1673 435 1844 482 viribus
1873 434 2118 487 fermenti,
2161 435 2288 501 quod

455 502 624 565 agentis
655 518 797 566 partes
825 498 982 563 implet
1001 531 1014 549 ‚
1046 503 1091 543 &
1122 496 1381 560 sanguinem
1412 497 1679 562 caeterosque
1707 500 1918 547 humores
1943 499 2189 565 pervertit3
2224 510 2290 546 20.

457 572 520 613 Ex
552 566 761 612 facultate
797 563 1019 626 sanguinis
1054 578 1406 625 caeterorumque
1441 563 1681 610 humorum
1703 598 1716 617 ‚
1752 565 1830 628 qui
1862 566 2159 612 mutationem
2196 566 2290 630 pati

457 631 624 679 debent
647 637 693 677 &c
711 628 923 676 fermenti
944 626 1147 673 efficaciae
1166 628 1491 692 pervertendos
1512 628 1554 675 se
1573 628 1783 693 praebent.

518 706 580 743 20.
616 697 744 743 Vires
769 694 955 757 quidem
975 692 1189 738 fermenti
1215 692 1290 738 seu
1311 694 1510 749 contagii
1530 695 1712 740 venerei
1738 693 1984 740 statuendas
2013 695 2099 741 elle
2138 702 2198 739 1⁰.
2225 697 2291 740 Ex

457 763 584 826 copia
616 760 702 825 qua
736 757 969 805 admissum
1001 756 1139 804 fuerit
1161 791 1174 810 ‚
1210 758 1330 804 virus
1357 748 1478 804 enim
1514 758 1637 804 tanto
1668 757 1829 804 fortius
1863 764 1909 804 δε
1942 758 2160 805 efficacius
2190 774 2292 823 aget

456 827 622 875 caeteris
651 824 828 891 paribus
849 858 861 877 ,
891 823 1060 886 quanto
1089 822 1227 886 magis
1257 821 1584 876 abundaverir,
1610 821 1686 869 sed
1705 823 1755 870 ea
1775 823 1832 870 de
1865 841 1913 870 re
1942 823 2196 870 consulatur
2219 843 2294 870 ca-

455 909 535 957 put
563 889 829 957 praecedenS.
869 897 932 935 20.
960 892 1023 933 Ex
1043 888 1226 951 energia
1243 887 1329 950 quzi
1349 887 1486 952 pollet
1504 922 1516 940 ‚
1548 905 1650 933 nam
1678 889 1799 934 virus
1825 889 1880 934 eo
1911 889 2050 951 magis
2070 889 2223 935 efficax
2246 894 2296 937 <Sc

457 957 683 1004 actuosum
697 956 897 1021 futurtum
926 955 985 999 est
1014 952 1178 999 caeteris
1204 952 1383 1017 paribus
1397 987 1411 1005 2
1430 953 1519 1016 quo
1537 953 1711 999 tenuius
1730 987 1742 1005 ,
1764 953 1904 998 acrius
1919 985 1932 1004 ‚
1962 952 2163 999 subtilius
2181 954 2294 1006 erit,

456 1041 510 1070 ex
540 1022 689 1068 nativa
721 1020 938 1085 temperie
958 1052 970 1070 ,
999 1034 1047 1064 ut
1072 1018 1120 1063 in
1145 1017 1407 1081 regionibus
1437 1017 1750 1071 calidioribus·,
1778 1035 1832 1064 ex
1852 1017 2062 1065 morbosa
2080 1017 2296 1080 dyscrasia

458 1087 683 1151 sanguinis
705 1085 824 1131 unde
844 1083 1012 1150 prodiit
1028 1117 1039 1135 ‚
1060 1098 1108 1129 ut
1133 1083 1179 1128 in
1197 1082 1456 1129 cachefificis
1475 1117 1488 1136 ‚
1509 1082 1674 1129 biliosis
1693 1117 1706 1135 ‚
1728 1082 1988 1129 atrabilariis
2010 1116 2021 1135 ‚
2040 1082 2168 1130 febre
2187 1083 2298 1130 hec·

458 1154 545 1200 tica
563 1151 869 1200 laborantibus
891 1154 978 1195 &c.
999 1166 1051 1195 ex
1073 1149 1366 1194 diuturnitate
1385 1149 1597 1213 temporis
1617 1149 1641 1194 εὶ
1656 1165 1744 1212 quo
1762 1149 1997 1212 aegrotanti
2014 1147 2124 1196 inest
2142 1183 2155 1202 ,
2175 1164 2224 1194 ut
2246 1147 2295 1195 in

457 1219 511 1266 iis
530 1220 608 1283 qui
628 1222 714 1281 jam
738 1215 909 1262 dudum
927 1213 1096 1259 morbis
1115 1213 1319 1259 venereis
1339 1212 1614 1261 affluitantur.

523 1294 582 1346 30.
619 1283 887 1330 Facultatem
908 1279 1017 1325 vero
1037 1278 1258 1341 sanguinis
1280 1294 1630 1342 exterorumque
1649 1279 1888 1327 humorum
1913 1312 1926 1332 ,
1954 1278 2040 1342 quii
2062 1277 2103 1324 se
2123 1276 2297 1324 facilius

461 1347 786 1414 pervertendos
816 1344 1014 1410 praebent
1035 1377 1046 1395 ‚
1070 1343 1360 1407 repetendam
1392 1341 1475 1390 else
1496 1377 1509 1396 ,
1547 1353 1607 1388 1⁰.
1629 1349 1695 1391 Ex
1723 1345 1882 1394 vitiosa
1903 1343 2166 1391 eorumdem
2185 1361 2298 1406 qua-

461 1416 585 1461 litate
605 1448 617 1466 ,
646 1412 732 1476 quss.
759 1428 985 1457 venenum
1012 1414 1056 1454 δέ
1087 1407 1214 1454 citius
1240 1413 1284 1454 &
1313 1407 1441 1454 altius
1472 1408 1732 1463 imbibunt3
1761 1410 1866 1455 hinc
1889 1409 1967 1473 qui
1986 1408 2194 1454 cachexia
2226 1407 2300 1454 vel

462 1476 832 1527 oblinit-itionibus
861 1475 1069 1522 laborant
1087 1507 1099 1525 ‚
1132 1489 1205 1518 aut
1233 1473 1310 1537 qui
1340 1472 1544 1518 biliosam
1570 1474 1641 1521 vel
1667 1474 1965 1521 atrabilariam
1990 1472 2254 1537 temperiem
2274 1472 2301 1518 εὶ.

461 1544 617 1592 natura
640 1542 806 1589 habent
824 1575 837 1593 ,
865 1538 1037 1586 facilius
1069 1536 1212 1585 solent
1238 1538 1403 1585 caeteris
1425 1537 1602 1602 paribus
1629 1539 1777 1586 labem
1803 1540 1911 1586 inde
1943 1538 2191 1602 concipere.
2233 1545 2297 1583 2⁰.

461 1614 528 1657 Ex
550 1606 853 1656 accidentibus
872 1605 1004 1652 variis
1021 1638 1033 1656 ,
1052 1621 1145 1666 quae
1162 1603 1324 1650 veneni
1338 1603 1698 1668 multiplicationi
1713 1604 1867 1651 favent
1882 1638 1894 1656 ‚
1923 1619 1971 1649 ut
1995 1603 2094 1649 sunt
2128 1601 2302 1648 febrilis

460 1672 824 1723 incandescentia
839 1705 852 1724 ,
882 1687 1008 1717 error
1025 1667 1240 1721 indiaetzi,
1269 1668 1671 1733 animipathemata
1692 1669 2033 1716 vehementiora
2049 1701 2062 1720 ‚
2087 1666 2301 1714 exercitia

465 1739 712 1789 immodica
726 1772 738 1790 ‚
759 1735 936 1801 crapula
950 1768 962 1788 ,
985 1733 1146 1797 vigilia¹
1167 1732 1357 1779 nimium
1377 1736 1605 1798 protradlae
1626 1740 1714 1781 &c.
1734 1752 1828 1799 quae
1850 1734 1879 1779 fi
1897 1731 2177 1798 frequentius·
2191 1749 2301 1779 con-

463 1807 639 1869 tingant
656 1838 667 1856 ,
686 1802 890 1866 gliscenti
914 1817 1092 1847 veneno
1113 1797 1254 1845 solent
1280 1799 1423 1844 calcar
1451 1799 1633 1846 addere.

521 1880 590 1929 40.
628 1868 823 1915 Proinde
845 1863 1226 1929 multiplicationis
1245 1863 1433 1908 modum
1449 1864 1750 1910 :estimandum
1776 1863 1862 1911 effe
1882 1881 1934 1911 ex
1961 1861 2138 1909 diversa
2157 1860 2300 1907 facul-

462 1952 554 1984 tate
588 1933 808 1996 sanguinis
843 1937 888 1978 δε
918 1930 1190 1980 humorum,
1224 1928 1271 1973 in
1308 1928 1468 1991 quibus
1502 1929 1640 1976 debet
1671 1947 1895 1976 venenum
1927 1927 2243 1992 multiplicari,
2271 1925 2303 1971 si

463 2000 617 2048 omnia
643 1999 762 2062 paria
780 1997 860 2042 sint
880 2013 932 2042 ex
953 2010 1076 2059 parte
1095 1994 1288 2044 veneni3
1319 2011 1372 2039 ex
1401 1993 1580 2042 diversis
1607 1994 1716 2041 vero
1733 1994 1896 2041 veneni
1924 1993 2092 2039 viribus
2110 2026 2122 2044 ‚
2151 1991 2181 2036 sl
2202 2008 2303 2036 om-

465 2067 540 2113 nia
562 2064 683 2128 paria
705 2063 875 2109 fuerint
890 2078 943 2106 ex
969 2074 1094 2123 parte
1112 2056 1335 2120 sanguinis
1353 2063 1398 2104 δε
1414 2058 1656 2104 humorum
1675 2077 1687 2112 ·,
1706 2059 1887 2105 demum
1908 2075 1961 2104 ex
1982 2057 2155 2103 ratione
2174 2074 2302 2102 com-

464 2129 602 2197 posita
623 2146 676 2174 ex
694 2125 942 2174 rationibus
967 2122 1147 2169 diversis
1164 2138 1258 2168 tum
1281 2122 1446 2169 virium
1464 2122 1704 2174 fermenti,
1723 2140 1817 2169 tum
1841 2121 2061 2168 facultatis
2079 2120 2301 2184 sanguinis

467 2203 514 2243 &
534 2195 775 2240 humorum
795 2226 806 2244 ‚
828 2191 857 2236 fi
878 2208 931 2237 ex
950 2188 1138 2251 utraque
1157 2203 1281 2252 parte
1297 2188 1448 2233 onmia
1470 2188 1656 2252 imparia
1674 2187 1988 2252 supponantur.

536 2268 596 2323 50.
620 2258 741 2304 Hinc
769 2274 878 2319 ergo
895 2255 1018 2301 tanto
1034 2252 1171 2315 magis
1195 2251 1632 2316 pateresolutionem
1650 2252 1978 2318 problematum
1995 2287 2006 2304 ,
2028 2268 2122 2317 quae
2143 2266 2306 2315 praece-

469 2326 593 2372 denti
611 2323 754 2388 capite
772 2318 1079 2386 proposuimus
1095 2352 1107 2370 ,
1140 2322 1186 2363 &
1206 2317 1396 2363 aliorum
1414 2318 1745 2382 quamplurium
1759 2336 1853 2381 quae
1882 2318 1929 2363 in
1946 2318 2069 2381 praxi
2084 2313 2234 2379 saepius
2249 2332 2302 2360 oc

472 2406 653 2437 currunt
674 2422 686 2440 ,
716 2404 874 2450 nempe
901 2402 978 2431 cur
1011 2383 1085 2428 alii
1110 2382 1133 2427 a
1162 2382 1329 2428 morbis
1353 2383 1556 2430 venereis
1586 2383 1831 2430 levioribus
1846 2417 1858 2435 ‚
1881 2388 1925 2428 δε
1943 2381 2102 2445 quibus
2120 2379 2307 2427 videba-

471 2473 541 2502 tur
575 2454 816 2516 diligenter
845 2447 1077 2497 occursum
1105 2446 1192 2493 effe
1214 2481 1226 2498 ‚
1258 2447 1306 2492 in
1336 2447 1458 2494 luem
1494 2466 1732 2495 veneream
1763 2448 2070 2493 confirmatam
2105 2443 2306 2491 citissime

470 2521 699 2567 incidant?
740 2517 830 2563 Alii
858 2514 1012 2561 contra
1033 2513 1056 2557 a
1077 2511 1246 2559 morbis
1274 2511 1485 2559 similibus
1500 2546 1512 2564 ‚
1532 2514 1625 2559 imo
1649 2513 1783 2559 etiam
1808 2511 2141 2576 urgentioribus
2161 2516 2204 2557 &
2225 2527 2306 2556 ne-

473 2586 621 2648 glestis
648 2583 718 2629 vel
751 2582 921 2627 nullum
950 2578 1021 2625 vel
1053 2577 1152 2623 leve
1186 2581 1231 2622 &
1263 2577 1438 2624 tardum
1472 2577 1686 2624 damnum
1715 2578 1972 2641 patiantur?
2009 2580 2103 2623 Cur
2133 2576 2181 2620 in
2211 2574 2305 2621 aliis

473 2653 565 2697 lues
593 2648 828 2710 malignior
855 2645 963 2690 diris
989 2641 1293 2705 symptomatis
1319 2640 1536 2688 ferociat?
1570 2648 1622 2688 In
1650 2642 1741 2688 aliis
1763 2643 1916 2689 contra
1941 2640 2060 2688 mitis
2080 2640 2128 2686 fit
2154 2644 2196 2686 δέ
2228 2640 2307 2688 be-

474 2716 641 2779 nigna?
681 2716 774 2760 Cur
799 2710 1001 2758 celeriter
1025 2706 1162 2753 modo
1180 2740 1193 2758 ‚
1225 2706 1362 2752 modo
1385 2707 1491 2754 verb
1510 2708 1634 2755 tarde
1653 2707 1893 2772 procedat?
1917 2712 2002 2754 &c-

1240 2869 1539 2913 *satas*

1284 2915 1497 2954 *aaa*

1322 2958 1449 3040 *2*
