2477 3643
234 2305 388 2344 Curatio

177 2358 392 2396 ulcusculo-

179 2423 277 2454 tum.

450 151 548 200 ηρ
809 136 918 184 DE
986 138 1938 191 Moass1stNER21s

446 232 533 280 gna
549 245 562 267 ,
584 211 895 280 phagaedenica
913 212 1011 264 sunt
1026 251 1040 271 ,
1059 216 1329 282 potiffimum
1353 216 1380 265 fi
1404 218 1782 283 praete'rnaturales
1811 220 2013 287 ptaeputii
2033 235 2108 269 aut
2124 220 2288 270 balani.

444 281 496 326 in
517 279 623 327 viris
641 298 652 333 ·,
671 281 721 326 in
743 279 939 329 foeminis
965 282 1076 330 vero
1091 299 1245 328 earum
1273 281 1473 347 pudendi
1496 284 1685 348 partium
1702 318 1716 338 ,
1743 302 1849 349 quas
1864 284 2070 333 obsident
2089 320 2102 340 ,
2129 288 2278 334 tuthe-

447 343 664 391 fafflones
676 345 875 393 inferant
891 380 904 400 ,
926 346 1047 393 unde
1060 345 1269 411 phimofis
1282 380 1296 401 ‚
1311 347 1627 414 paraphimosis
1642 382 1656 404 ,
1674 349 1920 413 crystallina
1933 355 2021 398 &c.
2040 350 2096 399 de
2112 351 2276 416 quibus

446 411 735 474 cap.sbquenti
753 449 768 464 ,
798 422 874 470 §§.
907 428 939 455 1.
963 410 1014 458 Θ
1034 428 1072 455 2.

516 482 578 536 30.
599 474 804 520 Tandem
820 491 902 540 pro
918 474 1160 540 deploratis
1174 474 1397 529 habenda,
1418 475 1448 522 si
1464 493 1516 524 ex
1534 476 1852 526 tumefastione
1869 479 2005 526 nimia
2021 513 2033 532 ,
2048 493 2121 525 aut
2138 480 2279 526 acrio-

446 538 508 585 ris
540 539 737 601 contagii
757 540 936 585 venerei
956 539 1132 587 rosione
1161 541 1304 604 prima
1329 559 1568 606 appareant
1598 543 1853 607 incipientis
1886 561 2127 609 gangraenae
2158 543 2279 608 ligna.

446 605 496 649 in
534 603 730 668 partibus
761 603 1037 650 tumentibus
1067 621 1141 651 aut
1167 606 1430 652 exulceratis
1448 640 1462 660 ,
1491 605 1592 652 cum
1623 607 1726 653 huic
1753 608 1917 655 morbo
1947 610 2122 658 mederi
2155 609 2280 657 nulli

445 685 541 715 arte
568 669 698 715 liceat
718 702 730 719 ‚
757 667 835 712 nifi
857 668 1104 732 periculosa
1129 671 1431 735 extirpatione
1448 706 1459 725 ,
1480 688 1527 718 ut
1547 671 1776 718 videbitur
1805 688 1897 738 cap.
1915 676 2126 738 sbqnenti,
2142 684 2179 730 §.
2194 695 2234 735 3.

504 741 573 791 40.
601 732 823 778 Caeterum
845 732 1064 780 ulcuscula
1083 734 1235 782 omnia
1252 769 1265 788 ‚
1285 751 1528 801 utcumque
1554 735 1774 783 mitissima
1793 738 2031 786 videantur
2050 774 2062 794 ,
2091 740 2139 786 id
2164 756 2280 805 pro-

446 798 594 862 prium
630 797 795 843 habent
814 831 828 850 ,
854 798 977 861 quod
1009 798 1128 845 luem
1158 800 1231 847 vel
1250 801 1508 864 praesentem
1529 803 1785 848 attestentur
1806 835 1820 855 ,
1852 803 1926 850 vel
1944 802 2139 851 futuram
2164 822 2279 870 prae-

446 863 671 908 nuntient.
707 862 970 910 Praesentem
996 864 1182 927 quidem
1210 867 1493 919 attestantur,
1525 866 1554 912 fi
1584 866 1673 913 sine
1707 866 1904 932 suspectp
1932 868 2176 916 concubitu
2206 888 2280 934 ap-

443 942 626 989 pareant
646 961 657 978 ,
689 927 903 990 quoniam
931 929 955 974 a
985 928 1152 976 latente
1180 947 1358 977 veneno
1393 949 1444 979 ea
1473 931 1663 996 produci
1695 931 1920 979 neceffum
1952 935 2025 980 est.
2069 937 2277 981 futuram

442 991 555 1038 vero
575 993 878 1056 praenunciant
896 1027 910 1046 ‚
927 992 958 1039 si
978 993 1032 1040 ab
1055 994 1234 1060 impuro
1253 996 1498 1042 concubitu
1515 996 1774 1043 immediate
1805 997 2110 1061 producantur
2128 1032 2140 1051 ,
2162 1016 2278 1063 quo-

444 1056 568 1102 niam
598 1055 716 1103 intro
749 1057 982 1104 admiffum
1016 1059 1137 1106 vitus
1165 1077 1389 1125 arguunt,
1421 1061 1546 1125 quod
1574 1061 1598 1107 a
1627 1060 1841 1125 sanguine
1875 1061 2013 1111 semel
2042 1080 2281 1127 exceptum

445 1136 529 1167 nec
551 1121 756 1183 parciore
782 1140 890 1186 pure
917 1123 971 1169 ab
1000 1123 1231 1172 ulcusculis
1256 1141 1465 1173 manante
1494 1125 1595 1172 satis
1625 1144 1822 1190 unquam
1848 1127 2132 1182 exhaustum,
2158 1129 2282 1177 luem

446 1202 689 1233 veneream
710 1186 891 1235 tandem
912 1189 1154 1252 aliquando
1175 1191 1341 1238 tardius
1361 1190 1547 1239 citiusve
1573 1191 1802 1238 illaturum
1819 1190 1884 1238 fit.

518 1260 584 1315 50.
621 1251 930 1300 Nihilominus
961 1270 1111 1302 tamen
1135 1255 1253 1302 ultro
1280 1255 1593 1303 confitendum
1620 1272 1903 1321 compertum
1929 1254 2016 1306 effe
2041 1256 2281 1321 experien-

446 1313 511 1361 tia
528 1316 768 1363 nonnullos
785 1351 797 1369 ,
827 1318 905 1382 qui
921 1320 1123 1366 venereis
1137 1321 1368 1368 ulcusculis
1394 1321 1504 1367 olim
1527 1321 1790 1368 laboravere
1808 1355 1820 1374 ,
1837 1322 1977 1369 vitam
1993 1321 2160 1368 deinde
2183 1339 2281 1367 om·-

448 1397 554 1426 nem
574 1379 811 1444 transigere
828 1383 851 1429 a
872 1400 1155 1448 quocumque
1176 1385 1258 1432 luis
1279 1385 1572 1450 symptomate
1592 1386 1720 1451 plane
1739 1386 1987 1433 immunem
2001 1418 2014 1438 ,
2051 1385 2139 1432 five
2156 1386 2281 1450 quod

445 1443 646 1510 suscepta
675 1447 838 1493 veneni
865 1448 1086 1511 quantitas
1108 1451 1317 1497 remediis
1342 1450 1493 1497 forsan
1511 1450 1622 1496 olim
1649 1450 1834 1497 discuffa
1849 1451 1899 1496 fit
1918 1484 1930 1503 ‚
1947 1448 2034 1497 five
2053 1451 2176 1513 quod
2195 1470 2281 1516 op-

449 1509 559 1555 tima
572 1544 585 1563 ,
605 1509 691 1574 qua
707 1510 774 1556 illi
788 1511 935 1558 valent
951 1519 967 1564 ‚'
978 1514 1292 1562 constitutione
1307 1514 1460 1562 sensim
1477 1516 1526 1561 in
1545 1514 1757 1580 sanguine
1774 1516 1946 1562 domita
1974 1513 2112 1562 fuerit
2142 1532 2278 1580 atque

448 1574 653 1638 superata
674 1608 687 1627 ‚
709 1591 755 1621 ut
776 1574 900 1641 supra
922 1578 1115 1624 vidimus
1135 1585 1243 1643 Cap.
1270 1600 1305 1643 5.
1327 1580 1448 1626 Libri
1474 1585 1542 1626 ΙΙ.

511 1647 578 1684 60.
620 1641 905 1705 Quapropter
933 1641 1009 1689 etsi
1041 1643 1264 1690 ulcuscula
1293 1661 1514 1698 venerea,
1542 1642 1573 1689 si
1599 1642 1709 1689 olim
1734 1641 1962 1708 praegressa
1990 1642 2103 1696 sint,
2134 1642 2283 1693 laten-⁸¹

448 1702 504 1748 tis
528 1704 612 1750 luis
637 1722 836 1751 venereae
863 1705 1159 1772 suspicionem
1189 1714 1283 1772 jure
1300 1710 1543 1774 importare
1567 1708 1807 1755 videantur
1822 1742 1834 1760 ‚
1861 1707 1981 1754 haud
1999 1723 2148 1756 tamen
2171 1709 2280 1758 licet

446 1767 535 1814 hoc
571 1769 705 1815 unico
742 1787 1008 1833 argumento
1036 1790 1203 1837 aegrum
1231 1774 1511 1822 friEtionibus
1541 1772 1884 1838 praecipitantius
1917 1773 2130 1821 damnare
2149 1808 2163 1828 ,
2200 1775 2282 1822 nisi

447 1831 574 1880 simul
603 1834 829 1881 accesserit
860 1837 1123 1884 adminiculi
1155 1839 1286 1885 instar
1318 1839 1781 1904 pathognomonicum
1817 1837 2050 1901 quoddam
2081 1838 2283 1904 sympto-

447 1914 522 1942 ma
540 1931 552 1949 ,
585 1899 657 1946 vel
676 1899 1010 1962 :equivocorum
1043 1902 1389 1967 symptomatum
1410 1905 1508 1950 talis
1526 1903 1765 1964 syndrome
1785 1920 1879 1967 qua:
1894 1902 2281 1967 pathognomoni-

451 1978 506 2006 co
532 1961 654 2024 figno
686 1965 965 2028 aequipolleat
986 2000 998 2018 ‚
1031 1967 1150 2013 unde
1180 1969 1306 2032 poffit
1331 1969 1509 2017 latentis
1534 1969 1619 2015 luis
1647 1969 1810 2017 veritas
1835 1966 1998 2016 certius
2025 1967 2210 2033 colligi,
2232 1984 2283 2018 ut

423 2044 430 2049 ·
454 2025 573 2072 infra
595 2027 850 2082 videbitur,
883 2031 981 2079 Lib.
1007 2035 1094 2079 IV.
1121 2037 1231 2097 Cap.
1256 2052 1299 2092 4.

1021 2162 1718 2220 9V.CURAT1o

516 2284 563 2331 Si
593 2284 841 2339 ulcuscula,
875 2303 969 2349 quae
998 2287 1164 2336 cariem
1191 2289 1391 2355 pudendi
1419 2289 1724 2341 constituunt,
1760 2288 1784 2333 εὶ
1815 2286 1982 2334 latente
2009 2288 2082 2335 lue
2111 2288 2281 2353 depen-

453 2348 612 2403 deant,
640 2349 815 2396 infeffis
844 2369 930 2397 una
955 2352 1064 2398 salus
1089 2356 1148 2401 cst
1167 2388 1180 2407 ,
1205 2355 1419 2401 morbum
1442 2356 1579 2419 quam
1603 2353 1807 2415 ocyssime
1832 2352 2111 2400 frictionibus
2136 2355 2282 2400 eradi-

453 2431 554 2460 care
588 2419 709 2476 juxta
732 2416 997 2462 methodum
1022 2417 1136 2464 infra
1158 2420 1437 2467 tradendam.
1473 2425 1500 2467 F
1507 2419 1707 2468 tustratio
1729 2419 1849 2465 enim
1868 2435 1961 2464 non
1982 2418 2154 2464 curatio
2175 2418 2285 2466 esset

452 2479 574 2526 virus
602 2480 849 2526 levioribus
881 2482 1085 2528 remediis
1115 2502 1374 2549 oppugnare
1393 2518 1404 2537 ‚
1435 2485 1561 2549 quod
1591 2483 1920 2547 mitigationem
1952 2484 2152 2535 nullam,
2187 2501 2283 2546 quae

457 2544 666 2591 diuturna
691 2545 739 2590 fit
759 2581 768 2596 ,
799 2545 995 2592 admittit
1014 2581 1026 2598 ,
1060 2552 1106 2593 δε
1135 2551 1259 2612 quod
1285 2550 1315 2595 si
1343 2549 1584 2614 aliquando
1614 2548 1751 2614 sopiri
1777 2548 1978 2595 videatur
1996 2581 2009 2600 ,
2040 2547 2151 2594 solet
2172 2548 2282 2596 inde

455 2608 587 2655 brevi
608 2610 802 2655 ferocius
823 2610 1145 2658 recrudescere.

518 2675 615 2718 Imo
635 2676 741 2720 vero
761 2675 816 2720 ad
835 2674 926 2739 ipsa
946 2676 1165 2723 ulcuscula
1186 2711 1198 2730 ,
1227 2695 1320 2742 quoe
1342 2678 1365 2724 εὶ
1386 2678 1555 2725 recenti
1574 2677 1817 2725 concubitu
1844 2675 2152 2740 producuntur
2173 2710 2185 2729 ‚
2208 2691 2278 2722 tu-

453 2737 661 2783 tiffimum
683 2738 801 2784 foret
820 2739 1024 2785 eamdem
1044 2742 1309 2788 methodum
1328 2743 1468 2789 statim
1495 2744 1716 2808 experiri,
1744 2741 1844 2788 cum
1862 2758 1916 2787 eo
1939 2739 2111 2785 tantum
2139 2741 2280 2787 modo

453 2802 575 2849 virus
602 2803 904 2866 quodcunque
935 2803 1134 2868 sanguini
1166 2807 1275 2853 inest
1295 2842 1308 2860 ,
1336 2806 1530 2871 perfecte
1553 2807 1684 2854 educi
1712 2822 1785 2852 aut
1812 2805 2013 2868 extingui
2037 2804 2162 2868 poffit
2188 2806 2277 2852 sine

453 2865 546 2911 ullo
573 2867 778 2914 recidivae
807 2869 1006 2932 periculo
1022 2903 1035 2923 ‚
1061 2871 1186 2936 quod
1215 2872 1269 2919 ab
1296 2873 1391 2920 aliis
1419 2872 1644 2919 methodis
1670 2871 1790 2917 haud
1815 2870 1876 2915 ita
1901 2869 2024 2917 certo
2045 2873 2278 2935 expestare

456 2930 601 2977 liceat.

518 3003 729 3044 Attamen
756 2999 969 3062 quoniam
997 3016 1260 3064 aegrotantes
1288 3001 1342 3048 ab
1369 3000 1625 3066 operosiore
1655 3000 1911 3048 fridrionum
1942 2997 2159 3044 methodo
2187 2996 2277 3061 ple-⁴

455 3076 643 3125 fflquC
664 3062 908 3111 abhorrent
926 3098 937 3116 ³
960 3067 1123 3130 quippe
1155 3068 1232 3131 qui
1261 3066 1506 3114 leviusculo
1529 3066 1646 3112 malo
1668 3066 1711 3113 se
1735 3064 1912 3112 affedtos
1943 3063 2027 3109 effe
2057 3062 2277 3107 arbitran-

455 3139 556 3177 tur,
579 3126 782 3189 cogimur
809 3144 855 3172 ut
882 3130 1120 3191 plurimum
1148 3132 1359 3178 breviore
1385 3130 1457 3177 via
1482 3131 1759 3179 curationem
1785 3128 1969 3193 aggredi
1989 3131 2108 3187 juxta
2128 3125 2275 3171 thera-

455 3190 600 3251 peiam
627 3191 767 3240 modi)
796 3193 1057 3242 tradendam
1077 3229 1090 3250 ,
1117 3214 1211 3260 quae
1239 3198 1344 3247 licet
1372 3196 1428 3245 ad
1457 3194 1676 3244 ulcuscula
1693 3230 1708 3251 ,
1735 3212 1830 3259 qua:
1850 3192 1917 3258 ab·
1934 3189 2182 3237 inveterata
2200 3189 2275 3246 lue
