2477 3643
151 420 196 455 13
212 436 218 443 .
235 404 356 442 Efflu-

127 471 197 497 xus
215 457 244 495 sc
253 454 357 493 m÷nis

124 510 184 547 vel
203 509 355 546 semina-

123 563 169 599 lis
190 559 360 599 humoris

126 614 308 650 dilutioris

127 672 161 704 &
180 663 334 702 acrioris
349 689 361 706 ‚

128 717 187 755 sed
219 717 283 768 qui
299 730 357 754 co-

130 769 245 806 lorem
273 768 363 805 nati-

130 834 219 858 vum
249 822 341 858 reti-

130 885 205 911 net.

133 1388 190 1425 11.
207 1389 246 1425 In
260 1398 365 1422 mot-

135 1439 185 1476 bo
214 1440 367 1490 gravio-

137 1504 173 1527 x:
205 1496 238 1529 &
265 1490 367 1529 diffi-

136 1544 272 1581 ciliore.

180 1781 213 1807 1.
230 1768 273 1804 In
287 1766 372 1804 viris

140 1821 335 1872 perinaeum
361 1845 372 1862 ‚

140 1874 180 1910 in
207 1870 260 1910 foe
269 1872 373 1907 minis

142 1924 254 1961 vulva
269 1929 300 1959 ὃ(
315 1935 377 1959 va-

141 1977 227 2027 gina
245 1976 361 2012 calent

143 2034 178 2066 ὃ(
195 2026 337 2063 dolent.

202 2110 235 2135 2.
259 2099 376 2136 Efflu-

145 2162 213 2189 xus
236 2150 378 2188 humo-

143 2203 195 2241 1is
215 2230 226 2247 ,
242 2204 327 2242 flivi
344 2230 353 2242 .

142 2257 287 2299 crocei,
303 2255 380 2293 sub—

145 2308 246 2346 flavi.

172 2553 201 2586 3.
223 2536 304 2574 lm&
322 2535 381 2573 Vi-

150 2591 234 2626 ridis
256 2617 266 2633 ‚
295 2601 358 2624 aut

151 2655 192 2678 ex
208 2639 384 2678 flavo-vi-

154 2691 370 2731 ridelcentis.

215 3137 249 3168 4·
273 3126 388 3160 Acer-

163 3175 281 3221 §iores
299 3174 364 3224 dy-

397 119 492 166 '130'
747 116 857 160 DE
927 109 1904 158 MORBISVENEREIS.

398 211 552 242 rantur
572 191 759 240 uberius.
790 192 910 237 Hinc
928 207 1036 253 ergo
1055 189 1225 253 copiosus
1246 191 1291 231 δε
1302 188 1488 250 perennis
1510 187 1674 247 efflnxns
1687 185 1849 243 ftminis
1871 198 1941 232 aut
1955 187 2088 248 fluidi
2100 191 2230 251 semi-¹

398 263 504 306 milis
521 299 534 313 ‚
555 257 777 304 dilutioris
794 291 806 309 ,
825 255 1049 302 calidioris
1064 288 1076 307 ,
1106 252 1289 298 acrioris
1305 285 1317 304 ‚
1339 255 1460 312 cujus
1484 250 1577 313 jugi
1600 249 1883 296 distillatione
1903 252 2052 300 omnia
2077 243 2250 319 ingra-i

401 324 584 370 vescunt
604 329 648 368 δέ
669 321 1002 369 exacerbantur.

471 390 562 452 13⁰.
597 392 758 433 Semen
777 402 923 431 autem
940 418 952 436 ,
977 383 1171 428 fluit-lave
1196 378 1422 427 seminalia
1443 412 1456 431 ‚
1480 394 1579 443 quae
1605 378 1651 424 in
1675 377 1757 424 hac
1783 378 2062 441 gonorrhoeoe
2088 381 2232 446 specie

403 453 427 499 εὶ
449 451 716 517 genitalibus
742 450 951 496 distillant
968 483 979 500 ‚
1009 465 1276 510 quamquam
1307 445 1448 491 diluta
1464 478 1476 496 ,
1501 444 1618 489 acria
1637 477 1648 494 ,
1681 444 1869 490 calentia
1894 444 2004 497 fint,
2032 448 2234 494 nativum

405 535 552 565 tamen
573 520 736 563 colorem
755 513 849 560 fere
869 518 1035 558 retinent
1054 551 1067 565 ,
1086 512 1297 556 nimirum
1326 509 1566 555 albicantem
1597 508 1666 552 vel
1700 508 1754 553 ad
1787 508 2005 554 summum
2038 528 2091 557 ex
2120 512 2237 558 albo-

407 587 604 630 cinerenm
621 621 634 634 ,
656 580 869 643 quoniam
889 578 1053 624 sincera
1083 576 1182 622 sunt
1208 592 1290 621 nec
1316 574 1451 620 ullam
1475 572 1607 618 alieni
1628 572 1828 619 humoris
1848 575 2084 620 mixturam
2103 594 2237 640 expe-

408 649 610 697 riuntur,
630 662 720 707 quo
738 643 861 708 poffit
880 642 1031 688 nativa
1056 640 1190 686 facies
1220 638 1446 703 corrumpi
1472 637 1543 684 vel
1562 637 1800 698 inquinari.
1836 639 1906 684 Sic
1932 641 1978 684 in
1998 641 2241 705 peripneu-

409 710 558 759 monia
589 709 832 772 incipiente
864 706 936 753 vel
968 706 1091 757 levi,
1125 705 1201 751 ubi
1237 705 1356 750 nulla
1386 703 1501 748 adest
1533 701 1825 748 extravasatio
1852 721 1924 749 aut
1952 703 2237 769 suppuratio,

409 778 530 842 sputa
554 776 657 821 licet
675 773 843 819 caleant
865 777 910 817 &
933 771 1049 817 acria
1067 769 1147 814 finr
1164 803 1176 822 ,
1205 786 1399 815 attamen
1416 767 1537 814 mere
1568 765 1778 830 pituitosa
1804 770 1902 813 sunt
1919 802 1932 821 ‚
1961 785 2094 832 atque
2119 770 2237 818 adeo

410 845 434 888 ὲ
452 837 895 887 cinereo-albicantia
909 871 920 888 ‚
941 835 1141 899 quandiu
1162 833 1260 881 sunt
1279 833 1579 897 impermixta.

474 910 535 951 Ea
562 904 673 949 solet
698 902 782 949 effe
804 901 948 948 morbi
968 900 1179 965 periodus
1207 901 1253 945 in
1287 899 1456 944 leviore
1482 896 1752 959 gomorrhaea
1781 913 1876 959 quae
1908 896 1956 941 fit
1985 897 2007 942 a
2036 897 2239 963 phlogos}

409 971 483 1016 vel
502 970 526 1015 a
550 967 736 1032 simplici
756 965 1177 1030 conceptaculorum
1198 963 1374 1010 seminis
1393 961 1744 1008 inflammatione
1770 960 1857 1007 fine
1886 963 2239 1011 extravasatione

413 1040 458 1081 δέ
486 1031 847 1083 exulceratione,
875 1037 920 1077 &
946 1048 1038 1094 quae
1073 1029 1264 1075 maxime
1299 1028 1345 1073 in
1375 1025 1688 1090 aegrotantibus
1710 1026 1878 1090 optime
1905 1028 2146 1074 constitutis
2164 1063 2177 1081 ,
2196 1034 2243 1075 &t

409 1099 456 1146 in
476 1098 633 1162 quibus
653 1114 748 1143 tum
777 1097 801 1141 a
832 1095 1042 1159 sanguine
1066 1095 1226 1140 vitium
1246 1128 1258 1146 ‚
1280 1110 1374 1138 tum
1405 1092 1458 1137 ab
1487 1091 1650 1136 affectis
1683 1091 1879 1154 partibus
1915 1090 2033 1137 abest
2061 1109 2242 1140 antece-

410 1165 520 1210 dens
547 1163 666 1209 labes
681 1195 693 1214 ‚
721 1162 838 1207 intra
866 1159 1065 1208 mensem
1085 1176 1219 1204 unum
1246 1160 1508 1224 plerumque
1531 1155 1705 1201 sanatur
1724 1188 1736 1207 ‚
1757 1155 1895 1201 modo
1913 1156 2208 1205 inflammatio
2225 1193 2240 1211 ,

408 1246 505 1292 quae
538 1226 702 1274 affestis
729 1225 926 1291 partibus
956 1225 1136 1271 industa
1159 1225 1217 1270 est
1236 1258 1247 1276 ,
1270 1221 1463 1288 provido
1485 1219 1790 1268 remediorum
1822 1219 1901 1266 usu
1930 1226 1975 1267 &
2007 1221 2144 1267 diaetae
2167 1240 2241 1271 re-

412 1294 582 1357 gimine
605 1292 694 1338 sine
714 1291 919 1354 graviore
940 1289 1056 1334 noxa
1076 1287 1338 1335 resolvatur.

478 1363 547 1404 II.
588 1356 762 1402 Co'ntra
784 1356 895 1402 vero
919 1354 947 1399 fi
978 1353 1115 1399 nimia
1142 1352 1279 1398 fuerit
1307 1350 1475 1397 admissi
1506 1349 1703 1413 contagii
1723 1348 1969 1395 acrimonia
1989 1350 2060 1396 vel
2083 1351 2241 1415 copia3

412 1422 444 1467 fi
462 1421 806 1468 inflammationi
826 1419 955 1465 nullis
982 1419 1052 1465 vel
1083 1416 1382 1463 inefficacibus
1406 1416 1613 1462 remediis
1636 1430 1895 1460 occurratur
1915 1433 1926 1468 3
1949 1414 1978 1459 si
2007 1433 2134 1461 error
2161 1416 2242 1461 ad-

414 1487 615 1533 mittatur
636 1486 683 1530 in
704 1485 829 1531 diaeta
851 1484 996 1547 gravis
1016 1517 1028 1535 ,
1048 1483 1280 1546 multiplex
1301 1501 1311 1534 ¹>
1333 1481 1362 1526 si
1397 1479 1569 1543 sanguis
1597 1480 1643 1525 in
1673 1495 1913 1542 aegrotante
1942 1496 2097 1543 peccet
2129 1482 2243 1526 acri-

414 1551 566 1598 monia
582 1586 594 1603 ,
625 1566 697 1596 aut
723 1549 753 1594 fi
782 1551 880 1595 loca
900 1547 1053 1594 affecta
1072 1547 1168 1593 labe
1189 1546 1333 1610 aliqua
1354 1545 1466 1591 male
1485 1544 1603 1608 prius
1623 1543 1861 1590 habuerint
1880 1577 1893 1595 ‚
1921 1546 2072 1590 omnia
2102 1545 2244 1592 solent

414 1616 522 1663 inde
541 1615 716 1662 intendi
734 1648 746 1666 ,
762 1614 809 1659 in
830 1617 951 1678 pejus
970 1612 1190 1676 gradatim
1211 1629 1340 1658 ruere
1357 1644 1369 1662 ‚
1393 1616 1436 1656 δέ
1459 1610 1514 1655 ad
1534 1627 1636 1656 eum
1658 1609 1842 1672 gradum
1863 1609 2041 1655 tandem
2061 1610 2247 1664 deduci,

414 1682 491 1746 qui
517 1682 708 1726 summus
729 1681 787 1725 est
805 1678 952 1724 morbi
974 1681 1116 1724 status.

481 1749 661 1810 Nempe
690 1745 747 1788 1⁰.
783 1747 1001 1791 Perinaenm
1023 1741 1205 1805 quidem
1225 1739 1269 1786 in
1291 1739 1395 1786 viris
1413 1773 1426 1792 ‚
1450 1740 1498 1784 in
1517 1736 1713 1784 foeminis
1733 1737 1842 1784 vero
1860 1740 1998 1783 vulva
2018 1737 2067 1784 (ᾗ
2085 1744 2250 1802 vagina

418 1809 588 1874 impensi
616 1811 744 1856 calent
765 1847 780 1862 ‚
801 1823 948 1854 tument
970 1846 982 1861 ,
1004 1809 1166 1866 dolent„
1193 1804 1313 1867 quod
1334 1805 1381 1849 in
1409 1804 1515 1849 viris
1546 1803 1752 1848 substrata
1771 1802 1963 1866 perinaeo
1984 1835 1996 1854 ‚
2022 1802 2070 1847 in
2095 1801 2246 1849 foenii-

419 1877 486 1920 nis
507 1874 640 1920 adsita
658 1872 738 1918 sint
758 1873 898 1919 vulva:
918 1890 964 1917 ac
993 1871 1159 1934 vaginae
1190 1869 1505 1934 conceptacula
1522 1867 1699 1915 seminis
1718 1901 1731 1920 ,
1757 1884 1850 1930 quae
1876 1868 2247 1929 gravitentantur

420 1938 788 1986 inflammatione.

498 2008 564 2050 2⁰.
599 2008 779 2049 interna
826 1998 1248 2063 conceptaculorum
1277 1997 1412 2043 facies
1463 1997 1636 2043 seminii
1673 1994 1887 2041 morsibus
1927 1996 2100 2055 objecsta
2142 1996 2248 2042 vio-

422 2069 553 2115 lentis
583 2065 919 2132 crispationibus
947 2062 1245 2114 discinditur,
1277 2063 1348 2108 vel
1379 2062 1546 2108 iteratis
1577 2060 1899 2124 punffiunculis
1931 2061 2111 2107 tandem
2145 2079 2248 2107 ero-

424 2133 557 2179 ditur.
585 2135 716 2177 Tunc
745 2148 852 2193 ergo
876 2145 1024 2174 rorant
1043 2147 1096 2174 ex
1117 2128 1275 2173 hiulcis
1294 2126 1399 2173 vafis
1417 2126 1596 2189 guttulae
1619 2124 1839 2188 sanguinis
1855 2158 1868 2176 ,
1887 2125 2048 2185 quibus
2068 2125 2245 2179 dilutis³

426 2194 616 2243 confufis
631 2230 644 2250 ,
663 2196 820 2241 intime
850 2194 1102 2241 commixtis
1123 2193 1295 2238 nativus
1321 2191 1499 2238 seminis
1515 2224 1527 2243 ‚
1548 2205 1622 2235 aut
1649 2188 1867 2235 seminalis
1888 2188 2015 2235 fluidi
2035 2191 2160 2236 color
2182 2191 2247 2237 in-

424 2262 586 2309 ficitur.
622 2262 742 2307 Hinc
773 2276 909 2307 crocea
932 2259 1089 2320 ,flava
1109 2291 1120 2309 ‚
1141 2255 1693 2317 autfitbflavafiuntflnida
1723 2257 1798 2298 illa
1814 2257 2055 2313 fimimzlia,
2075 2273 2170 2318 quae
2196 2256 2244 2302 in

427 2326 698 2390 gonorrhoea
733 2324 858 2388 gravi
888 2323 1092 2369 distillant
1124 2340 1135 2375 3
1167 2321 1287 2367 haud
1312 2319 1475 2384 dispari
1501 2321 1673 2366 ratione
1710 2336 1758 2363 ac
1794 2318 1842 2362 in
1878 2319 2246 2382 peripneumonia

429 2392 551 2456 sputa
576 2390 689 2437 flava
704 2425 716 2443 ,
744 2390 817 2436 seu
846 2386 991 2453 potius
1009 2385 1265 2450 rubiginosa
1283 2385 1378 2432 tuffi
1397 2385 1632 2447 ejiciuntur
1649 2417 1663 2436 ,
1681 2382 1856 2446 quoties
1872 2379 2020 2430 infuso
2039 2384 2249 2449 sanguine

429 2475 571 2522 pauco
592 2457 744 2502 vitiata
766 2454 876 2499 sunt.

506 2525 566 2581 3⁶.
603 2518 1017 2583 Ingravescentibus
1039 2516 1192 2562 sensim
1210 2515 1363 2578 primis
1390 2513 1475 2559 illis
1496 2510 1680 2558 scissuris
1698 2546 1711 2565 ‚
1737 2511 1957 2558 ulcuscula
1986 2511 2034 2557 in
2063 2531 2255 2579 concep-

433 2585 586 2631 taculis
605 2599 875 2647 generantur
894 2617 906 2635 ‚
935 2583 1021 2627 lata
1056 2582 1125 2627 vel
1160 2581 1320 2643 exigua
1338 2613 1351 2632 ,
1379 2578 1463 2625 alta
1485 2577 1876 2641 velsuperficiaria
1897 2610 1909 2628 ‚
1939 2578 2149 2641 pauciora
2178 2580 2252 2626 vel

434 2648 737 2695 numerosiora
764 2681 777 2700 ,
809 2666 890 2711 pro
922 2645 1119 2707 contagii
1147 2645 1191 2689 vi
1220 2678 1232 2696 ,
1264 2643 1485 2706 sanguinis
1519 2641 1762 2687 acrimonia
1788 2674 1800 2693 ,
1840 2657 1913 2686 aut
1953 2642 2084 2704 partis
2123 2643 2256 2707 ipsius

433 2714 626 2760 mollitie
644 2731 655 2765 3
676 2712 795 2758 unde
816 2729 893 2776 pus
918 2709 1111 2756 saniesve
1131 2709 1294 2771 jugiter
1328 2722 1534 2758 manant,
1565 2706 1724 2769 quibus
1751 2705 1888 2750 fluida
1910 2704 2135 2752 seminalia
2162 2712 2251 2769 jam

436 2778 550 2825 flava
572 2777 707 2824 viridi
737 2776 807 2822 vel
833 2794 884 2822 ex
915 2775 1033 2821 flavo
1063 2773 1198 2819 viridi
1224 2772 1375 2818 colore
1406 2772 1652 2835 tinguntur.
1688 2770 1807 2816 Hinc
1840 2771 2089 2832 profluvium
2114 2773 2252 2818 humo-

437 2849 492 2889 ris
515 2843 703 2907 spiffioris
724 2880 738 2895 ‚
760 2843 928 2887 acrioris
947 2878 963 2894 ,
995 2840 1189 2898 corrostvi
1209 2876 1223 2891 ,
1246 2840 1451 2901 purulenti
1471 2875 1486 2890 ,
1510 2836 1662 2880 viridis
1689 2850 1758 2881 aut
1785 2852 1835 2879 ex
1854 2835 2251 2895 flavo-viridescen-

438 2911 488 2953 tis
503 2947 516 2960 ‚
545 2907 622 2971 qui
644 2924 696 2953 ex
720 2905 884 2952 semine
911 2903 984 2952 vel
1016 2902 1213 2949 seminali
1243 2901 1382 2947 fluido
1400 2935 1412 2953 ,
1432 2899 1690 2965 pauciffimis
1717 2899 1938 2961 sanguinis
1962 2899 2079 2944 stillis
2108 2905 2152 2946 δέ
2173 2901 2252 2946 ali-

438 2989 550 3035 quot
578 2971 695 3034 puris
716 2970 850 3034 guttis
869 2967 1164 3032 componitur.
1201 2966 1271 3013 Sic
1303 2967 1352 3011 in
1384 2964 1750 3030 peripneumonia
1782 2963 1904 3027 sputa
1928 2961 2071 3009 solent
2093 2981 2146 3011 ex
2173 2965 2257 3021 flas

437 3054 497 3083 vo
519 3035 736 3082 virescere
757 3069 769 3086 ,
798 3034 977 3097 quoties
998 3033 1103 3079 latet
1121 3032 1168 3077 in
1198 3033 1377 3095 petitore
1396 3029 1650 3094 suppuratio
1681 3028 1751 3076 vel
1773 3027 2056 3075 exulceratio.

494 3110 561 3158 4⁰.
592 3100 695 3162 jugi
728 3098 907 3145 defluxu
935 3098 1134 3143 humoris
1159 3095 1404 3142 istiusmodi
1422 3128 1435 3147 ,
1467 3094 1713 3146 uberioris,
1741 3092 1922 3138 acrioris
1940 3125 1952 3143 ‚
1979 3092 2083 3138 vere
2118 3111 2250 3157 puru-

438 3164 549 3214 lenti
574 3163 795 3214 necessum
819 3164 877 3211 est
897 3162 1124 3211 urethram
1154 3161 1292 3227 magis
1314 3178 1361 3208 ac
1381 3159 1519 3225 magis
1537 3157 1805 3206 inflammari
1821 3156 1869 3203 in
1888 3155 1982 3205 dies
1999 3174 2011 3210 ·,
2029 3157 2122 3202 imo
2142 3159 2252 3203 vero

2021 3220 2255 3271 ulcusculis
