2477 3643
639 145 920 193 Lissa
978 143 1617 195 1V.CA1’u·r1V.
1900 160 1993 214 335·

223 232 293 281 6⁰.
329 227 510 286 Quanta
531 243 581 274 ac
601 228 848 293 quotuplex
869 227 974 275 inde
995 226 1241 276 sobolescat
1259 246 1312 275 ex
1331 243 1522 292 utroque
1543 226 1685 294 capite
1706 227 1987 281 funfflonum

155 293 273 345 laefio
289 327 300 347 ,
319 293 574 339 animalium
591 325 603 346 ,
630 292 831 338 vitalium
845 327 857 345 ,
880 292 1148 339 naturalium
1161 326 1174 347 ,
1195 308 1538 357 caeterarumque
1553 309 1647 356 quae
1662 292 1717 339 ad
1737 293 1854 341 viros
1872 328 1885 347 ,
1905 296 1984 342 foe-

161 358 359 406 minasve
378 356 623 422 specialiter
642 357 893 421 pertinent?
1388 362 1390 365 ’

212 431 280 482 70.
320 426 390 469 An
417 421 601 468 morbus
625 439 778 469 recens
803 421 855 467 fit
874 455 887 474 ,
915 436 989 467 aut
1016 421 1248 468 diuturnus
1277 426 1324 468 δε
1345 421 1647 470 inveteratus?
1683 423 1755 467 An
1781 422 1983 471 remedia.

155 488 354 535 nondum
377 503 580 552 expertus
606 485 742 533 fuerit
761 500 773 533 Ξ
813 490 884 539 An
907 486 1063 532 contra
1083 486 1282 533 adhibita
1301 488 1422 534 varia
1442 486 1641 534 remedia
1662 489 1750 546 jam
1770 485 1978 533 eluserit}

217 561 284 601 8⁰.
317 552 509 599 Demum
529 570 584 598 an
600 567 861 614 aegrotantes
877 567 1001 597 aetate
1020 585 1033 604 ‚
1048 552 1218 598 viribus
1236 586 1248 605 ,
1270 551 1532 599 habitudine
1550 552 1753 598 valeant?
1777 555 1849 596 An
1866 569 1979 598 con-

152 616 221 665 tra
239 632 363 663 aetate
379 617 505 681 pueri
520 615 601 661 sint
619 632 692 661 aut
710 614 833 663 senes
851 650 862 669 ‚
883 615 1084 680 corporis
1101 615 1257 662 habitu
1282 616 1476 670 infirmi,
1502 615 1672 663 viribus
1693 615 1888 663 exhausti
1905 629 1918 663 Ξ
1967 663 1970 666 ,

214 682 417 728 Secundo.
449 685 612 744 Neque
639 681 862 728 difficilius
889 680 1090 727 futurum
1118 683 1177 727 est
1203 681 1419 743 judicium
1450 679 1597 728 utrum
1626 681 1718 727 lues
1745 679 1836 726 sola
1867 680 1978 727 adfit

148 761 319 798 necne3
349 746 718 809 quandoquidem
742 745 892 792 morbi
916 745 1187 809 quicumque
1206 745 1348 792 solent
1364 765 1463 797 cum
1484 747 1556 793 lue
1574 744 1763 792 venerea
1782 762 1981 792 concur·-

149 826 245 858 rere
263 844 276 863 ,
308 809 381 856 sua
411 810 577 858 habent
603 812 872 876 propriaque
893 809 1188 874 symptomata
1204 844 1217 863 ,
1247 811 1407 875 quibus
1426 811 1603 858 abunde
1623 810 1873 858 declaratur
1891 810 1978 858 fin·-

152 874 363 939 gulorum
384 892 538 921 natura
553 910 565 928 ,
584 875 852 924 inveteratio
868 909 881 928 ,
902 877 1091 921 novitas.
1866 922 1870 926 ,

213 943 246 985 Ι.
287 946 466 986 Natura
499 941 682 1003 quidem
697 974 710 993 ‚
746 939 775 985 fi
808 940 1033 1004 praesentia
1064 939 1147 984 sint
1182 937 1473 1003 symptomata
1490 973 1503 993 ,
1551 957 1646 1004 quae
1680 940 1978 1005 peculiaribus

148 1003 318 1049 morbis
338 1004 576 1067 peculiaria
593 1004 687 1050 fint.
717 1006 785 1051 Sic
803 1021 851 1051 ut
869 1023 960 1051 rem
979 1022 1056 1069 per
1077 1004 1118 1050 se
1142 1002 1319 1050 facilem
1341 1005 1396 1050 ad
1416 1005 1626 1068 pauciora
1645 1006 1845 1068 exempla
1867 1024 1974 1053 con-

148 1067 372 1114 trahamus
391 1103 402 1121 ,
430 1071 595 1114 constat
632 1079 692 1114 10.
729 1067 986 1134 Epilepsiam
1015 1087 1117 1114 curn
1140 1068 1212 1113 lue
1240 1071 1434 1115 venerea
1458 1070 1703 1116 convenire
1721 1104 1734 1123 ‚
1765 1070 1794 1115 fi
1821 1069 1971 1136 syphi-

146 1132 294 1178 liticus
320 1132 384 1179 sui
409 1133 553 1198 impos
581 1151 769 1198 praeceps
797 1134 843 1178 in
873 1150 1034 1179 terram
1062 1133 1314 1180 identidem
1338 1134 1427 1179 ruit
1443 1167 1456 1187 ,
1475 1134 1677 1182 membra
1693 1136 1862 1198 quatit,
1892 1154 1970 1184 ore

148 1195 346 1261 spumat,
369 1199 489 1244 varie
507 1199 775 1244 convellitur
791 1232 802 1250 ‚
824 1195 949 1244 sensu
967 1197 1102 1243 orbus
1123 1199 1195 1243 est.

216 1269 279 1307 20.
314 1262 543 1323 Paralyfim
560 1296 572 1314 ,
603 1261 633 1306 si
662 1281 759 1325 pars
789 1262 987 1325 corporis
1012 1262 1214 1325 quaedam
1238 1278 1320 1308 nec
1348 1259 1473 1309 sensu
1498 1262 1664 1328 polleat
1681 1298 1693 1316 ,
1722 1281 1804 1312 nec
1822 1281 1972 1332 pareat

155 1324 349 1388 imperio
369 1327 611 1372 voluntatis
630 1343 803 1372 motum
823 1326 1027 1387 jubentis.
1987 1373 1990 1375 .

209 1398 272 1451 3⁰.
309 1390 516 1443 Asthma,
547 1390 575 1435 fi
603 1408 715 1454 aeger
741 1391 924 1438 anhelus
953 1396 998 1436 δε
1029 1389 1282 1453 suspiriosus
1308 1389 1384 1437 sed
1414 1390 1439 1436 a
1469 1390 1596 1439 febre
1625 1391 1741 1440 liber
1770 1394 1991 1460 spiritum·

149 1454 401 1501 identidem
423 1455 556 1501 ducat
576 1461 622 1500 &
643 1455 851 1502 crebrum
873 1461 916 1501 δε
939 1453 1182 1501 difficilem.

213 1528 279 1577 40.
317 1519 555 1572 Phthifim,
574 1519 603 1565 si
620 1521 644 1565 a
662 1520 910 1574 febriente,
933 1519 1180 1566 tufficuloso
1196 1553 1209 1572 ,
1232 1517 1512 1567 marasmode
1542 1539 1621 1586 pus
1650 1522 1884 1588 exspuatur
1902 1524 1975 1571 vel

146 1584 271 1650 sputa
289 1601 397 1647 pure
417 1585 616 1647 gravida.
1468 1631 1473 1646 ⁴

212 1658 272 1711 50.
312 1653 506 1694 Strumas
522 1683 534 1701 ‚
565 1647 594 1693 fi
616 1649 830 1712 glandulae
851 1649 1115 1715 limphaticae
1138 1649 1185 1695 in
1208 1647 1328 1694 collo
1345 1682 1357 1702 ,
1388 1649 1445 1695 ad
1468 1650 1689 1696 maxillam
1706 1667 1973 1716 utramque.

147 1712 195 1758 'in
227 1713 393 1765 axillis,
422 1713 468 1757 in
496 1714 752 1776 inguinibus
770 1749 782 1767 ,
822 1716 869 1760 in
895 1715 1027 1762 variis
1063 1730 1239 1760 artuum
1264 1713 1530 1761 internodiis
1553 1720 1639 1761 δίε.
1667 1715 1877 1770 doleant,
1899 1736 1974 1764 ca·

150 1778 271 1826 leant
285 1811 297 1831 ,
321 1793 519 1824 tumeant
535 1812 546 1829 ,
572 1779 839 1826 indurentur
856 1814 867 1832 ,
889 1777 1149 1826 skirrhodes
1170 1778 1291 1823 fiant.

212 1851 278 1887 60.
317 1842 584 1888 Scorbutum
604 1877 615 1894 ,
637 1842 665 1887 s1
687 1845 862 1889 maculae
878 1877 890 1896 ,
921 1845 1051 1896 striae,
1080 1842 1247 1889 vibices
1266 1876 1278 1893 ,
1303 1860 1410 1888 areae
1429 1842 1476 1887 in
1496 1842 1682 1906 pedibus
1704 1844 1882 1891 tibiisve
1904 1864 1978 1909 ap-

147 1922 331 1972 pareant
351 1907 513 1952 coloris
543 1907 755 1959 violacei,
783 1909 1141 1973 atro-purpurei,
1166 1906 1414 1953 livescentis
1441 1913 1528 1953 &c.
1560 1913 1606 1953 &
1634 1906 1665 1952 fi
1690 1909 1879 1971 gingivae
1907 1926 1976 1956 tu-

148 1972 279 2017 midae
293 2004 304 2022 ‚
320 1970 514 2033 fungosae
535 2005 546 2023 ‚
568 1972 776 2019 ulcerosae
795 2006 808 2026 ,
831 1974 966 2037 nigrae
981 2007 994 2027 ‚
1012 1973 1167 2020 dentes
1185 1972 1262 2035 qui
1281 1971 1326 2017 in
1346 1970 1524 2018 sedibus
1542 1972 1732 2020 mobiles
1750 1974 1975 2028 vacillant,

152 2035 529 2100 superemineant.

211 2109 278 2159 70.
318 2099 613 2146 Affee'tionem
641 2100 1108 2166 hypochondriacam',
1140 2099 1169 2145 fi
1192 2117 1306 2164 aeger
1337 2099 1620 2146 meticulosus
1646 2134 1659 2152 ,
1680 2102 1982 2149 melancholi-·>

146 2180 225 2216 cus
241 2200 253 2218 ,
270 2166 443 2228 inquies
459 2201 471 2219 ,
494 2166 550 2211 de
568 2167 822 2218 valetudine
846 2167 974 2212 anxie
992 2166 1224 2230 provideat
1240 2198 1252 2216 ,
1279 2164 1569 2228 symptomata
1587 2182 1876 2231 quaecumque
1896 2187 1975 2232 pa-

150 2230 258 2276 titur
275 2264 286 2281 ,
316 2230 449 2275 etiam
476 2230 688 2276 leviffima
710 2231 857 2278 verbis
874 2246 1114 2295 exaggeret
1128 2264 1142 2283 ,
1163 2235 1208 2276 ὃς
1227 2229 1251 2275 a
1271 2245 1417 2275 morte
1437 2228 1550 2291 quasi
1574 2227 1745 2294 semper
1764 2231 1977 2280 immine-

151 2311 221 2342 ret
235 2329 246 2347 ,
269 2294 348 2340 fibi
366 2294 536 2359 semper
557 2296 725 2341 timeat.

217 2364 287 2404 II.
324 2364 573 2405 Inveeeratio
603 2360 712 2405 vero
730 2394 741 2412 ‚
766 2358 795 2403 si
827 2358 1119 2423 symptomata
1148 2357 1223 2402 illa
1249 2356 1425 2420 singulis
1453 2356 1702 2421 fingulatim
1734 2359 1973 2422 peculiaria

150 2423 293 2468 multo
313 2424 412 2468 ante
442 2424 738 2487 apparuerint.
767 2423 836 2468 Sic
859 2424 999 2485 liquet
1020 2421 1269 2485 epilepsiam
1286 2454 1298 2473 ,
1318 2422 1541 2485 paralysim
1561 2456 1573 2474 ‚
1595 2422 1757 2468 asthma
1772 2457 1786 2476 ,
1820 2424 1972 2488 phthi-

150 2486 228 2532 fim
248 2520 260 2538 ,
284 2489 462 2532 strumas
490 2521 501 2538 ,
539 2487 795 2533 scorbutum
824 2520 836 2539 ,
874 2486 1156 2533 affectionem
1194 2485 1632 2550 hypochondriacam
1657 2520 1668 2538 ‚
1706 2488 1971 2551 caeterosque

153 2550 332 2614 quosvis
359 2551 538 2597 affe-etus
562 2552 639 2614 qui
663 2570 764 2597 cum
784 2552 856 2597 lue
879 2552 1054 2616 possunt
1084 2568 1381 2603 concurrere,
1410 2551 1492 2596 luis
1523 2545 1762 2613 ingressum
1791 2552 1970 2615 praeces-

153 2615 243 2663 siffe
263 2650 274 2668 ,
307 2616 482 2678 quoties
517 2614 807 2680 symptomata
825 2650 835 2667 ,
857 2616 1019 2680 quibus
1046 2615 1328 2677 designantur
1347 2649 1358 2667 ,
1392 2615 1642 2677 antiquiora
1669 2614 1768 2661 sunt
1792 2618 1969 2680 impuro

148 2680 394 2726 concubitu
413 2714 423 2732 ‚
453 2698 543 2744 quo
564 2680 655 2726 lues
687 2680 865 2727 admissa
883 2681 1080 2728 creditur
1102 2699 1113 2732 3
1135 2686 1180 2725 &
1203 2695 1308 2725 tunc
1340 2679 1541 2744 profesto
1566 2679 1750 2726 evidens
1769 2682 1827 2726 est
1852 2699 1971 2727 mor-

151 2744 230 2790 bos
250 2745 348 2790 illos
369 2743 610 2791 elsentiales
629 2744 712 2791 effe
734 2751 777 2791 δέ
798 2746 820 2791 ὲ
842 2746 912 2792 lue
932 2746 1059 2809 plane
1082 2745 1247 2791 alienos
1263 2778 1275 2797 ,
1295 2745 1484 2807 quacum
1503 2744 1614 2789 nihil
1634 2762 1871 2792 commune
1891 2747 1970 2793 ha-

152 2808 287 2855 beant
306 2843 318 2860 ,
343 2810 413 2855 vel
433 2809 461 2854 si
479 2810 587 2872 quid
611 2809 760 2856 forsan
776 2844 790 2863 ,
811 2811 859 2856 id
877 2828 1014 2856 unum
1036 2810 1091 2856 ad
1119 2810 1341 2855 summum
1366 2810 1489 2873 quod
1519 2809 1574 2856 ab
1599 2809 1675 2856 illa
1708 2826 1916 2874 tanquam
1946 2812 1973 2859 εὶ

153 2873 314 2920 fomite
345 2873 646 2920 intendantur.

215 2942 312 2983 III.
344 2937 538 2982 Demum
567 2942 760 2990 novitas,
782 2937 810 2981 si
843 2935 1134 2999 symptomata
1168 2935 1243 2981 illa
1277 2936 1514 2999 peculiaria
1545 2936 1695 2982 recens
1727 2936 1972 2984 observen-

153 3017 239 3047 tur.
280 3001 350 3047 Sic
373 3018 481 3064 ergo
502 3001 530 3045 si
550 3000 842 3063 symptomata
866 3000 1077 3064 epilepsiae
1096 3034 1108 3052 ,
1131 2999 1372 3064 paralyseos
1389 3036 1400 3052 ,
1434 3000 1650 3046 asthmatis
1671 3034 1683 3052 ,
1716 3001 1940 3065 phthiseos
1958 3037 1971 3055 ,

155 3068 413 3113 strumarum
434 3101 444 3117 ,
467 3064 662 3110 scorbuti
681 3098 692 3116 ,
712 3064 955 3110 affectionis
971 3064 1369 3128 hypochondriacae
1391 3071 1475 3110 &c.
1499 3065 1675 3128 propria
1693 3099 1704 3117 ,
1726 3083 1817 3111 non
1841 3085 1972 3132 appa-

158 3131 328 3177 ruerint
348 3165 358 3182 ,
380 3130 456 3176 nisi
477 3131 568 3194 post
589 3129 670 3174 luis
691 3129 926 3192 ingrell'um
945 3163 957 3181 ,
977 3130 1083 3176 inde
1105 3128 1382 3175 manifestum
1403 3130 1603 3175 futurum
1624 3131 1681 3175 est
1706 3131 1888 3177 morbos
1908 3166 1920 3183 ,
1950 3133 1974 3178 a

157 3195 319 3265 quibus
338 3195 478 3251 fiunt,
503 3196 598 3262 post
615 3211 840 3261 acceptam
867 3193 1038 3243 tantum
1057 3194 1178 3245 luem
1209 3211 1447 3246 veneream
1472 3191 1711 3245 advenisse.
1753 3196 1806 3246 Id
1839 3213 1976 3248 unum

2022 949 2165 995 Quibus
2199 953 2255 991 ss·-

2019 1004 2094 1053 gnis
2108 1003 2251 1052 dignos-

2018 1054 2212 1106 cipoffint

2018 1108 2162 1150 morbi,
2188 1107 2254 1158 qui

2018 1171 2101 1196 cum
2119 1159 2176 1197 lue
2193 1172 2256 1196 ve-

2020 1213 2123 1248 nerea
2160 1225 2254 1250 con-

2019 1264 2124 1318 jungi
2149 1262 2219 1303 so-

2020 1316 2110 1365 lent,
2160 1315 2166 1317 ”

2024 2362 2171 2409 Quibus
2201 2363 2254 2404 fia·

2021 2416 2098 2465 gnis
2130 2417 2252 2453 mani-

2020 2465 2152 2503 festum
2182 2468 2223 2506 fit
2238 2495 2249 2510 ,

2018 2531 2062 2554 an
2077 2520 2192 2555 morbi
2209 2519 2251 2555 il-

2018 2571 2041 2606 li
2062 2570 2116 2606 lue
2141 2583 2253 2608 venetv

2019 2623 2076 2658 rea
2112 2623 2213 2659 anti-

2019 2675 2169 2722 quiores

2020 2725 2088 2763 sint
2107 2732 2121 2763 ἓ

2023 2949 2168 3001 Qbus
2197 2949 2252 2989 fia.

2020 3005 2096 3053 gnis
2125 3002 2234 3042 liccat

2020 3054 2186 3106 colligere
2204 3069 2250 3093 an

2019 3105 2068 3142 lui
2097 3120 2254 3151 venerea

2021 3156 2233 3217 supervene-

2022 3222 2097 3254 ΗΒΕ
2110 3219 2122 3253 3
