2477 3643
140 336 157 347 x

216 235 258 277 {fi
280 238 451 290 primum.

244 325 448 372 Argumen-

215 375 260 411 εὖ
274 375 436 412 alterum

271 581 434 620 Solvitur

211 636 434 686 argumenti]

212 697 326 738 prius.

489 145 588 206 ''3‘8'0
840 139 959 188 DE
1026 135 1412 186 MORBIS
1479 138 2009 189 VENEREIS.

491 222 753 288 sanguinem
784 238 930 270 totum
960 240 1038 287 per
1063 238 1222 286 corpus
1248 220 1412 284 pluries
1446 218 1559 265 hora
1591 220 1790 284 qualibet
1820 219 2113 269 circumvehi.
2145 224 2326 273 Possunt

494 307 605 353 ergo
638 288 920 337 mercuriales
957 287 1096 333 atomi
1121 287 1168 331 in
1203 284 1463 348 sanguinem
1488 285 1694 333 celeriter
1723 286 1955 338 distribui,
1992 287 2195 335 universa
2221 310 2326 337 cor-

491 357 611 421 poris
637 353 738 402 vasa
760 354 922 419 pluries
944 351 1055 397 hora
1073 349 1273 414 qualibet
1290 350 1441 413 legere
1461 355 1508 395 &
1527 350 1727 414 relegere
1743 384 1756 403 ‚
1783 357 1829 397 &
1848 351 2020 397 causam
2043 355 2324 403 morbificam

489 420 763 483 ubicumque
790 419 923 464 lateat
941 451 954 469 ,
981 415 1221 463 efficaciter
1241 415 1458 480 impetere
1476 433 1488 467 ·,
1509 429 1641 478 atque
1666 416 1780 462 adeo
1798 416 1966 464 debent
1996 417 2113 463 intra
2134 418 2323 484 spatium

490 486 702 549 temporis
726 483 941 547 opinione
961 481 1144 527 brevius
1165 479 1375 526 morbum
1395 478 1568 544 penitus
1595 480 1762 527 delere.

549 555 610 597 At
631 549 739 597 vero
768 548 816 593 in
841 564 1034 610 utroque
1054 545 1239 610 perinde
1258 545 1600 591 hallucinantur.
1634 546 1770 591 Circa
1794 545 1913 609 prius
1932 545 2114 608 quidem
2139 564 2222 594 nec
2241 548 2323 595 da-

486 632 583 662 mus
612 631 698 661 tres
722 613 939 674 unguenti
967 613 1117 657 uncias
1142 611 1198 657 ad
1221 611 1497 656 curationem
1516 609 1597 654 luis
1618 608 1787 674 semper
1809 610 1906 656 satis
1921 610 2007 657 effe
2021 644 2033 662 ,
2051 629 2132 658 nec
2151 613 2207 658 ab
2228 631 2325 660 om-

486 680 616 726 nibus
634 680 681 724 in
700 677 902 741 parciore
922 675 1234 739 hydrargyrosi
1255 676 1404 722 uncias
1422 691 1507 720 tres
1526 675 1743 736 unguenti
1759 673 1930 738 semper
1946 675 2180 730 adhiberi,
2196 678 2324 742 quod

486 761 725 807 utrumque
744 741 881 805 gratis
899 741 1131 788 assumunt.
1164 742 1236 788 Sic
1257 758 1365 804 ergo
1388 739 1617 787 ruentibus
1636 739 1854 804 praemiffis
1871 739 2202 789 conclusionem
2221 743 2323 791 fun-1

483 809 601 856 ditus
625 825 754 855 ruere
773 804 994 854 neceffum
1015 808 1088 853 est.
1731 818 1739 827 ·

547 873 713 922 Verum
733 888 780 918 ut
801 873 935 919 etiam
955 872 1110 918 dem‘us
1130 871 1236 918 duas
1255 869 1349 916 illas
1371 868 1642 934 sumptiones
1662 902 1674 921 ‚
1703 867 1935 933 assumptio
1961 884 2110 916 tamen
2135 888 2226 918 non
2245 873 2324 920 da·-

479 938 616 985 bitur.
647 941 836 986 Certum
867 937 927 984 est
958 937 1081 983 enim
1111 934 1232 982 haud
1255 936 1353 982 leve
1376 935 1616 981 discrimen
1642 935 1759 981 inter
1788 934 1974 981 collatos
1992 936 2109 982 casus
2129 936 2323 986 interce-

480 1003 589 1051 dere
606 1038 619 1057 ,
648 1013 708 1049 10.
731 1006 794 1049 Ex
816 1001 995 1049 diverso
1019 1001 1413 1047 administrationis
1430 1001 1569 1046 modo
1591 1019 1600 1045 :
1631 1008 1694 1046 20.
1733 1003 1795 1045 Ex
1817 999 2022 1063 inaequali
2042 1001 2285 1049 intervallo
2303 1037 2321 1056 ,

478 1069 603 1132 quod
622 1070 738 1116 inter
761 1066 1275 1130 fri&i01iesintei‘jicitt1r
1297 1086 1306 1112 ε
1335 1074 1396 1128 30.
1431 1069 1495 1112 Ex
1523 1065 1700 1113 diversa
1723 1064 1849 1111 mora
1869 1097 1882 1118 ,
1916 1082 2048 1129 quam
2069 1069 2322 1116 Mercurius

479 1133 615 1180 trahit
636 1134 682 1180 in
706 1133 933 1196 sanguine.

541 1207 603 1244 10.
636 1204 712 1246 Ex
739 1199 897 1258 diverso
922 1197 1107 1262 quidem
1126 1196 1480 1255 administrationis
1510 1196 1636 1241 modo.
1665 1194 1783 1241 Cum
1806 1194 1928 1241 enim
1944 1211 2035 1242 tres
2059 1195 2199 1241 unciae
2231 1203 2322 1243 un-'

477 1264 634 1326 guenti
654 1263 927 1310 mercurialis
949 1262 1088 1308 tribus
1110 1260 1391 1306 frictionibus
1412 1259 1684 1306 adhibentur
1699 1294 1711 1311 ,
1731 1259 2011 1306 manifestum
2032 1263 2090 1307 est
2108 1261 2320 1310 frictione

479 1328 682 1391 qualibet
701 1329 818 1376 illini
840 1328 1015 1373 unciam
1043 1345 1178 1372 unam
1196 1326 1412 1389 unguenti
1432 1359 1444 1377 ,
1465 1343 1518 1372 ex
1536 1325 1621 1388 qua
1651 1325 1829 1370 circiter
1851 1324 2075 1371 semuncia
2101 1327 2322 1374 Mercurii

476 1392 526 1439 in
548 1393 804 1457 sanguinem
827 1392 1077 1438 transfundi
1097 1392 1249 1456 potest.
1277 1390 1453 1436 Contra
1475 1391 1584 1437 vero
1601 1423 1614 1442 ‚
1643 1390 1744 1435 cum
1762 1389 1902 1435 unciae
1923 1391 2114 1436 totidem
2144 1390 2320 1437 frictio-

476 1457 608 1504 nibus
626 1462 724 1505 octo
746 1458 977 1503 illinuntur
998 1490 1009 1510 ,
1029 1455 1245 1519 unguenti
1265 1456 1486 1518 quantitas
1508 1456 1608 1501 vice
1625 1453 1826 1518 qualibet
1843 1454 1975 1500 obliti
2003 1472 2095 1500 non
2118 1455 2317 1503 ascendit

477 1522 605 1588 supra
623 1524 854 1570 drachmas
874 1538 961 1568 tres
978 1556 989 1574 ,
1010 1539 1063 1568 ex
1083 1520 1242 1584 quibus
1262 1520 1318 1565 ad
1346 1518 1567 1567 summum
1596 1520 1774 1565 circiter
1808 1518 2167 1582 sesquidrachma
2189 1525 2318 1568 Mer-

478 1589 591 1634 curii
618 1589 664 1633 in
691 1588 950 1651 sanguinem
972 1586 1251 1651 exprimitur.
1283 1585 1444 1648 Liquet
1474 1601 1580 1647 ergo
1609 1600 1919 1636 momentum,
1953 1584 2079 1648 quod
2116 1588 2255 1649 potest
2289 1588 2316 1632 εὶ

476 1654 713 1699 Mercurio
749 1653 947 1699 exerceri
981 1652 1028 1697 in
1063 1652 1215 1716 priore
1247 1647 1373 1701 casu,
1397 1649 1482 1697 else
1517 1649 1572 1694 ad
1596 1665 1876 1696 momentum
1909 1649 2034 1712 quod
2060 1648 2116 1695 ab
2152 1651 2317 1698 eodem

477 1734 710 1765 exercetur
746 1719 792 1764 in
827 1718 1096 1783 posteriore,
1128 1732 1174 1763 ut
1208 1714 1433 1761 semuncia
1466 1716 1526 1763 est
1547 1714 1604 1760 ad
1637 1712 2042 1778 sesquidrachinam
2062 1747 2075 1767 ‚
2096 1712 2317 1780 seuquod

478 1782 602 1829 idem
621 1786 680 1830 est
698 1799 745 1830 ut
768 1791 808 1832 8.
838 1784 895 1829 ad
921 1805 960 1844 3.

544 1857 605 1894 20.
634 1854 708 1894 Ex
735 1851 924 1911 inaeqnali
951 1849 1135 1910 temporis
1160 1848 1376 1892 intervallo
1397 1883 1410 1898 ,
1432 1845 1540 1906 qnod
1558 1847 1663 1890 inter
1684 1844 1886 1902 frifliones
1911 1845 2096 1907 fingulas
2114 1846 2316 1902 interjici-

475 1927 558 1957 την.
588 1912 706 1959 Cum
742 1914 862 1959 enim
894 1912 940 1958 in
975 1912 1120 1974 priore
1152 1910 1251 1956 casu
1278 1910 1508 1955 frictiones
1536 1909 1677 1955 altero
1699 1926 1880 1971 quoque
1908 1909 1983 1956 die
2004 1909 2316 1955 administren-

477 1991 550 2022 tur
569 2011 581 2029 ,
603 1977 815 2023 breviore
851 1976 1089 2023 intervallo
1132 1974 1256 2038 quod
1286 1975 1417 2020 horas
1437 1979 1513 2031 48.
1544 1991 1637 2018 non
1659 1973 1862 2026 excedit,
1893 1974 2069 2037 parcior
2089 1974 2312 2036 quantitas

475 2042 697 2087 Mercurii
722 2059 774 2087 ex
805 2039 1078 2104 praecedente
1100 2038 1360 2087 inunctione
1378 2037 1548 2083 admissi
1575 2037 1710 2083 debet
1730 2037 1996 2084 evanescere
2013 2071 2025 2088 ,
2045 2038 2164 2083 unde
2184 2039 2310 2084 tanto

475 2109 620 2167 major
646 2105 795 2152 futura
816 2107 875 2152 est
893 2103 1109 2150 Mercurii
1131 2102 1297 2148 summa
1321 2119 1373 2150 ex
1393 2100 1675 2147 &strionibus
1691 2101 1898 2148 omnibus
1918 2102 1965 2146 in
1986 2101 2197 2164 sanguine
2217 2103 2312 2149 col-

475 2169 604 2216 lecta.
630 2170 804 2217 Contra
825 2170 935 2216 vero
952 2203 964 2221 ,
989 2168 1089 2214 cum
1108 2166 1336 2214 frictiones
1356 2167 1491 2213 tertio
1524 2167 1595 2213 vel
1626 2180 1787 2229 quarto
1819 2166 1989 2212 tantum
2020 2185 2200 2229 quoque
2234 2168 2310 2214 die

476 2234 618 2287 fiunt,
650 2235 857 2299 longiore
885 2232 1126 2281 intervallo
1151 2232 1273 2296 quod
1293 2232 1422 2278 horas
1442 2249 1517 2288 72.
1535 2232 1607 2277 vel
1626 2239 1696 2289 96.
1720 2246 1859 2293 aequat
1879 2265 1891 2282 ,
1913 2236 2051 2293 majus
2072 2232 2207 2277 debet
2223 2231 2311 2279 effe

477 2299 762 2363 dispendium
781 2299 1000 2346 Mercurii
1019 2298 1294 2362 praecedente
1313 2296 1573 2344 inunctione
1592 2293 1825 2342 intromissl
1847 2330 1857 2347 ,
1875 2295 1995 2343 unde
2016 2296 2141 2341 tanto
2158 2296 2308 2344 minor

474 2364 626 2411 futura
664 2367 722 2413 est
747 2365 796 2412 in
829 2364 1043 2430 sanguine
1080 2362 1221 2410 solida
1248 2362 1466 2410 Mercurii
1500 2361 1668 2408 summa
1697 2378 1751 2409 ex
1782 2359 2067 2407 frictionibus
2099 2361 2310 2410 omnibus

473 2430 538 2477 rel
549 2430 666 2494 iqua.

538 2503 599 2555 30.
628 2500 703 2541 Ex
731 2495 901 2541 diversa}
927 2494 1073 2548 mord,
1092 2510 1212 2560 qnam
1232 2493 1449 2541 Mercurii
1470 2493 1628 2552 fitmmct
1659 2490 1770 2538 ducit
1799 2493 1839 2536 in
1858 2492 2067 2556 sangnine.
2106 2494 2227 2538 Nam
2257 2490 2307 2538 in

472 2559 623 2624 priore
658 2558 758 2605 casu
796 2561 1017 2623 quantitas
1048 2558 1266 2606 Mercurii
1298 2572 1657 2621 quantacumque
1690 2556 2018 2601 administratur
2047 2589 2061 2608 ,
2104 2556 2178 2601 die
2207 2555 2302 2619 ipsa

473 2623 629 2688 quinta
654 2641 749 2670 tota
775 2642 877 2670 cum
904 2624 1115 2686 sanguine
1141 2621 1324 2669 confusa
1352 2622 1498 2673 adest,
1527 2620 1728 2683 adeoque
1749 2637 1980 2667 momento
2001 2654 2014 2672 ,
2045 2637 2135 2682 quo
2166 2622 2307 2666 maxi-

471 2689 544 2735 me
578 2689 749 2753 pollere
778 2690 917 2752 potest
934 2722 946 2741 ,
972 2688 1233 2752 sanguinem
1266 2685 1470 2751 impetit,
1491 2703 1538 2730 ac
1573 2685 1693 2730 virus
1714 2685 1980 2732 exterminat
2011 2690 2090 2747 p'er
2124 2684 2218 2730 dies
2245 2686 2303 2732 ad

425 2804 430 2808 ⁴
470 2769 617 2799 minus
633 2752 891 2816 quindecim
911 2753 983 2799 vel
1003 2752 1180 2816 viginti.
1213 2750 1389 2799 Conci-22
1410 2749 1518 2795 vero
1537 2750 1584 2794 in
1604 2748 1702 2794 casu
1726 2751 1866 2796 altero
1893 2749 2113 2812 quantitas
2141 2750 2318 2803 eadem,

470 2820 692 2865 Mer-curn
707 2850 719 2868 ,
741 2816 771 2861 si
793 2834 938 2864 tamen
958 2817 1005 2862 in
1026 2817 1104 2863 illo
1135 2816 1357 2880 quantitas
1381 2814 1540 2861 eadem
1567 2813 1693 2878 poffit
1716 2831 1912 2877 unquam
1941 2812 2143 2876 sanguini
2174 2813 2302 2862 fimul

468 2882 605 2929 ineffe
624 2916 636 2934 ,
654 2882 779 2944 quod
801 2881 899 2928 sane
923 2899 975 2929 ex
1002 2882 1282 2945 praecedente
1314 2878 1503 2927 articulo
1532 2894 1813 2941 nequaquam
1845 2877 2065 2926 credibile
2086 2880 2145 2926 est
2163 2913 2175 2932 ‚
2206 2895 2302 2923 non

468 2948 570 2994 ante
596 2946 778 2993 collecta
807 2947 891 2992 erit
907 2979 918 3000 ,
939 2946 1072 3010 quam
1103 2946 1175 2993 die
1201 2945 1408 2993 vicesimo
1426 2942 1621 2991 secundo
1637 2976 1650 2995 ,
1671 2959 1802 3007 atque
1827 2943 1939 2989 adeo
1973 2943 2048 2989 vix
2077 2961 2155 3007 per
2175 2942 2295 2989 diem
2318 2973 2320 2976 v

468 3030 609 3059 unum
629 3044 642 3063 ,
677 3027 749 3056 aut
770 3011 825 3057 ad
844 3010 1062 3057 summum
1081 3028 1158 3076 per
1179 3010 1273 3059 dies
1296 3031 1336 3074 3.
1366 3009 1507 3076 potest
1537 3007 1733 3055 adunato
1757 3008 1931 3073 impetu
1951 3008 2045 3056 vim
2075 3009 2294 3070 integram

466 3077 514 3127 in
537 3075 794 3139 sanguinem
819 3093 1017 3123 exerere.

529 3140 600 3186 Sic
620 3156 728 3202 ergo
750 3139 961 3201 colligere
983 3141 1041 3185 est
1062 3139 1369 3191 Mercurium,
1411 3146 1471 3183 10.
1487 3137 1770 3183 parcioribus
1797 3135 1972 3182 dosibus
2002 3134 2164 3180 illitum
2190 3151 2199 3179 t
2226 3140 2294 3180 2⁹.

465 3203 767 3270 Longioribus
791 3203 1036 3260 intervallis
1062 3204 1408 3255 administratum
1430 3220 1439 3248 ε
1458 3205 1523 3269 ΞΟ.
1540 3201 1789 3255 Tardiusin
1807 3216 1997 3264 corpore
2013 3197 2258 3247 adunatum
2276 3230 2296 3264 ,ε
