2477 3643
575 109 1672 175 ‚L13221V0C-A1’u'r111„
1923 133 2007 179 305

179 207 305 244 novo
324 190 490 241 inferre
522 190 612 241 sine
636 193 833 259 contagii
853 192 1095 242 acceslione
1112 227 1125 248 ‚
1143 193 1267 259 quod
1287 193 1334 240 in
1359 192 1603 242 concubitu
1623 192 1789 259 impete
1807 192 1923 241 fa&o
1941 193 2010 241 in-

178 273 442 323 trorumpat.
466 261 611 305 Potest
628 274 776 306 tamen
796 258 1023 322 antiquior
1038 259 1311 324 gonorrhoea
1328 293 1340 314 ‚
1362 276 1456 324 quae
1473 258 1584 306 male
1612 273 1761 306 curata
1784 257 1970 304 substitit
1987 291 2003 312 ‚

173 324 386 371 renovari
415 322 509 370 solo
538 323 649 371 vitio
678 340 767 387 quo
795 321 966 386 sanguis
996 330 1040 371 ὅ(
1067 323 1217 372 semen
1239 329 1328 389 jam
1356 324 1534 391 pridem
1567 322 1733 371 infecta
1763 321 1891 376 sunt,
1923 322 2001 370 sed

171 386 264 434 haec
283 421 294 439 ,
317 404 365 434 ut
385 404 504 454 patet
518 421 530 441 ,
552 389 741 434 minoris
763 387 858 436 sunt
880 388 1020 436 molis.

229 456 323 500 lx.
368 454 413 500 Si
447 470 499 501 ea
529 471 623 518 quae
656 470 712 500 ex
743 471 934 519 corpore
966 470 1237 518 egeruntur,
1264 453 1488 502 virulento
1517 452 1826 501 intestinorum
1862 468 1994 498 muco

165 514 311 564 oblita
337 517 445 572 sint,
468 517 701 566 sebaceum
719 518 954 566 humorem
974 519 1244 584 inspissatur-a
1274 519 1370 565 sunt
1389 555 1401 574 ,
1418 521 1496 585 qui
1526 520 1572 567 in
1600 518 1767 565 lacunis
1797 535 1882 564 ano
1910 517 1990 564 ad-

167 578 257 628 fitis
278 583 536 630 reconditur
556 618 567 636 ‚
595 589 639 630 ὃ(
668 583 824 630 natura
859 583 1034 630 crassior
1055 586 1113 631 est
1143 583 1413 648 spissiorque.
1443 585 1562 631 Hinc
1587 601 1696 647 ergo
1717 581 1771 629 ab
1801 584 1991 631 humore

167 644 248 691 illo
269 648 385 694 intra
413 648 485 695 sua
503 650 819 714 conceptacula
835 651 1042 712 congesto
1062 684 1073 702 ,
1095 654 1139 696 δέ
1159 668 1209 696 ea
1237 648 1392 696 sensim
1412 651 1628 697 dilatante
1647 648 1871 713 prodituri
1890 647 1990 694 sunt

167 709 225 756 ad
252 729 386 758 anum
421 730 617 760 tumores
652 715 762 760 varii
792 713 945 779 fraga,
972 732 1125 768 mora,
1148 714 1253 761 ficos
1279 715 1417 780 figura
1438 715 1679 764 referentes
1697 747 1710 768 ,
1741 712 1800 761 de
1829 712 1992 778 quibus

167 772 298 841 supra
328 774 438 843 Cap.
477 797 541 826 10.
580 779 675 826 Lib.
711 785 802 827 III.

226 845 284 887 X.
312 843 358 889 Si
391 862 542 891 mucus
562 844 666 897 ille,
687 861 760 890 aut
791 845 952 890 humor
979 843 1058 907 qui
1089 842 1143 890 ab
1176 862 1260 891 ano
1289 842 1463 892 distillat
1491 846 1564 893 vel
1585 846 1781 910 egeritur
1799 879 1811 898 ‚
1844 844 1990 891 acrior

164 902 304 952 fuerit
319 940 332 960 ,
353 925 479 973 rugas
509 910 582 956 ani
602 909 758 972 quibus
778 909 1009 955 instillatur
1032 910 1078 954 in
1099 909 1262 955 fissuras
1288 909 1493 957 erosurus
1512 913 1585 958 est.
1614 912 1736 958 Hinc
1754 927 1864 974 ergo
1887 908 1990 957 rha-

164 972 301 1033 gades
326 975 398 1020 ani
420 1009 433 1026 ,
458 975 515 1021 de
538 975 698 1038 quibus
718 974 840 1039 supra
873 980 982 1038 Cap.
1012 991 1072 1019 io.
1103 973 1200 1020 Lily.
1222 979 1315 1021 Ill.

232 1042 276 1083 X
293 1044 325 1085 1.
353 1040 574 1086 Caeterum
596 1038 772 1104 possunt
789 1040 923 1086 etiam
952 1040 1100 1102 porri,
1130 1056 1320 1086 verrucae
1336 1073 1348 1090 ‚
1370 1044 1416 1085 δε
1436 1039 1656 1087 ulcuscula
1681 1039 1891 1087 cancrosa
1911 1057 1989 1104 ge·-

162 1099 367 1149 nitalium
386 1138 399 1157 ,
425 1105 530 1151 sicut
560 1110 605 1151 &
634 1103 782 1168 fraga,
803 1104 996 1150 mariscae
1017 1137 1030 1156 ‚
1062 1102 1365 1167 rhagadesque
1386 1105 1458 1150 ani
1478 1106 1716 1152 commode
1744 1105 1907 1153 deduci
1936 1104 1992 1151 ab

162 1163 376 1215 affinitate
397 1169 514 1222 sola,
541 1186 635 1233 quae
665 1170 783 1216 inter
804 1169 923 1216 virus
949 1186 1193 1215 venereum
1225 1174 1271 1214 &
1303 1167 1537 1216 sebaceum
1563 1169 1882 1235 mucosumque
1906 1170 1994 1217 hu-

161 1246 338 1280 morem
358 1235 617 1297 genitalium
651 1240 696 1280 &
727 1234 798 1280 ani
831 1231 1073 1280 intercedit
1089 1268 1100 1286 ,
1120 1232 1205 1297 qua
1238 1233 1312 1279 fiat
1331 1250 1377 1279 ut
1396 1234 1611 1282 humores
1630 1236 1693 1282 illi
1711 1235 1924 1300 primario
1946 1241 1994 1282 δέ

161 1314 243 1361 per
273 1298 315 1344 se
342 1300 504 1345 vitioso
532 1300 742 1363 contagio
772 1300 796 1345 a
829 1298 1041 1362 sanguine
1074 1299 1333 1344 immediate
1366 1300 1760 1357 contaminentur,
1790 1301 1998 1365 adeoque

159 1379 406 1411 memorata
431 1364 724 1430 symptomata
744 1362 969 1411 accersant
983 1397 997 1417 ,
1017 1363 1108 1412 fine
1127 1364 1219 1412 ullo
1240 1364 1418 1411 seminis
1437 1365 1707 1413 interventu.

592 1497 771 1555 §.IL
834 1476 1155 1542 ‘v1T1A
1233 1494 1626 1556 currs„

210 1623 318 1668 Duo
349 1622 447 1668 sunt
479 1622 689 1668 humores
714 1621 761 1668 in
791 1638 895 1669 cute
915 1657 927 1676 ‚
960 1622 1038 1686 qui
1065 1620 1230 1668 veneni
1256 1621 1438 1669 venerei
1460 1622 1738 1669 consortium
1756 1619 1888 1669 facile
1918 1623 1999 1670 ad-

161 1686 345 1733 mittunt
364 1721 377 1738 ‚
398 1690 570 1746 mucosus
591 1704 751 1751 nempe
772 1721 784 1738 ,
802 1687 880 1750 qui
915 1687 962 1732 in
995 1684 1236 1751 spongiosis
1255 1686 1422 1733 cellulis
1441 1694 1642 1752 corporis
1671 1688 1892 1734 reticulati
1914 1705 1995 1733 cu-

160 1751 304 1797 ticulae
329 1752 588 1798 immediate
609 1750 816 1815 suppositi
839 1751 1181 1803 intercluditur,
1207 1756 1254 1797 δε
1280 1752 1498 1811 fibaeceus,
1531 1753 1608 1815 qui
1628 1753 1650 1799 ὲ
1669 1752 1891 1816 glandulis
1920 1753 1996 1798 seu

158 1815 308 1882 potius
334 1815 518 1862 vasculis
547 1815 775 1862 lacunisve
804 1816 1000 1862 cutaneis
1027 1814 1181 1861 sensim
1199 1818 1435 1862 eructatur.
1469 1819 1664 1863 Caeteros
1694 1817 1806 1864 duos
1823 1851 1835 1870 ,
1861 1818 1939 1881 qui
1969 1818 1995 1864 ὲ

160 1896 264 1927 cute
301 1881 434 1925 etiam
470 1879 712 1926 scaturiunt
733 1914 745 1932 ,
781 1879 990 1927 sudorem
1026 1897 1186 1943 nempe
1218 1885 1263 1925 &
1298 1879 1599 1927 insensibilem
1626 1880 1996 1946 perspirationem

158 1962 253 1992 non
277 1963 455 1998 moror,
474 1945 690 2009 quoniam
709 1946 932 1992 tenuiores
960 1944 1057 1990 sunt
1076 1979 1087 1998 ,
1113 1942 1363 1992 subtiliores
1384 1951 1427 1991 ὃς
1451 1946 1583 1992 nimis
1606 1947 1766 2010 aquei,
1796 1963 1845 1992 ut
1873 1947 1996 1994 virus

158 2027 405 2058 venereum
432 2044 445 2064 ‚
479 2010 605 2076 quod
642 2009 829 2057 crassum
860 2012 920 2059 est
954 2009 1294 2073 viscidumque,
1327 2026 1401 2056 aut
1432 2010 1656 2059 imbibere
1693 2028 1766 2059 aut
1798 2012 1998 2060 retinere

161 2074 340 2142 possint.

217 2143 423 2204 ItaquetI.
455 2139 500 2187 Si
521 2139 723 2186 mucosus
741 2138 907 2187 humor
927 2137 1159 2187 connubio
1182 2139 1346 2185 veneni
1365 2140 1545 2187 venerei
1571 2140 1833 2204 inquinetur
1852 2175 1865 2194 ‚
1896 2159 1992 2189 ma-

157 2208 301 2268 jorem
323 2191 430 2270 in&
455 2205 744 2253 acrimoniam
767 2206 1004 2253 contrahet
1022 2237 1034 2257 ‚
1053 2204 1137 2267 qua
1174 2204 1387 2250 summam
1420 2222 1567 2252 cutem
1598 2207 1882 2252 vellicaturus
1899 2209 1958 2253 est
1980 2225 1991 2254 ε

157 2270 264 2317 hinc
287 2270 479 2334 pruritus
497 2267 707 2334 frequens
729 2276 775 2318 &
797 2271 1014 2336 impetigo
1034 2287 1043 2315 :
1068 2270 1204 2315 Erosis
1224 2268 1391 2315 deinde
1412 2267 1583 2317 fibrillis
1606 2270 1766 2333 quibus
1800 2272 1994 2319 cuticula

163 2353 265 2383 cum
285 2351 386 2381 cute
407 2335 612 2398 alligatur
628 2369 641 2388 ,
660 2335 848 2382 laxatam
876 2333 1205 2400 epidermidem
1237 2334 1284 2378 in
1316 2331 1520 2381 vesiculas
1543 2336 1734 2381 miliares
1757 2335 1851 2382 sero
1886 2334 1995 2382 salso

157 2401 308 2465 plenas
331 2399 560 2446 inflaturus
582 2402 668 2452 est,
689 2418 784 2463 quae
810 2400 858 2445 in
887 2398 1109 2446 ulcuscula
1144 2398 1317 2444 leviora
1346 2399 1576 2446 dehiscent
1611 2419 1623 2453 ;
1655 2399 1761 2447 hinc
1796 2399 1992 2448 scabies:

158 2463 357 2512 Demum
377 2463 601 2511 crescente
620 2465 739 2510 malo
759 2465 986 2528 graviores
1009 2462 1363 2511 exulcerationes
1382 2465 1471 2509 cuti
1492 2465 1691 2511 illaturus
1712 2467 1770 2511 est
1788 2498 1800 2517 ,
1832 2463 1995 2527 quibus

160 2526 289 2578 erosa
328 2534 373 2574 &
416 2526 629 2575 exsiccata
655 2529 845 2575 cuticula
880 2528 1063 2575 furfuris
1099 2529 1230 2573 instar
1263 2526 1419 2591 sponte
1452 2529 1631 2576 decidet
1658 2546 1670 2582 3
1698 2528 1803 2575 hinc
1834 2529 1994 2594 herpes

163 2593 296 2643 siccus
310 2626 323 2646 ,
341 2591 614 2640 furfuraceus
628 2628 640 2646 ,
662 2593 901 2658 pustulosus
919 2628 930 2646 ‚
951 2593 1134 2640 miliaris
1148 2626 1161 2643 ‚
1183 2593 1389 2639 exedens.

222 2663 291 2704 11.
324 2657 441 2704 Cum
459 2659 651 2705 cuticula
678 2659 838 2705 nullibi
863 2658 1036 2705 crassior
1056 2656 1105 2704 sit
1133 2656 1398 2721 densiorque
1423 2657 1556 2720 quam
1574 2657 1619 2703 in
1645 2656 1759 2702 volis
1778 2673 1990 2704 manuum

164 2727 210 2771 δέ
229 2722 384 2787 plantis
401 2724 563 2787 pedum
578 2757 590 2776 ‚
610 2723 810 2770 mucosus
829 2723 990 2769 humor
1008 2724 1084 2787 qui
1106 2721 1255 2768 subtus
1274 2722 1380 2768 latet
1400 2721 1623 2768 difficilius
1640 2721 1747 2769 inde
1769 2721 1989 2769 efflabitur

161 2805 240 2853 per
259 2787 456 2833 cuticulae
482 2787 711 2852 spiracula.
742 2787 919 2835 Diutius
942 2805 1052 2852 ergo
1070 2794 1114 2834 ὃς
1136 2787 1242 2833 ideo
1263 2786 1477 2851 copiosius
1498 2788 1705 2833 collectus
1730 2788 1926 2833 calorem
1943 2794 1989 2834 ὃ(

162 2852 439 2917 pruriginem
467 2858 680 2913 majorem
702 2853 875 2900 ibidem
890 2854 1160 2900 excitaturus
1185 2853 1258 2897 est.
1287 2853 1407 2897 Hinc
1437 2852 1627 2898 arefacta
1652 2851 1840 2896 cuticula
1864 2850 1988 2897 fatis-

162 2933 235 2963 cet
261 2917 305 2962 in
329 2916 458 2962 rimas
491 2916 578 2964 sive
606 2918 821 2980 rhagades
841 2918 995 2968 duras,
1028 2916 1207 2961 callosas
1223 2949 1235 2966 ‚
1257 2916 1502 2978 prurientes
1523 2951 1534 2968 ‚
1555 2916 1711 2961 ichore
1731 2931 1985 2962 manantes:

164 2980 262 3029 Imo
288 2981 423 3028 etiam
455 2981 644 3027 latenter
672 2980 846 3027 suffossa
865 2987 910 3027 ὃς
938 2980 962 3026 ὰ
982 2979 1174 3042 [υἱηεὸὶᾶ
1198 2994 1300 3026 cute
1326 2979 1482 3044 sponte
1514 2979 1721 3026 secedens
1756 2980 1987 3028 interdum

166 3046 421 3111 deponetur
447 3047 615 3092 exuviae
641 3047 785 3092 instar.

229 3115 329 3158 111.
374 3110 418 3157 Si
450 3110 612 3157 humor
643 3110 766 3157 idem
788 3143 802 3162 ‚
849 3107 926 3158 secl
950 3107 1231 3172 benignioris
1259 3108 1422 3156 veneni
1455 3106 1682 3156 consortio
1712 3108 1853 3156 minus
1885 3125 1988 3157 acer

2068 447 2135 486 lx.
2149 450 2189 488 In
2202 464 2275 492 ano

2037 499 2248 543 enascuntur

2041 549 2069 586 fx
2080 564 2170 604 aga,
2185 568 2272 593 mo-

2039 614 2094 647 ra,
2112 605 2180 647 fici,
2197 620 2274 648 ma.

2039 655 2136 696 riscae
2147 663 2218 701 δίς.

2065 843 2110 878 Χ,
2130 841 2199 880 Vel
2218 841 2275 881 le-

2037 893 2157 932 viores
2184 895 2218 931 in

2038 947 2136 997 rugis
2152 945 2274 984 scissu-

2034 1012 2082 1038 1ae
2102 998 2158 1036 seu
2177 998 2275 1040 tha·

2038 1050 2163 1106 gades.

2037 2153 2067 2210 ζ.
2092 2152 2242 2214 Γςιῖειὺῖες
2259 2167 2277 2206 5

2036 2217 2111 2240 imo
2135 2218 2247 2244 etiam

2038 2258 2193 2310 HerpeS.

2056 2672 2110 2709 11.
2129 2669 2270 2720 Rimm-

2035 2722 2185 2763 scisl'urae
2203 2726 2265 2765 seu

2034 2776 2215 2827 rhagades
2231 2782 2267 2818 in

2035 2829 2126 2866 volis
2178 2843 2267 2870 rna-

2033 2893 2154 2921 nuum.

2053 3126 2131 3164 111.
2159 3129 2267 3168 Cutis

159 3175 383 3233 (unimam
411 3174 581 3224 tantuin
599 3176 709 3224 cutis
732 3174 1009 3241 superficiem
1024 3173 1237 3225 levissime
1258 3175 1413 3226 erodat
1435 3174 1484 3225 in
1508 3175 1640 3227 certis
1656 3176 1857 3243 corporis
1876 3174 1987 3227 locis
2027 3179 2176 3221 macula
2218 3194 2262 3219 e-
