2477 3643
645 145 1685 196 Lrnrnlv.C.41›u1-v11.
1910 148 1998 211 ’3'61

177 244 251 283 ms
267 230 545 279 exhibendus
564 263 577 282 ,
608 246 754 292 neque
786 228 902 292 prius
931 228 1128 275 inunctio
1160 228 1309 275 denuo
1335 225 1606 290 repetenda,
1636 225 1769 288 quarn
1796 233 2009 294 temporis

185 296 311 344 mor&
326 329 338 347 ‚
366 293 615 358 diaphoreli
631 328 644 347 ‚
677 292 839 339 diuresr
858 326 870 344 ,
898 293 968 339 vel
995 293 1082 340 alvi
1109 292 1382 339 resolutione
1401 291 1592 354 impetus
1612 290 1803 336 materiae
1822 293 2011 342 nimium

185 359 467 426 ptyalismum
496 358 720 404 molientis
755 356 921 404 retusus
953 356 1030 410 sit,
1061 362 1106 404 δε
1137 356 1389 406 salivationi
1415 354 1777 402 immoderatiori
1805 356 2013 405 fovendae

187 429 276 487 jam
308 424 436 488 plane
466 423 622 486 impar.
1701 473 1717 491 Ι

252 497 318 544 70.
347 491 408 534 At
431 487 540 533 vero
559 486 588 532 fi
609 484 861 550 ptyalismus
887 487 937 534 ea
961 486 1178 533 methodo
1213 485 1291 531 fibi
1318 484 1574 550 aliquandiu
1604 483 1833 547 permissus
1854 484 2008 550 sponte

184 569 280 600 non
306 553 556 598 remittatur
575 585 587 604 ,
614 551 689 598 sed
715 552 872 597 contr&
903 551 1055 597 sensim
1081 550 1266 613 gliscens
1294 551 1343 596 in
1366 549 1760 597 inflammator-iam
1792 566 1864 595 aut
1891 550 2012 597 ulce-

184 616 331 663 rosam
355 615 663 662 salivationem
689 616 890 681 proxime
925 615 1122 661 abiturus
1148 615 1352 661 videatur
1371 650 1384 669 ,
1408 633 1510 662 tunc
1535 613 1705 660 iteratis
1733 616 2011 677 purgationi-

184 680 268 726 bus
288 697 341 727 ex
365 679 497 726 senna
516 715 529 733 ,
556 680 642 727 sale
663 681 855 743 vegetali
875 714 888 732 ‚
915 680 1075 725 mann&
1093 714 1105 732 ‚
1128 679 1250 724 callia
1280 685 1365 725 &c.
1395 682 1518 727 alvus
1541 678 1703 724 blande
1726 679 2012 726 subducenda

184 744 324 792 semel
343 760 474 808 atque
492 745 652 791 iterum
671 781 679 795 ‚
700 763 746 790 ut
768 761 947 808 turgens
968 744 1151 791 materia
1168 777 1181 796 ,
1203 762 1295 806 quae
1314 745 1359 791 in
1378 764 1426 792 os
1447 747 1538 792 vim
1559 743 1829 790 tumultuose
1846 743 2011 791 factura

184 808 313 855 foret
331 844 343 861 ,
362 810 417 854 ad
439 809 652 856 inferiora
676 810 938 856 divertatur.

247 879 311 920 80.
349 874 486 931 Quod
518 874 546 918 fi
570 874 686 920 forte
714 874 956 937 contigerit
987 887 1035 917 ut
1068 871 1288 936 ptyalismi
1324 873 1494 937 impetu
1533 873 1700 921 iteratis
1728 874 2008 939 purgationi-

183 938 268 983 bus
300 937 487 983 nimium
523 940 720 985 coercito
754 939 825 985 vel
866 937 1055 1002 repreffo
1085 936 1223 982 salivae
1249 938 1389 983 fluxus
1419 939 1526 984 inde
1547 940 1718 1002 penitus
1740 938 1902 991 ceffet,
1937 939 2007 985 vel

183 1003 262 1056 fiat
281 1020 405 1066 aequo
425 1003 596 1049 tardior
612 1037 624 1055 ‚
644 1003 897 1065 lentiorque
917 1021 927 1053 3
947 1003 1043 1065 post
1058 1001 1257 1047 inducias
1281 1001 1456 1047 dierum
1475 1003 1643 1064 aliquot
1666 1004 1721 1049 ad
1748 1003 2007 1050 frictionum

182 1065 309 1112 usum
341 1068 620 1114 redeundum
640 1069 725 1114 erit
742 1101 753 1119 ‚
783 1065 860 1113 sed
884 1066 935 1113 ea
960 1066 1165 1111 cautione
1185 1099 1197 1117 ‚
1226 1083 1272 1111 ut
1296 1065 1396 1110 cum
1419 1069 1688 1130 experientia
1722 1073 1809 1130 jam
1842 1069 2006 1131 liqueat

179 1129 228 1176 in
246 1148 487 1194 aegrotante
515 1132 770 1195 sanguinem
792 1131 978 1194 energia?
1000 1130 1216 1175 Mercurii
1245 1131 1351 1190 justo
1374 1130 1542 1176 facilius
1560 1131 1745 1195 obsequi
1765 1166 1777 1184 ‚
1799 1150 2005 1195 unguen-

180 1210 277 1240 tum
301 1196 404 1243 ideo
428 1197 602 1243 minore
623 1201 710 1258 jam
737 1195 829 1242 dofi
851 1201 896 1241 &
916 1195 1161 1241 intervallis
1185 1194 1467 1261 longioribus
1496 1195 1824 1244 administretur
1843 1230 1855 1249 ‚
1878 1215 1934 1244 ne
1954 1198 2004 1244 sit

179 1277 309 1307 error
330 1260 583 1306 noviflimus
603 1265 726 1324 pejor
754 1260 915 1324 priore.

244 1326 305 1382 9⁰.
353 1324 548 1371 Difficile
579 1327 638 1372 est
666 1326 690 1370 εὶ
723 1325 864 1389 priori
905 1323 1093 1370 definire
1134 1340 1347 1387 quantam
1381 1326 1599 1388 unguenti
1634 1326 1808 1390 copiam
1844 1326 2001 1390 inungi

177 1388 350 1435 ‘necesse
377 1388 427 1434 fit
463 1389 554 1435 tota
588 1389 778 1454 periodo
813 1390 867 1436 ad
889 1387 1130 1452 perfectam
1165 1389 1314 1434 morbi
1349 1391 1626 1437 curationem
1648 1410 1658 1444 ·‚
1681 1391 1726 1434 in
1747 1391 1834 1436 hoc
1868 1390 2001 1453 siqui-

179 1452 284 1498 dem
312 1454 619 1518 multipliciter
641 1454 802 1500 variari
824 1454 933 1500 solet
967 1472 1049 1517 pro
1079 1455 1389 1516 aegrotantium
1425 1472 1548 1502 aetate
1568 1490 1579 1508 ‚
1617 1455 1747 1508 sexu,
1783 1472 2000 1518 tempera-

176 1534 332 1564 mento
363 1537 374 1571 3
405 1518 556 1565 morbi
590 1518 1052 1582 malignitate‚gradu
1071 1551 1083 1569 ‚
1118 1519 1446 1565 inveteratione
1476 1538 1487 1572 3
1520 1521 1711 1584 partium
1747 1519 2002 1565 affectat-um

175 1600 363 1630 numero
384 1616 396 1635 ‚
420 1583 657 1630 nobilitate
673 1618 685 1637 ‚
706 1583 784 1629 usu
805 1589 891 1629 &c.
920 1582 1116 1629 Proinde
1138 1599 1308 1629 certum
1326 1583 1541 1644 judicium
1570 1585 1651 1630 hac
1673 1585 1728 1631 de
1747 1602 1792 1630 re
1814 1585 1836 1629 a
1858 1587 2001 1649 poste-

174 1647 285 1692 riori
312 1647 570 1694 facieudum
601 1649 659 1693 est
689 1666 741 1694 ex
764 1663 945 1712 accepto
968 1647 1188 1693 levamine
1213 1653 1257 1693 &
1280 1647 1517 1695 ceffatione
1544 1649 1888 1713 symptomatum
1905 1682 1921 1704 7
1953 1664 2001 1695 ut

175 1711 467 1775 probabimus
500 1715 649 1775 Capite
672 1714 872 1774 fi’qnente.
914 1713 1151 1773 frequenti
1187 1728 1334 1758 tamen
1366 1711 1677 1759 observatione
1719 1730 1999 1778 compertum

177 1775 391 1822 habemus
413 1792 547 1822 totam
568 1776 668 1821 illiti
689 1777 904 1839 unguenti
923 1778 1095 1839 copiam
1115 1794 1195 1822 nec
1216 1776 1332 1824 infra
1355 1778 1503 1823 uncias
1520 1778 1625 1824 duas
1645 1776 1863 1824 subfistere
1884 1812 1896 1830 ‚
1917 1796 1999 1824 nec

176 1839 309 1904 supra
335 1856 421 1887 tres
446 1856 695 1904 quatuorve
723 1841 958 1888 ascendere
988 1857 1034 1885 ut
1054 1841 1293 1904 plurimum
1321 1841 1503 1887 debere.

241 1913 337 1952 100.
367 1905 593 1951 Similibus
621 1904 810 1951 consiliis
841 1922 933 1951 tota
955 1905 1192 1950 curationis
1216 1905 1424 1969 periodus
1443 1905 1535 1968 regi
1550 1906 1713 1958 debet,
1741 1904 1996 1954 salivatione

175 1969 386 2033 permissfi
416 1970 601 2033 quidem
622 2004 634 2022 ,
663 1970 738 2015 sed
765 1970 883 2016 lenta
900 2004 911 2022 ,
939 1969 1143 2032 gradali&
1163 2003 1174 2021 ‚
1198 1969 1322 2021 leni,
1354 1969 1506 2032 parum
1533 1970 1757 2023 ulcerosa,
1793 1987 1841 2016 ut
1861 1973 1999 2018 modo

174 2034 450 2080 dicebamus.
489 2032 710 2080 Creterum
732 2034 777 2080 in
809 2035 889 2080 hac
911 2034 1128 2080 methodo
1165 2034 1289 2079 tanto
1319 2033 1483 2080 diutius
1502 2036 1723 2081 curationi
1754 2036 1998 2083 immoran-

173 2097 282 2143 dum
308 2101 367 2144 est
385 2132 397 2151 ,
418 2099 583 2162 quanto
602 2099 850 2145 minoribus
879 2099 1056 2145 dofibus
1092 2104 1136 2144 &
1171 2098 1450 2159 longioribus
1483 2100 1725 2146 intervallis
1746 2103 1999 2148 Mercurius

178 2162 419 2210 adhibetur
440 2183 449 2209 :
472 2163 580 2215 Inde
597 2165 716 2210 enim
736 2164 899 2211 tardius
918 2198 930 2217 ,
945 2163 1104 2210 lentius
1120 2198 1131 2215 ,
1149 2161 1415 2209 inefficacius
1436 2180 1534 2226 agat
1551 2164 1720 2211 necesse
1739 2167 1811 2210 est.
1831 2168 1996 2224 Quam-

177 2226 340 2274 obrem
379 2228 661 2274 diuturniore
685 2229 811 2274 morfi
841 2247 949 2292 opus
977 2230 1063 2277 est,
1093 2228 1225 2290 quz‘un
1257 2228 1304 2272 in
1338 2228 1617 2291 prcccedente
1647 2229 1863 2275 methodo
1894 2264 1907 2283 ,
1949 2248 1998 2277 ut

175 2292 494 2355 quodcumque
523 2293 580 2340 de
609 2294 796 2340 remedii
828 2295 871 2339 vi
893 2289 1136 2339 den-aetum
1157 2294 1215 2338 est
1230 2325 1244 2345 ‚
1265 2308 1467 2355 tempore
1487 2293 1810 2357 compensetur.
1842 2300 1996 2358 Itaque

174 2355 201 2401 ὰ
222 2357 470 2403 carceribus
490 2358 677 2404 remedii
702 2358 755 2403 ad
777 2374 937 2403 metam
959 2357 1050 2403 dies
1075 2375 1145 2417 30.
1165 2375 1240 2413 40.
1269 2374 1342 2421 50.
1367 2358 1459 2402 imo
1478 2359 1610 2404 etiam
1637 2358 1783 2421 plures
1808 2377 1996 2424 compu-

175 2421 301 2466 tandi
331 2420 430 2467 sunt
464 2440 545 2485 pro
578 2421 756 2467 diverso
797 2439 888 2467 tum
922 2421 1070 2466 morbi
1096 2420 1236 2483 gradu
1262 2455 1275 2473 ,
1311 2437 1402 2466 tum
1429 2422 1739 2467 inuncstionum
1769 2424 1994 2469 adhibita-

171 2502 275 2530 rum
302 2501 487 2530 numero
506 2519 517 2536 ‚
544 2485 628 2530 hoc
657 2487 716 2531 est
739 2486 762 2530 :l
785 2486 925 2549 prim&
945 2487 1201 2532 inunctione
1224 2503 1340 2548 :egro
1361 2485 1514 2532 tandiu
1528 2487 1575 2532 in
1595 2486 1741 2533 linteis
1764 2505 1992 2550 unguento

174 2547 387 2595 delibutis
425 2548 769 2597 sordescendum
809 2552 868 2597 est
896 2584 909 2603 ‚
948 2549 1025 2595 nisi
1064 2550 1186 2596 malit
1230 2549 1476 2615 spontanea:
1509 2550 1714 2598 recidivae
1749 2552 1888 2598 aleam
1916 2570 1992 2599 ex-

177 2629 330 2678 periri.
1488 2655 1490 2658 ,

244 2695 258 2722 1
276 2686 337 2722 1⁰.
368 2676 463 2723 Ubi
486 2677 618 2724 semel
640 2678 777 2724 visum
798 2677 933 2723 fuerit
960 2678 1096 2724 lintea
1118 2676 1298 2724 sordida
1326 2679 1444 2742 posse
1464 2696 1578 2743 aegro
1609 2679 1809 2731 detrahi,
1837 2696 1991 2727 caetera

176 2743 331 2787 omnia
347 2775 360 2794 ,
387 2758 436 2786 ut
453 2742 499 2787 in
522 2742 672 2806 priore
691 2742 908 2788 methodo
924 2777 936 2793 ,
956 2742 1083 2788 simili
1110 2743 1356 2806 eademque
1378 2745 1548 2791 ratione
1569 2746 1663 2807 geri
1691 2744 1870 2791 debent.
1907 2751 1990 2791 Ita-

177 2823 265 2869 que
280 2806 545 2869 purgatione
574 2808 661 2852 una
688 2823 762 2853 aut
788 2807 924 2853 altera
950 2808 1069 2852 alvus
1092 2824 1325 2853 moveatur
1342 2826 1354 2860 ζ,
1373 2808 1499 2854 diaeta
1516 2807 1680 2872 largior
1702 2809 1857 2855 sensim
1878 2827 1989 2855 con-

176 2869 360 2915 cedatur
381 2887 392 2921 3
417 2871 698 2932 permittatur
729 2876 802 2917 a'e'r
829 2872 1012 2935 purior,
1043 2872 1256 2924 liberium
1279 2871 1580 2936 praescribatur
1603 2875 1842 2920 matutinus
1870 2874 1988 2920 lastis

174 2933 274 2980 usus
294 2968 305 2986 ‚
333 2949 383 2978 ac
406 2934 584 2979 demum
605 2953 716 2997 aeger
736 2936 819 2980 suis
845 2936 1003 2980 muniis
1032 2937 1291 2981 restituatur.
1901 2945 1911 2955 ’

244 3000 336 3044 12⁹.
373 2996 536 3043 Verum
559 2998 589 3042 fi
616 3001 786 3045 accidat
814 3016 1007 3060 unquam
1034 3032 1048 3050 ,
1083 3016 1130 3044 ut
1158 3000 1374 3045 Mercurii
1408 2999 1601 3047 efficacia
1637 3001 1736 3047 casu
1756 3034 1767 3052 ,
1804 3019 1956 3049 errore
1975 3037 1987 3054 ,

165 3061 505 3126 imprudentia,
535 3062 589 3107 eo
616 3063 750 3126 usque
781 3061 1035 3124 processerit
1056 3095 1068 3113 ,
1099 3063 1217 3109 unde
1242 3064 1429 3126 gradum
1465 3083 1675 3112 revocare
1705 3066 1826 3115 nullo
1850 3067 1987 3112 modo

173 3126 310 3174 liceat
340 3144 352 3178 3
384 3141 595 3188 motaque
624 3128 736 3173 adeo
772 3127 970 3172 salivatio
990 3160 1002 3179 ‚
1029 3127 1146 3172 eluso
1174 3130 1518 3175 catharticorum
1554 3130 1630 3176 usu
1650 3163 1660 3181 ,
1697 3129 1819 3177 fra'ni
1846 3133 1988 3178 omnis

168 3189 410 3255 impatiens
431 3191 514 3239 elle
536 3190 738 3241 videatur
754 3225 768 3248 ,
798 3209 1075 3257 nequaquam
1103 3194 1254 3245 con-tra
1279 3194 1541 3249 enitendum
1559 3193 1724 3249 diutius
1745 3195 1987 3247 &ultraneo

1691 3264 1726 3306 Z
1749 3274 1772 3304 72

2094 483 2292 532 Reprima-

2061 544 2121 569 tur
2138 559 2149 576 ‚
2169 534 2191 569 {i
2219 534 2292 571 im-

2061 585 2264 624 moderata.

2125 886 2285 924 Damam

2057 946 2269 979 renovetur,

2058 988 2080 1024 fi
2104 986 2284 1039 suppreffa

2055 1039 2109 1076 fit.

2096 1341 2282 1391 Ungueuti

2052 1396 2234 1443 quantitas
2251 1422 2262 1438 ,

2050 1458 2128 1494 quae
2147 1446 2178 1480 in
2212 1446 2283 1484 hac

2050 1497 2198 1547 periodo
2222 1498 2282 1533 in-

2051 1551 2139 1601 ungi
2164 1550 2283 1595 debet,

2050 1913 2151 1952 Sicut
2165 1916 2277 1955 etiam

2048 1967 2245 2004 curationis

2037 2020 2264 2058 'diuturnitas

2047 2084 2088 2108 ex
2102 2084 2258 2123 accepto

2046 2123 2221 2159 levamite

2047 2175 2245 2214 delinienda

2046 2228 2135 2265 suut,o

2035 3010 2135 3063 Qd
2148 3023 2264 3064 agen-

2035 3067 2120 3102 dum
2148 3066 2188 3101 sit
2216 3067 2240 3104 si

2037 3130 2088 3153 tes
2103 3119 2136 3154 ir,
2149 3131 2233 3155 1115«.-

2036 3168 2169 3208 festum
