2477 3643
661 122 1555 171 Lrnnn1.CA1’u·rIV.
1684 166 1686 168 ,
1993 134 2060 187 ‘19

218 209 307 259 Rei
333 208 444 256 verb
474 204 644 253 summa
668 207 727 252 est
758 206 878 253 luem
897 206 1014 251 hanc
1033 222 1060 251 T
1081 221 1110 251 U
1130 221 1159 250 N
1179 221 1205 248 c
1234 201 1409 267 coepiffe
1426 236 1439 256 ,
1469 202 1572 250 cum
1597 203 1715 250 Calai
1741 205 1913 255 Italiam
1943 209 2012 256 in-
2033 232 2060 250 κ

220 275 461 326 festarunt,
490 277 535 319 &
567 270 758 318 Carolus
787 273 968 318 ostavus
995 275 1266 316 Francorum
1290 272 1388 316 Rex
1414 268 1661 334 Neapolim
1689 268 1767 316 sub
1795 271 2017 324 ditionem
2035 295 2061 315 κ

220 339 384 405 posuit.
403 363 429 381 υ
1236 366 1238 368 -
1929 347 1936 355 ·

285 408 327 449 Χ
344 409 398 448 V.
430 405 626 455 Ioannes
646 401 819 463 Sylvius
839 434 851 453 ,
880 398 1111 447 Insulensis
1143 398 1260 463 apud
1283 397 1436 462 Belgas
1457 432 1473 452 ,
1505 397 1553 444 in
1575 401 1786 462 Tradiatu
1813 404 1885 446 De
1905 403 2062 449 Morbo
2177 414 2313 462 joanne
2371 449 2373 451 ,

221 471 383 515 Gallico
406 505 419 520 ‚
449 483 584 529 quem
624 466 678 512 ab
710 464 805 530 ipso
837 464 1138 529 conscriptum
1171 464 1254 511 else
1288 465 1455 509 constat
1487 481 1604 510 anno
1641 473 1784 528 1556.
1825 463 2064 515 confutatis
2112 468 2254 519 Sylvio.

221 533 357 580 variis
385 531 676 595 opinionibus
697 565 709 584 ,
739 529 904 577 fate-tur
941 553 964 568 n
990 530 1224 576 Saniorem
1251 527 1329 592 ipsi
1360 529 1507 575 videri
1533 546 1690 576 eorum
1720 529 1983 578 sententiam
2004 565 2016 584 ,
2039 554 2063 572 u
2168 528 2281 572 1556.

220 598 299 661 qui
324 614 441 643 anno
471 595 634 642 abhinc
665 595 933 660 sexagesimo
965 595 1161 642 secundo
1194 595 1321 656 (hoq
1337 593 1385 653 est
1417 613 1519 639 mna
1557 612 1690 654 1494.
1719 597 1748 654 )
1778 613 1869 660 quo
1908 611 2019 641 tem-
2039 619 2065 637 η

222 679 334 728 pore
363 661 553 708 Carolus
579 664 758 708 ostavus
783 660 1014 707 Gallorum
1040 664 1137 706 Rex
1155 692 1167 712 ,
1199 660 1469 722 cognomine
1492 659 1715 707 Gibbo‘sus
1733 695 1744 714 ,
1772 661 2016 725 Neapolim
2038 682 2063 702 κ

222 744 556 792 oppugnaturus
585 726 633 772 in
661 726 834 774 Italiam
864 725 1114 776 exereitum
1145 724 1400 772 introduxit
1420 759 1432 778 ‚
1455 726 1573 770 hunc
1604 726 1813 773 morbum
1842 725 2018 790 suppul-
2039 747 2065 766 ce

221 790 372 839 lulaffe
406 791 610 837 arbitrati
645 790 759 838 sunt.
781 812 805 829 α

281 861 428 904 XVI.
465 855 647 903 Gabriel
665 855 881 920 Fallopius
901 887 914 907 ,
943 854 1238 909 Mutinensis,
1267 853 1317 900 in
1348 856 1560 900 Trauafu
1589 860 1661 903 De
1698 855 1858 903 Morbo
1875 858 2069 914 Gallico,
2177 865 2346 908 Gabriele

223 936 359 986 quem
390 919 704 968 conscribebat
735 921 854 968 circa
883 937 1049 966 annum
1084 929 1219 984 1560.
1252 919 1434 984 prolatis
1461 920 1508 964 in
1533 924 1663 983 primo
1692 924 1822 985 capite
1859 922 2069 987 exemplis
2117 916 2291 984 Fallopfo.

227 988 361 1034 variis
391 986 688 1040 morborum,
718 986 796 1050 qui
824 985 926 1033 orbi
954 987 1103 1031 nostro
1132 984 1189 1032 de
1218 1003 1342 1032 novo
1374 984 1624 1031 incubuere
1642 1019 1655 1038 ,
1685 986 1740 1031 fic
1763 986 1868 1033 inde
1887 989 2036 1051 pergit
2057 1024 2070 1042 ,
2170 983 2293 1018 ¹5⁰⁰·

224 1069 251 1090 τ’
274 1051 577 1100 Noviffimum
597 1053 681 1105 est,
708 1051 832 1116 quod
863 1067 951 1115 prae
980 1049 1185 1097 manibus
1213 1049 1428 1096 habemus
1447 1084 1460 1102 ‚
1489 1055 1533 1096 &
1564 1050 1776 1097 morbum
1803 1051 2024 1099 Gallicum
2043 1076 2071 1095 u

223 1116 302 1163 seu
332 1117 548 1163 Gallicam
575 1115 770 1164 scabiem
802 1115 1071 1181 appellamus
1076 1149 1233 1161 ......
1273 1119 1376 1164 Nec
1407 1115 1706 1162 dubitandum
1733 1117 1792 1162 est
1823 1116 1851 1161 si
1885 1135 2029 1165 novus
2047 1128 2076 1158 (ε’

226 1181 279 1227 sit
314 1199 456 1228 necne
475 1215 488 1234 ‚
518 1183 734 1245 quoniam
763 1179 1042 1244 temporibus
1072 1182 1326 1226 nostrorum
1356 1196 1532 1244 patrum
1565 1197 1593 1225 N
1614 1198 1641 1225 o
1660 1199 1688 1225 N
1710 1198 1737 1225 D
1756 1198 1781 1227 υ
1803 1199 1840 1226 M
1876 1200 2024 1246 refer-
2045 1207 2072 1225 ‹-

228 1262 297 1292 tus
317 1280 330 1298 ,
368 1264 398 1291 N
418 1262 445 1291 o
463 1264 493 1291 N
511 1264 539 1291 D
558 1263 587 1292 υ
605 1262 642 1290 M
678 1246 853 1292 auditus
879 1278 892 1298 ,
926 1260 1030 1292 tunc
1064 1245 1278 1309 temporis
1314 1245 1566 1308 elephantia
1597 1243 1866 1308 grallabatur
1872 1281 2022 1292 ......
2048 1273 2074 1292 κ

229 1315 339 1357 Haec
378 1309 543 1357 scabies
580 1310 738 1356 invasit
769 1328 851 1356 nos
882 1327 1000 1356 anno
1035 1329 1109 1369 94.
1142 1311 1271 1375 supra
1302 1326 1444 1368 1400.
1477 1308 1579 1355 cum
1609 1311 1800 1356 Carolus
1830 1316 2028 1376 Impera-¹
2051 1341 2077 1357 «ς

225 1391 297 1422 tor
345 1373 521 1422 summa:
572 1375 846 1422 au&oritatis
895 1391 1028 1439 atque
1065 1376 1239 1439 ingenii
1286 1374 1577 1421 ardentissimi
1606 1409 1618 1427 ,
1668 1382 1681 1432 (
1706 1380 2030 1440 Imperatorem
2049 1403 2074 1420 η

228 1458 347 1488 voco
370 1439 586 1488 exercitus
617 1444 824 1497 Ducem)
866 1439 966 1486 cum
994 1440 1198 1504 glisceret
1226 1440 1396 1487 animus
1416 1445 1507 1500 ejus
1535 1441 1582 1485 in
1610 1439 1780 1486 bellum
1808 1459 2031 1489 convoca—
2057 1468 2083 1486 n

224 1521 278 1552 to
310 1523 366 1554 eo
400 1523 518 1552 anno
548 1507 744 1553 maximo
777 1506 978 1552 exercitu
1005 1506 1160 1552 invasit
1180 1505 1381 1559 Italiam,
1412 1510 1457 1551 &
1483 1505 1564 1551 sub
1590 1509 1680 1567 ejus
1708 1506 1902 1570 imperio
1931 1507 2035 1555 sub-
2056 1532 2081 1549 «ι

229 1574 326 1618 adio
345 1571 671 1618 Mediolanensi
703 1576 880 1618 Ducatu
898 1605 911 1624 ,
930 1571 1147 1618 Hetruria
1168 1571 1262 1617 tota
1279 1606 1292 1623 ,
1322 1577 1368 1617 &
1398 1570 1662 1617 cedentibus
1693 1571 2081 1636 Rebuspublicisj«

227 1636 522 1690 Florentinis,
552 1641 639 1684 &c.
670 1641 863 1683 Romam
889 1636 1047 1683 invafit
1067 1655 1078 1690 3
1105 1636 1213 1683 inde
1231 1636 1476 1701 Neapolim
1493 1670 1506 1688 ,
1528 1635 1584 1683 de
1616 1640 1713 1697 jure
1746 1637 2032 1684 haereditario
2054 1661 2080 1679 e·

232 1700 314 1747 fibi
343 1717 498 1766 putans
523 1717 779 1767 competere
797 1735 808 1754 ,
829 1719 931 1748 cum
960 1701 1159 1748 exercitu
1183 1702 1381 1747 maximo
1412 1702 1669 1764 odiuaginta
1697 1701 1818 1749 mille
1841 1702 2036 1750 militum
2056 1725 2081 1742 τε

235 1766 424 1830 aggredi
451 1768 654 1814 tentavit.
693 1770 823 1812 Tunc
858 1766 1073 1830 temporis
1103 1767 1303 1831 apparuit
1335 1766 1408 1813 hic
1437 1765 1632 1812 morbus.
1661 1791 1684 1807 u

289 1831 380 1878 Sed
408 1831 519 1894 quid
553 1850 662 1897 opus
692 1833 751 1878 est
781 1832 828 1877 in
859 1849 907 1877 re
940 1830 1167 1877 manifesta
1200 1831 1326 1896 plura
1359 1830 1586 1877 cumulare
1619 1828 1902 1879 testimonia?
1941 1836 2074 1881 Pote-
2155 1860 2251 1900 Aliis
2277 1871 2322 1899 ue

230 1912 367 1949 runt,
402 1895 432 1941 sl
468 1895 652 1950 lubeat,
687 1896 859 1942 consuli
892 1897 1152 1943 Leonardus
1187 1896 1366 1943 Schmai
1386 1930 1399 1948 ,
1431 1895 1796 1959 Salisburgenfis,
1833 1901 1979 1943 Traffi‘.
2002 1905 2073 1946 De
2118 1876 2272 1951 numen}

229 1961 391 2009 Morbo
416 1963 578 2008 Gallico
594 1996 607 2014 ,
629 1975 721 2026 cap.
748 1979 781 2006 1.
796 1961 1014 2008 Nicolaus
1035 1960 1175 2007 Massa
1195 1994 1207 2013 ,
1230 1967 1455 2013 Venetus,
1487 1961 1586 2009 Lib.
1611 1966 1683 2007 De
1705 1961 1864 2010 Morbo
1880 1966 2040 2010 Gallico
2059 2004 2075 2019 ,
2119 1967 2260 2011 multia,

229 2028 379 2072 TraH.
411 2043 443 2072 1.
477 2040 566 2090 cap.
602 2044 635 2071 1.
678 2026 901 2072 Antonius
933 2025 1110 2079 Gallus,
1145 2031 1276 2092 Oper.
1304 2027 1352 2072 de
1381 2028 1488 2090 ligno
1506 2028 1645 2086 sanb'c'o
1668 2043 1743 2071 non
1766 2030 2037 2091 permiscendo
2058 2069 2070 2084 ‚

230 2104 324 2154 cap.
363 2107 392 2135 1.
435 2090 635 2152 Aloyfius
664 2091 872 2144 Lobera,
912 2091 1174 2144 Abulanus,
1220 2091 1429 2138 Medicus
1464 2090 1622 2137 Caroli
1656 2096 1711 2137 V.
1750 2094 2037 2155 Imperatoris
2059 2130 2072 2147 ‚

231 2155 330 2203 Lib.
355 2160 426 2201 De
456 2171 627 2218 quatuor
653 2160 797 2203 aulicis
830 2157 1141 2220 aegritndinibns.
1183 2159 1207 2209 J
1213 2156 1588 2220 oannes-Baptista
1615 2159 1860 2201 Montanus
1880 2191 1893 2208 ,
1928 2164 2073 2206 Veso-

223 2219 404 2273 nensis,
436 2223 624 2267 Traaeflat.
658 2226 728 2268 De
750 2221 909 2268 Morbo
940 2223 1102 2267 Gallico
1123 2260 1137 2275 ,
1165 2236 1258 2285 cap.
1279 2239 1309 2267 1.
1345 2221 1604 2268 Leonardus
1623 2220 1822 2266 Fuchfius
1842 2255 1854 2274 ,
1887 2226 2076 2270 Germa-

232 2301 343 2337 nus,
377 2290 419 2331 in
435 2286 677 2351 Appendice
708 2287 766 2331 ad
794 2285 893 2332 Lib.
914 2305 948 2348 ς.
979 2291 1050 2331 De
1076 2287 1250 2332 curandi
1276 2290 1444 2332 ratione.
1490 2285 1725 2350 Prosperus
1755 2289 2038 2349 Borgarutius
2057 2323 2072 2341 ,

231 2350 493 2401 patavinus,
524 2351 719 2396 Method.
741 2353 808 2394 De
833 2349 994 2397 Morbo
1020 2354 1211 2404 Gallico,
1227 2366 1320 2415 cap.
1343 2368 1374 2396 1.
1399 2350 1616 2399 Nicolaus
1639 2351 1940 2404 Macchellus,
1971 2357 2074 2400 Mu-

234 2414 442 2467 tinenfis,
470 2414 602 2461 initio
632 2412 855 2461 Traffatbs
882 2420 954 2461 De
988 2415 1145 2463 Morbo
1174 2419 1351 2462 Gallico.
1388 2416 1640 2463 Alexander
1671 2420 1888 2469 Traianus
1915 2421 2072 2464 Petro-

239 2478 365 2531 nius,
390 2484 461 2525 De
481 2480 639 2526 Morbo
665 2483 827 2527 Gallico
847 2519 862 2534 ,
893 2480 991 2526 Lib.
1016 2497 1045 2523 1.
1063 2495 1154 2544 cap.
1179 2497 1208 2524 1.
1242 2484 1440 2528 Demum
1463 2481 1727 2528 Guillelmus
1748 2482 2042 2528 Rondeletius
2058 2517 2071 2535 ‚

235 2542 283 2590 in
313 2543 474 2590 Schola
499 2544 817 2609 Monspeliensi
848 2543 1071 2592 Professor
1097 2545 1245 2609 regius
1273 2551 1319 2592 δε
1344 2546 1647 2593 Cancellarius
1668 2580 1679 2598 ,
1712 2546 1845 2593 initio
1874 2547 1971 2593 Lib.
2002 2554 2073 2594 De

237 2608 398 2656 Morbo
419 2611 565 2655 Italico
583 2647 604 2663 ,
619 2611 696 2673 qui
714 2611 769 2657 ab
787 2610 971 2657 ineunte
988 2608 1143 2655 saeculo
1171 2610 1349 2658 decimo
1367 2611 1489 2658 sexto
1506 2611 1561 2657 ad
1579 2629 1744 2658 annum
1770 2629 1784 2656 1
1801 2619 1855 2674 56
1861 2621 1904 2656 6.
1936 2610 2072 2676 scrip-

238 2672 336 2717 sere
368 2690 523 2720 omnes
544 2706 556 2726 ,
593 2693 641 2720 ac
671 2693 827 2721 omnes
859 2694 950 2721 uno
982 2692 1059 2721 ore
1091 2674 1291 2722 referunt
1325 2677 1446 2723 luem
1478 2694 1718 2724 veneream
1757 2681 1803 2723 δέ
1835 2696 1864 2724 N
1884 2693 1912 2720 o
1932 2694 1964 2721 v
1985 2695 2012 2723 U
2034 2695 2071 2722 M

219 2735 289 2782 'in
319 2738 491 2802 Europa
520 2740 728 2786 morbum
756 2739 844 2790 esse
862 2775 876 2793 ,
907 2745 953 2787 δε
984 2738 1083 2785 cum
1111 2741 1310 2804 apparuit
1342 2741 1570 2791 desinente
1600 2742 1779 2790 decimo
1809 2741 1967 2807 quinto
1996 2741 2073 2787 sae:

233 2800 344 2851 §ulo
377 2804 605 2852 coaetaneis
631 2806 824 2855 Medicis
848 2806 978 2871 plane
1011 2823 1027 2851 1
1045 2823 1071 2851 o
1090 2822 1119 2851 N
1140 2822 1168 2851 o
1186 2823 1214 2851 τ
1235 2823 1264 2853 u
1282 2823 1322 2853 M
1349 2805 1492 2856 fuisse.

1053 2971 1240 3060 &Q

1748 3243 1853 3306 Cij
