2477 3643
150 212 181 248 3.
199 202 242 238 Ϊιι
257 195 374 236 ulcus-

143 253 234 290 culis
284 263 370 288 can«

142 303 256 340 Ctofls
301 315 372 352 pu-

142 355 358 393 dendorum.

198 545 237 576 4.
255 535 298 568 In
314 530 373 589 lue

140 595 294 622 venerea
313 595 371 620 ln·-

141 635 321 677 veterata·

139 1035 249 1077 Unde
275 1037 373 1073 bubo

143 1101 234 1127 nunc
261 1089 295 1124 in
326 1103 371 1125 u-

143 1152 276 1191 treque
317 1140 374 1178 in-

142 1205 258 1245 gume-

144 1484 253 1523 NUUC
269 1479 300 1516 in
314 1478 376 1515 al-

142 1545 287 1572 terutro
299 1543 375 1569 tan-

144 1587 225 1624 tum
245 1584 377 1636 produ-

146 1640 252 1678 citur.

200 2736 382 2784 Sympto-

159 2799 256 2823 niara
276 2813 285 2828 ‚
303 2798 383 2836 qua:

158 2839 291 2874 buboni
323 2840 382 2873 lu-

161 2889 380 2939 perveniunt.

194 2954 224 2976 1.
241 2944 385 2977 Tumor

160 2991 310 3042 exiguus
326 2993 359 3028 in

161 3044 316 3094 inguine.

210 3129 247 3151 2.
267 3113 386 3151 Dolor

161 3165 362 3218 ininguine.

418 106 518 152 '220⁴
791 105 884 152 DE
951 101 1893 152 MORBISVENEREIS.

490 191 552 245 30.
578 186 681 231 Nec
703 179 867 249 dispari
895 181 1069 229 ratione
1089 181 1136 226 in
1156 178 1372 227 cancrosis
1393 181 1516 244 penis
1537 197 1609 227 aut
1630 181 1770 227 vulvae
1792 179 2024 229 ulcusculis
2040 216 2052 238 ,
2080 180 2265 249 limpha

418 267 514 313 quae
532 249 639 296 inde
662 249 914 313 regreditur
931 281 945 300 ‚
966 246 1053 292 una
1073 246 1220 292 secum
1249 244 1385 291 debet
1405 246 1619 293 revehere
1644 246 1692 291 in
1717 246 1946 310 glandulas
1970 247 2246 310 inguinale‘s,

418 314 509 379 quo
533 313 623 378 ipsa
642 314 888 360 traducitur
906 346 919 364 ‚
946 328 1039 356 non
1067 327 1223 374 paucas
1249 309 1463 355 virulenti
1488 311 1606 374 puris
1630 312 1820 373 guttulas
1845 310 1898 356 ab
1918 310 2123 358 ulceratis
2147 332 2246 378 par-

419 379 535 425 tibus
562 379 729 425 haustas
748 412 759 431 ,
781 395 875 441 quae
905 375 1119 439 limpham
1144 372 1412 438 inspiffando
1432 380 1477 420 &
1498 375 1726 438 glandulas
1743 410 1756 429 ,
1777 375 1938 441 quibus
1959 376 2214 426 continetur
2232 411 2247 431 ‚

419 443 703 491 infarciendo
721 477 732 495 ‚
762 440 1018 487 bubonibus
1044 441 1195 485 locum
1221 438 1480 502 frequenter
1504 440 1689 486 dabunt.

485 518 551 566 40.
587 508 793 554 Tandem
808 506 854 551 in
869 505 940 551 lue
968 503 1341 551 venerezilatente
1359 537 1371 554 ‚
1402 503 1503 549 cum
1533 503 1683 551 semen
1701 504 1901 558 testium,
1931 508 2220 570 prostammm
2237 539 2251 559 ,

419 574 709 621 veficularum
742 570 1076 617 seminariarum
1116 574 1162 614 &
1189 568 1497 632 glandularuni
1526 569 1931 633 Cowperianarum
1961 570 2009 617 in
2038 571 2171 624 viris,
2203 572 2251 617 in

420 638 617 686 foeminis
631 636 740 683 vero
755 636 1045 700 prostatarum
1058 668 1070 686 ‚
1088 633 1400 696 glandularum
1418 632 1767 695 botryformium
1783 639 1829 680 δε
1846 635 2252 699 Cowperianarum

421 703 731 767 glandularum
755 699 943 746 seminio
968 716 1163 745 venereo
1193 696 1405 745 infeCkum
1432 697 1482 743 sit
1501 730 1514 749 ‚
1549 697 1686 745 debet
1716 698 1978 761 contagiosis
2012 699 2259 747 miasmatis

418 768 526 814 hinc
559 764 865 814 exhalantibus
889 763 1058 828 limpha
1084 763 1177 808 tum
1212 761 1636 827 conceptaculorum
1670 761 1896 827 ipsorum,
1928 762 2023 810 tum
2059 766 2252 830 partium
2299 762 2303 765 ’

420 830 742 896 conceptaculis
775 829 1120 894 superjectarum
1139 827 1202 873 ita
1226 828 1375 874 vitiari
1392 861 1404 880 ,
1419 843 1467 873 ut
1487 827 1531 874 in
1549 827 1778 890 glandulas
1797 827 2034 890 inguinum
2061 829 2251 893 conglo-

418 897 541 943 batas
575 895 746 947 delata,
773 893 987 959 limpham
1004 892 1069 940 ibi
1090 893 1342 955 congestam
1375 893 1467 956 pari
1501 892 1614 938 vitio
1647 891 2013 956 coinquinando,
2046 893 2252 942 bubones

418 960 688 1026 productura
705 958 755 1004 fit
775 993 787 1012 ,
805 958 835 1004 fi
856 958 1050 1004 afflatum
1080 957 1337 1021 contagium
1377 956 1474 1003 satis
1493 955 1647 1003 efficax
1669 956 1820 1004 fuerit.

484 1025 710 1072 Caeterum
732 1024 754 1069 a
775 1023 1088 1086 qualicumque
1109 1021 1234 1068 causa
1248 1055 1260 1074 ,
1290 1021 1361 1068 vel
1380 1022 1558 1093 impuro
1578 1022 1822 1069 concubitu
1840 1057 1853 1076 ,
1889 1024 1959 1070 vel
1981 1023 2262 1087 gonorrhoe‘af

420 1089 644 1154 suppressa
663 1087 894 1154 parciusve
926 1087 1092 1134 fluente
1113 1120 1125 1139 ,
1152 1087 1222 1134 vel
1253 1086 1483 1132 ulcusculis
1504 1086 1720 1133 cancrosis
1738 1121 1750 1139 ‚
1784 1088 1855 1134 vel
1885 1088 2066 1136 demum
2085 1088 2157 1135 lue
2176 1107 2256 1137 ve·-

418 1154 554 1201 nerea
573 1156 739 1201 latente
759 1153 882 1200 bubo
916 1152 1130 1218 procedat
1148 1186 1160 1205 ‚
1194 1151 1223 1197 fi
1243 1151 1485 1215 contigerit
1511 1167 1559 1196 ut
1585 1151 1754 1217 limpha
1780 1153 1828 1199 in
1849 1169 2040 1216 utroque
2064 1153 2251 1216 inguine

419 1219 607 1266 seminio
642 1217 893 1283 syphilitico
924 1217 1147 1281 aequaliter
1178 1215 1399 1262 inficiatur
1418 1250 1431 1269 ,
1463 1234 1511 1262 ac
1533 1217 1685 1262 omnia
1712 1218 1937 1281 utrimque
1970 1218 2026 1264 ad
2057 1218 2254 1265 amuffim

417 1285 598 1348 aequalia
627 1283 709 1329 [int
728 1317 740 1335 ‚
768 1282 1047 1329 manifestum
1067 1283 1130 1327 est
1144 1280 1244 1327 fore
1276 1298 1323 1327 ut
1341 1282 1389 1326 in
1407 1297 1600 1343 utroque
1629 1282 1768 1327 latere
1788 1282 1911 1328 bubo
1943 1282 2129 1346 perinde
2151 1282 2251 1329 sub-

418 1349 619 1395 nascatur
637 1367 648 1402 3
669 1347 698 1393 si
719 1348 828 1394 vero
847 1364 900 1394 ex
923 1346 1130 1393 alterutra
1151 1361 1273 1409 parte
1298 1345 1526 1412 disparitas
1558 1345 1758 1411 quaedam
1788 1345 2045 1394 interfuerit
2065 1380 2078 1400 ‚
2106 1347 2154 1392 in
2184 1348 2251 1394 al-

420 1430 593 1461 terutro
623 1411 796 1459 tantum
814 1447 826 1465 ‚
849 1412 1009 1459 dextro
1029 1411 1269 1457 finistrove.

477 1478 737 1525 Desumitur
758 1493 906 1527 autem
926 1494 975 1523 ea
997 1475 1226 1540 disparitas
1247 1493 1299 1521 ex
1321 1473 1487 1539 triplici
1507 1474 1649 1539 capite
1672 1493 1682 1520 z

488 1552 549 1589 10.
584 1546 645 1588 Ex
666 1542 776 1588 vitio
796 1542 929 1606 partis
946 1541 1065 1587 unde
1085 1541 1204 1588 virus
1224 1539 1552 1587 transmittitur.
1585 1539 1658 1585 Sic
1688 1539 1857 1584 constat
1887 1538 2113 1602 glandulas
2140 1540 2253 1587 dex-’

418 1607 477 1653 tri
507 1607 716 1654 finistrive
743 1606 890 1652 lateris
918 1605 1130 1668 contagio
1172 1604 1310 1667 magis
1335 1602 1561 1667 inquinari
1584 1637 1597 1656 ,
1626 1618 1758 1668 prout
1785 1605 1982 1667 prostatae
2003 1637 2015 1657 ,
2052 1604 2252 1652 veficulae

418 1670 659 1719 seminariae
677 1705 688 1723 ‚
708 1671 925 1735 glandulae
945 1668 1253 1734 Cowperianae
1271 1703 1283 1721 ,
1310 1670 1424 1715 testis
1436 1668 1484 1713 in
1499 1668 1602 1715 viro
1621 1701 1634 1720 ‚
1653 1668 1725 1715 vel
1745 1667 1792 1713 in
1808 1667 1995 1714 foemina
2024 1671 2220 1733 prostatae
2236 1702 2250 1722 ,

421 1737 638 1800 glandulae
664 1736 979 1799 Cowperianae
1006 1769 1018 1787 ‚
1048 1733 1354 1796 botryformes
1379 1733 1598 1797 glandulae
1629 1732 1798 1796 vaginae
1822 1732 2075 1781 alterutrius
2105 1734 2259 1780 lateris

420 1802 647 1848 virulento
681 1801 847 1847 semine
885 1801 1022 1863 magis
1042 1814 1222 1863 turgent
1241 1833 1252 1851 ‚
1274 1799 1377 1863 quia
1395 1798 1563 1870 limpha
1578 1831 1590 1850 ‚
1629 1815 1722 1860 quae
1742 1797 1847 1843 inde
1877 1799 2017 1846 redux
2040 1800 2099 1846 est
2132 1804 2179 1846 δε
2203 1799 2252 1846 in

420 1865 650 1929 glandulas
670 1864 867 1928 ejusdem
889 1865 1037 1911 lateris
1057 1863 1323 1911 convehitur
1344 1897 1356 1916 ,
1376 1880 1514 1926 magis
1532 1863 1756 1908 virulenta
1774 1860 1923 1909 futura
1944 1864 2016 1909 est.

487 1940 549 1975 20.
583 1935 645 1976 Ex
673 1930 786 1976 vitio
807 1929 938 1993 partis
960 1928 1150 1991 quacum
1168 1928 1288 1974 virus
1307 1928 1676 1981 communicatur.
1714 1927 1785 1973 Sic
1817 1929 1983 1974 constat
2004 1925 2252 1986 inguinales

421 1994 648 2057 glandulas
671 1993 920 2040 alterutrius
941 1992 1090 2039 lateris
1116 1992 1255 2054 magis
1282 1991 1396 2038 affici
1424 2025 1436 2044 ‚
1472 2006 1605 2056 prout
1631 2008 1684 2036 ex
1709 1989 1860 2035 nativa
1891 1990 2252 2039 conformatione

420 2059 748 2121 magis-astrictae
766 2091 778 2110 ‚
807 2057 945 2120 magis
958 2056 1241 2103 anfraetuosae
1260 2089 1272 2107 ,
1299 2056 1439 2118 magis
1464 2053 1677 2102 cellulosae
1691 2086 1704 2105 ,
1719 2072 1809 2101 uno
1830 2055 1972 2102 verbo
1993 2055 2135 2102 minus
2151 2073 2253 2120 per-

420 2124 503 2171 viae
532 2124 654 2176 sunt,
681 2139 813 2185 atque
833 2122 946 2168 adeo
969 2120 1187 2186 inspissari
1207 2117 1372 2185 limplia
1392 2119 1564 2166 facilius
1583 2117 1895 2166 infarciuntur.

481 2197 544 2247 30.
574 2191 636 2233 Ex
669 2188 767 2232 casu
798 2203 986 2233 externo
1019 2219 1032 2238 ‚
1080 2202 1130 2232 ut
1161 2186 1312 2237 aiunt,
1349 2186 1470 2231 mere
1502 2184 1707 2230 fortuito.
1750 2183 1822 2229 Sic
1857 2185 2024 2230 constat
2043 2183 2252 2231 omnibus

422 2253 691 2315 caeteroquin
712 2252 889 2315 paribus
910 2284 922 2303 ,
949 2256 995 2297 δε
1019 2250 1239 2313 glandulis
1262 2250 1488 2312 utrimque
1507 2248 1731 2311 :equaliter
1760 2247 1947 2295 seminio
1977 2249 2254 2295 contamina-

422 2319 503 2369 tis,
535 2317 765 2364 bubonem
790 2317 838 2361 in
859 2316 1072 2362 alterutro
1099 2316 1236 2361 latere
1261 2314 1487 2360 interdum
1521 2312 1705 2360 excitari
1737 2312 1879 2377 preffu
1901 2313 1969 2360 vel
1991 2313 2252 2361 contufione

419 2382 617 2445 inguinis
637 2380 889 2427 alterutrius
910 2413 922 2432 ,
943 2380 1063 2426 unde
1083 2379 1257 2443 limphae
1276 2379 1447 2426 infestae
1468 2376 1694 2440 congestio
1718 2394 2036 2442 promoveatur
2050 2379 2098 2423 in
2116 2378 2254 2424 alter-

420 2448 520 2494 utra
553 2460 700 2511 parte3
735 2445 827 2491 imo
856 2445 988 2491 etiam
1012 2444 1105 2490 solo
1136 2443 1350 2490 decubitu
1378 2444 1425 2489 in
1452 2443 1713 2488 alterutrum
1749 2443 1859 2488 latus
1878 2477 1890 2494 ‚
1917 2442 2037 2489 unde
2075 2442 2254 2508 limpha}

422 2512 621 2576 ejusdem
645 2508 857 2575 regreffus
887 2507 1114 2556 difficilior
1141 2508 1402 2573 tardiorque
1424 2507 1498 2555 fiat
1519 2524 1571 2553 ex
1592 2521 1717 2572 parte
1746 2506 1889 2555 minus
1911 2507 2088 2559 declivi.

857 2649 894 2698 ᾗ,
946 2642 1057 2684 ΙΙΙ.
1123 2637 1816 2684 5ΥΜΡΤΟΜΑΤΑ,

493 2776 553 2812 1⁰.
589 2765 778 2828 Limpha
803 2764 849 2810 in
870 2764 1094 2829 glandulas
1119 2763 1365 2827 inguinales
1391 2765 1606 2809 conve&a
1623 2767 1668 2807 ὃ(
1689 2760 1863 2807 seminii
1889 2762 2070 2809 venerei
2097 2770 2253 2811 contass

431 2832 506 2895 gio
539 2829 757 2894 inspiss'ata
786 2829 920 2876 debet
947 2831 995 2876 in
1019 2829 1105 2875 illis
1137 2828 1303 2876 haerere
1325 2833 1371 2874 &
1398 2828 1581 2874 retineri
1608 2842 1788 2891 propter
1817 2826 2082 2890 multiplices
2105 2833 2148 2872 δε
2169 2846 2253 2874 ana

431 2893 668 2943 fractuosas
710 2893 968 2941 cellularum
995 2894 1191 2940 invicem
1229 2892 1655 2939 communicantium
1685 2891 1777 2937 vias
1806 2924 1818 2943 ‚
1858 2908 1952 2954 quae
1991 2891 2250 2938 exiturienti

432 2961 616 3008 obstant.
648 2958 756 3004 Inde
789 2976 897 3022 ergo
921 2960 1029 3006 levis
1055 2958 1186 3004 initio
1216 2957 1365 3006 morbi
1387 2958 1680 3020 glandularum
1703 2959 2122 3019 inguinaliumtumor.
2230 2966 2250 2971 ”

498 3034 561 3072 20.
596 3023 824 3068 Glandulae
845 3024 1036 3088 inguinis
1057 3040 1228 3069 tumere
1249 3040 1341 3068 non
1360 3019 1533 3086 possunt
1551 3056 1564 3074 ,
1584 3021 1695 3084 quin
1714 3020 2005 3066 distrahantur
2025 3038 2036 3073 3
2057 3036 2136 3064 nec
2157 3017 2250 3063 dis-

433 3090 550 3137 trahi
581 3086 686 3151 quin
725 3087 908 3133 doleant
942 3088 1080 3152 'magis
1111 3086 1313 3134 minusve
1371 3104 1422 3132 ro
1454 3085 1779 3132 tumefaetionis
1812 3085 1950 3130 modo
1983 3090 2029 3129 δέ
2050 3082 2245 3143 huperti.

433 3156 554 3201 Hinc
581 3168 690 3216 ergo
714 3150 764 3197 in
780 3149 963 3200 bubone
982 3151 1222 3218 praesertim
1250 3104 1474 3203 cresiiente
1493 3152 1753 3215 inguinalium
1765 3150 2055 3214 glandularnm
2073 3145 2201 3202 dolon
