2477 3643
150 325 380 379 {Deplorataes

179 1221 383 1265 Ganqraena

149 1273 329 1310 inducitur

149 1325 294 1362 conciso
304 1335 383 1377 par-

149 1388 196 1414 tis
227 1389 381 1418 contex-

149 1440 202 1474 tu.

183 2005 279 2043 Cum
300 2005 381 2044 dis-

148 2058 309 2094 cinditur
348 2059 383 2096 in

144 2110 385 2161 phlegmone,

144 2174 209 2199 aut
222 2164 383 2201 ereditur

145 2214 183 2251 in
212 2214 380 2254 cedema-

141 2276 200 2308 pte.

196 2782 381 2832 symptoa

144 2836 256 2867 mata.
273 2834 383 2870 [Im-

149 2880 303 2918 minutio
320 2897 382 2922 ca-

148 2928 237 2967 loris
254 2960 265 2975 ‚
305 2935 379 2972 do-

148 2979 237 3017 loris
263 2989 295 3022 &
326 2989 380 3025 la:-

149 3034 261 3070 voris.

207 3114 244 3138 2.
262 3105 377 3144 Partis

144 3152 263 3192 subfid
286 3158 357 3194 ntia

148 3218 231 3246 cum
248 3208 374 3249 livore.

428 128 525 170 <272
761 102 896 160 'DE
964 72 1345 160 Monssis
1411 97 1933 162 v'ENERE‘is:

432 202 520 252 que
546 187 757 253 nigrescit
776 224 790 244 ,
817 208 1007 240 nurnero
1024 225 1038 247 ,
1062 190 1143 237 situ
1159 224 1172 246 ,
1198 190 1507 257 magnitudine
1533 191 1693 247 variae3
1716 197 1763 239 &
1788 209 1892 240 tunc
1912 184 2145 257 gangtaenass
2163 197 2260 251 eon-3

421 255 597 316 firmata
626 254 806 302 dicitur.

499 327 568 378 4⁰.
595 319 789 366 Demum
812 321 922 368 cutis
937 355 950 374 ‚
978 318 1164 385 parsque
1196 319 1286 366 cuti
1317 318 1507 382 subjecta
1531 338 1750 387 corruptae
1766 357 1779 377 ,
1815 337 2027 370 emortuae
2042 357 2056 377 ,
2074 323 2223 371 lividae
2242 357 2257 378 ,

435 383 571 448 nigrae
589 417 602 437 ,
628 383 794 431 foetidae
821 406 832 439 3
865 387 1019 432 caloris
1037 418 1049 435 ,
1076 384 1221 430 sensus
1251 385 1485 450 pulsusque
1518 403 1746 451 expertes,
1781 388 1829 434 in
1861 388 2015 435 tabum
2052 388 2258 436 diffluunt

433 449 697 512 graveolens
716 482 728 500 ‚
749 451 819 496 vel
840 450 870 495 sr
892 449 1042 512 digitis
1062 449 1397 512 prehendantur
1418 485 1430 503 ,
1451 451 1499 496 in
1518 451 1696 498 lacinias
1712 452 1736 497 a
1756 452 1947 515 subjecta
1977 470 2109 500 carne
2134 452 2258 518 sepa,-

433 529 588 560 rantur
613 533 626 567 3
660 529 792 576 atque
822 514 895 559 hic
921 513 1102 560 ultimus
1129 516 1188 561 est
1223 515 1464 564 necrofeos
1490 516 1678 580 gradus,
1711 518 1789 581 qui
1824 518 1985 565 Graecis
2005 518 2255 582 sphacelns,

432 579 600 626 Latinis
616 579 813 639 sideratio
836 578 1016 624 dicitur.

495 641 739 706 Gangraenzi
759 660 818 688 eae
835 643 1098 707 genitalium
1116 658 1192 689 aut
1214 643 1286 690 ani
1303 660 1444 709 partes
1471 661 1699 692 tentantur
1715 679 1729 699 ,
1754 664 1847 709 quae
1867 646 1891 692 ὲ
1916 648 2142 710 stagnante
2161 646 2258 693 san-

433 707 569 770 guine
587 707 658 753 vel
676 706 843 771 limpha
862 709 976 754 male
993 708 1161 754 habent
1182 728 1192 753 τ
1209 713 1481 773 Frequenter
1506 711 1691 774 quidem
1709 711 1792 756 illae
1811 745 1823 763 ,
1843 729 1937 774 quae
1963 713 2118 758 naturz‘i
2139 711 2261 757 moi-

432 773 497 819 les
514 771 613 818 sunt
634 775 678 817 δέ
703 770 947 837 spongiosae
962 806 976 827 ,
1004 788 1053 818 ut
1078 772 1258 819 balanus
1279 774 1326 819 in
1344 775 1450 821 viris
1465 809 1477 828 ,
1499 775 1616 822 labia
1639 775 1781 823 vulvae
1807 775 1855 820 in
1880 776 2165 830 mulieribus,
2183 775 2258 823 ani

427 853 588 899 margo
613 835 661 881 in
681 836 857 884 cinaedis
876 857 887 891 3
908 837 1184 902 frequentius
1204 840 1315 885 vero
1341 858 1435 904 quae
1459 840 1558 887 sunt
1587 856 1779 886 cutaneae
1800 845 1846 886 δε
1865 841 2004 903 magis
2031 840 2257 894 flaccidae,

412 912 480 945 ‘ut
505 900 552 946 in
577 901 682 947 viris
703 904 963 968 praeputium
980 937 994 955 ,
1012 920 1058 947 m
1077 901 1272 948 foeminis
1299 905 1502 969 nymphae
1523 904 1611 952 five
1631 905 1835 969 pterygia
1849 937 1861 957 ,
1877 905 1925 950 in
1953 904 2130 951 cmaedis
2148 905 2258 953 crif-

431 979 480 1009 tae
507 965 576 1011 ani
597 984 608 1018 ·,
628 965 733 1012 inde
762 967 891 1016 brevi
919 966 1045 1013 altius
1071 967 1334 1031 longiusque
1363 967 1525 1034 serpit,
1547 975 1593 1016 ὃς
1616 970 1670 1016 ab
1691 968 1854 1015 affeetis
1872 969 2070 1034 partibus
2089 970 2136 1015 in
2158 987 2262 1016 cor-

427 1046 538 1093 pora
565 1031 807 1078 cavernosa
827 1066 840 1086 ,
865 1049 1100 1095 totumque
1130 1050 1290 1097 penem
1313 1033 1361 1078 in
1388 1035 1522 1088 viris,
1550 1036 1598 1081 in
1624 1034 1766 1081 vulvae
1803 1034 1984 1080 claustra
2013 1040 2057 1081 δέ
2090 1034 2258 1099 vaginae

428 1094 587 1140 ostium
608 1096 655 1142 in
673 1095 868 1144 foeminis
900 1117 913 1152 ·,
945 1102 989 1143 δε
1019 1098 1066 1142 in
1091 1112 1342 1145 extremum
1371 1101 1541 1147 rectum
1572 1100 1620 1146 in
1654 1099 1831 1146 cinaedis
1856 1099 1991 1146 celeri
2011 1098 2130 1165 paffu
2147 1117 2255 1165 pro·-

426 1176 627 1223 pagatur.

493 1228 642 1286 Caufh.
680 1226 801 1274 Perit
821 1227 869 1274 in
897 1227 1126 1292 gangraenfi
1146 1234 1191 1274 δέ
1213 1228 1416 1293 sphacelo
1439 1229 1585 1277 sensus
1601 1264 1613 1283 ,
1637 1230 1760 1277 calor
1778 1263 1791 1283 ‚
1819 1228 2050 1275 circulatio
2079 1228 2256 1292 sangui-

428 1289 495 1335 nis
531 1295 576 1335 &
611 1291 813 1357 limphae,
840 1311 1005 1345 nexu5,
1027 1293 1211 1339 cohaesio
1230 1327 1242 1346 ‚
1278 1293 1462 1341 firmitas
1487 1296 1692 1360 partium.
1721 1294 2038 1341 conciduntur
2069 1311 2178 1357 ergo
2208 1294 2257 1340 in

427 1355 659 1418 gangtaena
679 1363 725 1403 δε
744 1375 823 1422 per
848 1358 1035 1404 minima
1054 1358 1319 1405 dividuntur
1355 1369 1414 1405 10.
1442 1361 1622 1412 Nervi,
1647 1359 1808 1423 quibus
1840 1357 1984 1404 seusus
2012 1360 2166 1422 viget,
2192 1367 2259 1404 20.

425 1422 613 1465 Arteriae
630 1454 644 1474 ,
668 1439 792 1468 venae
808 1457 821 1476 ,
842 1422 943 1468 vasa
964 1423 1220 1488 limphatica
1237 1457 1249 1475 ‚
1268 1423 1428 1486 quibus
1453 1424 1625 1488 sanguis
1646 1431 1690 1470 &
1709 1423 1877 1488 limpha
1905 1423 2162 1470 circulando
2184 1441 2258 1469 ca·-

426 1484 573 1530 lorem
607 1487 809 1532 nativum
835 1486 995 1534 fovent
1029 1507 1041 1540 ·,
1083 1489 1143 1550 3⁰.
1172 1488 1365 1534 Demum
1403 1490 1585 1536 stamina
1618 1489 1772 1536 omnia·
1799 1488 2012 1535 tendiuea
2039 1522 2053 1542 ,
2098 1488 2265 1551 quibus

425 1549 559 1614 partis
584 1567 818 1598 contextus
851 1551 1129 1616 firmitasque
1163 1555 1341 1598 constat.

488 1616 636 1676 Potest
672 1634 723 1662 ea
762 1615 1080 1680 consequentia
1109 1616 1293 1663 ulterius
1320 1618 1575 1665 confirmari
1600 1636 1652 1666 ex
1681 1618 1786 1663 nota
1812 1614 2007 1664 efficacia
2028 1617 2258 1664 causarum·

425 1679 743 1743 praecipuarum
765 1714 777 1733 ,
797 1682 956 1744 quibus
983 1699 1211 1746 gangraeua
1237 1681 1346 1729 solet
1366 1682 1656 1729 efficacissime
1682 1682 1857 1729 inferri.
1888 1683 1959 1728 Sic
1985 1683 2099 1745 iguis
2131 1694 2287 1729 com-'

427 1743 637 1790 burendo
654 1762 665 1797 3
684 1745 957 1792 escharotica
975 1780 987 1798 ,
1008 1748 1192 1792 caustica
1211 1781 1223 1799 ,
1253 1753 1297 1792 &
1329 1748 1606 1796 cathaeretica
1636 1748 1834 1795 remedia
1860 1748 2125 1799 erodend03
2147 1765 2260 1793 cort-

429 1807 539 1853 tusro
565 1809 704 1856 nimia
730 1812 1011 1858 conterendo
1040 1830 1050 1865 3
1086 1812 1372 1874 congelatio,
1403 1814 1474 1859 cui
1505 1814 1638 1878 partis
1671 1812 1909 1875 congelatae
1945 1812 2106 1858 solutio
2130 1812 2259 1858 citius

425 1871 629 1919 succedit
647 1907 659 1926 ,
681 1875 919 1922 lacerando
938 1895 948 1929 3
969 1875 1136 1939 singula
1162 1877 1326 1923 scilicet
1351 1877 1428 1924 suo
1448 1895 1634 1941 quaeque
1669 1879 1807 1923 modo
1831 1877 1963 1941 partis
1997 1893 2258 1923 contextum

416 1936 618 2000 vasaque
645 1941 759 2002 parti
786 1943 1026 1987 intertexta
1054 1942 1341 1988 concidendo
1359 1960 1639 2006 gangraenam
1659 1947 1704 1988 δέ
1726 1940 1978 2007 sphacelum
1998 1941 2236 1987 advocant.

491 2001 697 2048 Idunum
727 2022 835 2067 ergo
860 2004 1047 2069 superest
1066 2040 1078 2058 ,
1096 2023 1143 2052 ut
1166 2006 1295 2051 millis
1324 2024 1579 2053 caeterarum
1607 2024 1939 2070 gangraenarum
1963 2006 2094 2051 causis
2115 2040 2126 2058 ‚
2143 2024 2257 2069 qua·-

429 2083 528 2112 rum
547 2071 633 2128 jam
651 2085 743 2114 non
765 2069 998 2133 satagimus
1014 2104 1025 2122 ,
1050 2071 1096 2115 in
1120 2071 1360 2135 peculiares
1385 2071 1530 2117 causas
1558 2072 1830 2134 inquiramus
1846 2104 1858 2122 ,
1887 2070 2047 2133 quibus
2072 2071 2263 2117 videtur

430 2131 564 2196 partis
586 2150 818 2181 contextus
846 2135 1010 2181 destrui
1039 2136 1158 2199 poste
1184 2136 1233 2180 in
1258 2135 1454 2199 praesenti
1474 2136 1588 2183 casu.
1618 2140 1740 2182 Duas
1767 2151 1913 2181 autem
1947 2136 2005 2180 ad·
2034 2134 2259 2182 summum

428 2196 706 2259 agnoscimus
724 2233 736 2251 ,
756 2203 926 2245 alteram
957 2200 1139 2262 quidem
1169 2201 1215 2245 iu
1241 2201 1471 2264 phlegmone
1495 2240 1511 2255 ,
1536 2201 1720 2247 nimiam
1758 2199 1924 2247 scilicet
1953 2199 2174 2263 sanguinis
2206 2206 2258 2246 δε

426 2260 603 2325 l'nnphae
632 2264 678 2308 in
706 2281 827 2327 parte
854 2266 1186 2327 congestionem
1223 2271 1268 2310 &
1299 2265 1643 2328 turgescentiam
1661 2300 1672 2318 ,
1703 2265 1825 2312 uude
1862 2282 1953 2311 non
1981 2265 2119 2310 modo
2148 2264 2250 2311 vasa

428 2325 616 2373 nimium
644 2328 830 2375 distenta
850 2363 862 2381 ‚
885 2328 958 2376 sed
977 2331 1111 2375 etiam
1142 2329 1335 2394 appofita
1362 2331 1542 2376 stamina
1569 2331 1793 2395 perrumpi
1821 2336 1864 2375 8<
1892 2329 2133 2375 laciniatim
2157 2329 2251 2376 dif-

429 2391 552 2436 cindi
585 2394 755 2439 neceffe
791 2395 850 2440 est
887 2413 896 2439 τ
932 2397 1122 2441 Alteram
1156 2395 1266 2441 verb
1292 2395 1337 2440 in
1365 2396 1552 2441 oedemate
1574 2435 1588 2449 ,
1610 2413 1773 2459 nempe
1799 2394 1982 2440 salsioris
2001 2400 2045 2440 δέ
2068 2394 2253 2440 acrioris

425 2455 605 2519 limphae
632 2457 894 2504 decubitum
926 2464 970 2504 δέ
991 2460 1310 2523 stagnationem
1330 2493 1341 2511 ‚
1367 2459 1485 2507 unde
1516 2460 1614 2506 sero
1645 2461 1787 2505 laxata
1822 2465 1866 2505 δε
1893 2460 2092 2505 emollita
2118 2460 2252 2524 partis

427 2520 613 2566 exiliora
652 2523 832 2568 stamina
854 2557 866 2576 ,
899 2522 1088 2587 vasaque
1129 2525 1336 2571 tenuiora
1358 2523 1504 2571 salinis
1534 2525 1758 2590 particulis
1790 2524 1970 2571 taudem
1997 2525 2254 2572 minutatim

426 2584 603 2630 dissolvi
625 2593 670 2633 ὃ(
694 2588 821 2633 erodi
842 2587 1027 2634 debent.

488 2650 613 2694 Prior
633 2650 759 2697 causa
779 2652 905 2697 citius
925 2653 1015 2716 agit
1033 2686 1045 2704 ‚
1067 2652 1143 2699 secl
1159 2654 1420 2718 plerumque
1440 2654 1576 2717 tnagis
1596 2654 1890 2715 ssiperficiarie
1906 2671 1917 2707 3
1934 2652 2146 2718 posterior
2164 2668 2250 2699 rar-

421 2711 524 2758 *ditis
539 2747 550 2763 ‚
572 2713 646 2760 sed
667 2715 817 2769 altius,
837 2716 973 2762 ambae
991 2752 1002 2769 ,
1019 2716 1048 2761 fi
1067 2722 1305 2780 jungantur
1322 2753 1333 2771 ,
1355 2719 1552 2765 citiffime
1568 2753 1580 2771 ,
1600 2718 1893 2765 efficaciffime
1907 2751 1919 2769 ,
1943 2717 2139 2763 altiffime

486 2783 776 2843 Symptomata.
813 2789 875 2825 10.
904 2788 954 2826 In
976 2783 1206 2844 gaugraenfi
1224 2783 1489 2829 imminente
1509 2801 1645 2847 pauca
1663 2789 1709 2829 ὃ(
1733 2784 1864 2829 exilia
1882 2783 2062 2828 stamina
2080 2781 2249 2829 disciffii

426 2840 497 2886 vel
527 2842 651 2888 erosa
670 2843 769 2890 sunt
788 2864 796 2890 :
816 2846 937 2892 Hinc
953 2864 1062 2909 ergo
1081 2848 1128 2892 in
1148 2846 1298 2894 affeci&
1328 2864 1452 2912 parte
1471 2847 1625 2912 partim
1653 2848 1866 2893 relaxatur
1900 2863 2030 2893 tonus
2050 2881 2062 2900 ,
2081 2847 2242 2898 tensio,

425 2904 607 2953 firmitas
629 2926 640 2961 5
662 2924 794 2972 atque
825 2910 938 2958 adeo
966 2913 1124 2958 caloris
1142 2947 1155 2966 ,
1184 2913 1353 2960 doloris
1369 2946 1382 2966 ,
1402 2913 1580 2961 laevorisf
1593 2913 1853 2959 imminutio
1876 2912 2012 2960 debet
2037 2928 2139 2959 tunc
2161 2912 2246 2959 effe

422 2970 470 3014 in
493 2972 840 3021 moderatiffimo
857 2976 1018 3039 gr'adu.

488 3043 550 3079 2⁰.
576 3041 627 3080 In
645 3038 887 3102 incipiente
908 3043 1015 3087 vero
1036 3046 1081 3087 δέ
1102 3042 1227 3105 plura
1258 3048 1305 3089 &
1329 3043 1532 3089 craffiora
1569 3042 1747 3089 stamina
1777 3041 2011 3089 dilacerari
2027 3041 2097 3088 vel
2117 3037 2244 3086 erodi

420 3099 642 3146 necessum
672 3104 731 3147 est
765 3103 819 3149 ab
850 3105 1148 3152 invalescente
1184 3106 1411 3153 causarum
1443 3108 1702 3154 earumdem
1736 3106 1944 3153 efficacia.
1984 3106 2102 3152 Hinc
2135 3120 2244 3166 ergo

420 3176 523 3208 tunc
558 3169 698 3227 majo-r
728 3167 858 3231 partis
876 3168 1147 3229 flacciditas,
1168 3171 1462 3228 subfidentia,
1490 3173 1634 3231 livor,
1655 3189 1756 3224 cum
1781 3167 2170 3220 manifestosenssts
2196 3171 2246 3214 δε.

419 3225 573 3276 caloris
592 3230 895 3282 decremento,
2180 3238 2251 3295 ἦῆ
