2477 3643
167 231 352 273 inaticot't'i
367 259 378 277 .

168 285 393 323 ilchidiaco-

167 347 264 376 nunu

187 1067 256 1105 lv.
274 1069 396 1117 Erup-

164 1120 221 1157 εἷο
240 1132 398 1157 catame-

162 1172 321 1219 nictum.

200 2375 248 2416 V.
272 2373 396 2413 Abor-

167 2439 230 2466 tus
253 2440 285 2464 in
303 2438 397 2477 prae-

166 2479 373 2534 girantibus.

437 132 586 198 '3⁴73⁴
687 198 694 205 ἢ
819 134 926 184 DE
993 133 1358 184 MORB'IS
1425 132 1941 186 VENEREI'S.¹

505 214 564 261 ι’.
605 211 869 264 Salivationi
895 214 1057 279 largius
1085 214 1239 264 fluenti
1270 210 1594 263 moderandum
1607 216 1801 282 ⁴quidem
1823 219 1883 266 est
1901 251 1914 271 ‚
1943 215 2098 268 sedita
2118 229 2271 271 tame}

439 294 487 327 ut
517 296 571 328 ex
601 295 700 328 toto
728 299 820 330 non
856 281 1118 329 cohibeatur
1138 313 1152 334 ,
1183 278 1261 327 nisi
1295 278 1503 327 dolorum
1536 280 1718 330 acceffio
1749 281 2060 332 vehementior
2089 282 2273 335 febrem

442 343 649 393 advocet.

505 418 569 458 20.
612 409 796 456 Dolor-is
814 406 981 456 morsus
999 406 1272 471 mitigandus
1290 406 1415 456 diaetzi
1435 408 1705 463 tenuissimfl,
1727 409 1854 475 largo
1877 427 1987 478 potu
2006 411 2183 477 ptisanae
2206 414 2281 463 le·-¹

440 475 602 522 nientis
623 480 668 521 δε
685 474 910 521 diurericae
925 507 938 524 ,
958 472 1037 518 usu
1059 473 1291 534 clysterum
1307 474 1576 537 quotidiano
1596 492 1649 520 ex
1668 475 1856 524 decocto
1873 479 2104 525 communi
2122 479 2270 527 emol-

439 541 577 588 liente
607 540 673 587 vel
689 538 901 600 anodyno
915 571 927 589 ‚
947 555 1107 602 nempe
1128 537 1342 585 foliorum
1363 537 1592 590 verbasci,
1614 538 1880 606 seminisque
1896 541 1978 589 lini
1994 575 2006 593 ,
2040 560 2142 590 cum
2160 543 2266 591 oleo

439 605 769 668 amygdalarum
786 603 984 649 dulcium
1003 619 1078 650 aut
1095 602 1258 667 butyro
1275 602 1436 651 insulso
1451 637 1464 657 ,
1480 604 1572 651 imo
1589 621 1691 650 cum
1710 606 1905 654 medulla
1922 605 2053 654 cassiae
2067 641 2081 662 ,
2095 608 2125 654 si
2146 608 2272 657 alvus

437 671 612 737 pigrior
632 668 697 714 sit.
888 727 891 731 Α
1324 724 1327 727 y

503 737 564 796 3⁰.
606 732 790 797 Sanguis
820 732 983 796 jugiter
1012 731 1227 779 eluendus
1257 731 1334 778 usu
1366 731 1596 779 infusionis
1619 732 1837 780 foliorum
1863 732 1974 780 theae
2000 736 2073 784 vel
2103 735 2272 784 herba·

440 817 540 847 rum
575 798 930 846 vulnerariarum
960 815 1012 844 ex
1036 797 1324 843 blandiorum
1355 816 1520 862 genere
1539 833 1551 849 ,
1579 800 1729 863 quales
1761 799 1858 846 sunt
1880 797 2238 864 scolopendrium
2254 835 2269 857 ‚

440 864 582 911 urtica
597 898 609 917 ‚
634 863 766 910 salvia
783 897 795 915 ‚
825 863 1039 909 veronica
1057 897 1069 915 ,
1088 862 1212 926 virga
1231 881 1361 909 aurea
1375 896 1388 915 ,
1409 863 1576 910 meliffa
1591 897 1604 917 ,
1631 864 1912 928 chamaepitys
1931 869 2017 910 &c.
2037 870 2157 926 cujus
2174 884 2273 912 ma·-

439 930 496 976 ne
529 935 572 975 ἃ
597 929 689 975 sero
717 927 892 993 poffunt
924 928 1085 992 pocilla
1117 928 1287 991 aliquot
1310 928 1558 980 sorbillat-i,
1585 944 1634 974 ut
1653 929 1765 976 levis
1795 929 1952 975 mador
1979 930 2240 994 proliciatur
2255 955 2277 985 ,>

438 1011 530 1059 quo
549 995 731 1040 dolores
748 993 777 1038 fi
793 1010 885 1039 non
903 992 1195 1038 discutiantur
1214 1027 1226 1045 ,
1246 992 1398 1039 saltem
1418 994 1641 1040 leniantur
1660 1000 1704 1040 &
1726 993 2002 1057 mitigentur.

501 1064 519 1104 I
539 1065 592 1107 V.
630 1059 784 1106 Solent
800 1059 847 1103 in
867 1057 1127 1105 mulieribus
1152 1075 1387 1122 erumpere
1414 1059 1662 1105 catanienia
1682 1092 1695 1111 ‚
1714 1076 1830 1105 nunc
1849 1058 2034 1123 quidem
2055 1059 2158 1105 stata
2189 1076 2272 1124 pe·-

441 1123 574 1170 riodo
594 1158 606 1177 ,
631 1124 805 1187 quoties
824 1123 991 1170 scilicet
1008 1123 1056 1168 in
1087 1123 1396 1187 aggrediendo
1420 1122 1625 1170 remedio
1647 1123 1703 1170 de
1736 1139 1942 1189 tempore
1959 1157 1973 1177 ,
1997 1142 2089 1187 quo
2119 1142 2274 1171 recur-

441 1187 540 1235 sura
567 1187 704 1237 essent
719 1223 731 1241 ,
761 1187 917 1252 parum
936 1187 1165 1252 provisum
1184 1187 1321 1235 fuerit
1341 1206 1352 1241 3
1377 1205 1495 1233 nunc
1514 1188 1623 1234 vero
1639 1204 1764 1234 extra
1782 1189 1992 1236 ordinem
2013 1194 2058 1235 ὃ(
2078 1189 2122 1235 vi
2144 1193 2274 1237 Mer-

441 1254 556 1300 curii
576 1270 677 1301 ante
709 1270 881 1318 tempus
911 1253 1154 1317 proritata‚
1190 1270 1322 1316 atque
1346 1253 1458 1299 adeo
1489 1251 1690 1299 frustrata
1709 1253 1947 1307 cautione,
1976 1270 2274 1317 quantacum-

438 1335 529 1384 que
549 1319 606 1366 de
632 1318 819 1366 vitando
838 1318 1021 1363 illorum
1041 1317 1232 1381 regressu
1253 1317 1456 1364 adhibita
1473 1317 1537 1363 fit.
1575 1317 1663 1364 Sed
1691 1318 1974 1383 quacumque
2002 1319 2178 1367 ratione
2198 1319 2275 1368 vel

439 1384 633 1449 periodo
658 1383 901 1445 contigerit
919 1416 932 1435 ‚
956 1398 1004 1428 ut
1025 1385 1243 1429 menstrua
1259 1381 1573 1445 hydrargyrofi
1594 1381 1905 1446 superveniant
1920 1416 1931 1434 ,

516 1451 576 1495 1⁰.
613 1452 743 1495 Tunc
761 1446 1031 1493 sustinendus
1051 1448 1109 1492 est
1131 1445 1404 1494 salivationis
1424 1448 1614 1511 impetus
1632 1481 1644 1499 ‚
1666 1445 1696 1491 fi
1715 1446 1830 1494 forte
1853 1447 2169 1495 vehementior
2187 1449 2237 1495 sit
2259 1468 2272 1497 2
2336 1472 2339 1473 ⁷

441 1514 505 1560 Ea
530 1529 680 1559 tamen
712 1512 871 1559 caviffe
905 1512 978 1557 vix
1008 1529 1203 1574 unquam
1226 1530 1336 1577 opus
1355 1514 1444 1565 est,
1476 1511 1577 1557 esim
1607 1511 1883 1576 experientia
1911 1529 2192 1576 compertum
2222 1514 2273 1560 fit

439 1576 723 1643 ptyalismum
749 1577 904 1642 sponte
923 1575 1128 1622 fatiscere
1146 1610 1159 1629 ,
1187 1577 1388 1640 quandiu
1408 1578 1629 1623 menstrua
1652 1575 1834 1623 uberius
1857 1593 2070 1629 manant,
2088 1577 2277 1626 materii‘

439 1642 608 1691 scilicet
626 1677 638 1695 ,
659 1660 755 1707 quae
772 1641 827 1688 ad
845 1659 894 1687 os
911 1640 1165 1687 confluebat
1180 1675 1193 1694 ,
1214 1641 1424 1688 deorsum
1445 1642 1716 1688 divertente.

508 1717 573 1754 20.
607 1708 653 1754 Si
673 1706 918 1754 catamenia
935 1705 1165 1753 'moderate
1184 1706 1324 1752 fluant
1342 1741 1354 1760 ,
1376 1706 1492 1754 bene
1511 1707 1570 1752 est
1584 1738 1596 1757 ‚
1629 1704 1785 1770 resque
1804 1720 1898 1752 tota
1920 1721 2083 1752 naturae
2103 1704 2279 1755 viribus

443 1772 772 1820 committenda
789 1806 802 1825 ‚
833 1772 915 1817 hac
944 1770 1029 1816 una
1057 1771 1266 1819 cautione
1292 1788 1340 1817 ut
1366 1772 1475 1818 dum
1503 1770 1647 1817 fluunt
1674 1770 1840 1832 juscula
1873 1770 1957 1817 sint
1994 1770 2274 1832 valentiora,

442 1839 517 1885 vel
537 1837 699 1885 additis
718 1854 923 1883 cremore
940 1853 1083 1896 oryzae
1102 1853 1176 1882 aut
1194 1837 1270 1882 ovi
1289 1836 1446 1883 vitello
1466 1836 1666 1882 firmiora
1685 1836 1811 1882 fiant.

511 1912 572 1965 30.
609 1903 652 1949 Si
673 1903 782 1949 vero
814 1901 1151 1947 immoderatius
1176 1902 1456 1948 manaverint
1472 1935 1485 1954 ,
1516 1901 1569 1947 iis
1593 1901 1813 1947 utendum
1842 1899 2052 1947 remediis
2079 1917 2174 1963 quae
2197 1899 2276 1946 ada

446 1967 592 2017 versus
626 1966 922 2012 immodicum
953 1967 1277 2012 menstruorum
1313 1965 1482 2011 fluxum
1512 1965 1694 2017 valent,
1731 1981 1778 2011 ut
1810 1964 1909 2011 sunt
1942 1965 2141 2011 remedia
2175 1963 2275 2012 fere

446 2032 602 2082 onmia
635 2030 762 2095 suprzi
797 2029 1010 2076 recensita
1039 2033 1211 2075 articulo
1231 2048 1262 2074 1.
1294 2030 1552 2089 hujusstadii
1570 2069 1587 2084 ,
1620 2028 1697 2074 ubi
1728 2030 1776 2073 de
1803 2030 2009 2092 haemoptob
2026 2048 2038 2073 ,-
2063 2029 2138 2075 fed
2170 2048 2276 2094 prae-

442 2097 600 2146 sertim
632 2095 866 2142 decoctum
899 2094 1203 2142 aurantiorum
1235 2095 1602 2146 immaturorum3
1622 2094 1800 2139 alumen
1838 2110 2025 2155 tupeum
2061 2092 2140 2140 sub
2177 2093 2277 2140 for-

443 2163 519 2210 mxi
548 2160 643 2209 boli
667 2160 722 2207 ad
751 2177 779 2225 3
805 2159 849 2206 ss.
874 2158 1079 2223 quolibet
1119 2159 1415 2223 quadrihorio
1441 2158 1711 2206 devoratum
1745 2175 1757 2210 ;
1793 2157 1863 2203 vel
1892 2157 2020 2203 bolus
2048 2176 2102 2205 ex
2140 2160 2273 2222 aequis

444 2226 649 2278 aluminis
677 2225 802 2289 rupei
818 2260 830 2278 ,
856 2223 1078 2287 sanguinis
1104 2224 1311 2270 draconis
1335 2229 1381 2270 &
1405 2222 1601 2269 sacchari
1626 2222 1752 2269 rubri
1767 2221 1965 2286 partibus
1979 2255 1992 2275 ,
2020 2227 2140 2286 cujus
2160 2223 2274 2272 dofis

445 2294 500 2343 ad
525 2311 553 2357 3
569 2297 596 2355 j.
616 2290 820 2355 quolibet
839 2287 1136 2355 quadrihorio
1154 2289 1357 2336 iteranda
1375 2290 1433 2336 est
1449 2288 1479 2343 st
1499 2287 1680 2334 morbus
1700 2302 1871 2349 urgeat.

502 2365 554 2407 V.
593 2357 809 2405 Mulieres
825 2390 837 2409 ,
860 2372 955 2419 quae
973 2369 1151 2401 uterum
1167 2370 1330 2418 gerunt
1345 2387 1358 2407 ‚
1379 2353 1619 2417 aliquando
1639 2352 1686 2398 in
1704 2350 1795 2415 ips&⁴
1812 2350 2122 2414 hydrargyrofi
2143 2351 2275 2399 abor-

444 2423 561 2473 tiunt
576 2458 588 2477 ‚
622 2422 710 2469 five
734 2420 939 2467 citatiore
958 2419 1129 2484 impetu
1150 2437 1242 2483 quo
1262 2418 1434 2482 sanguis
1462 2418 1606 2482 agitur
1632 2417 1655 2463 ἃ.
1682 2415 1915 2463 Mercurio
1944 2418 2272 2472 tumultuante,

442 2490 532 2537 five
550 2486 803 2553 irrequietis
819 2483 950 2532 foetiis
966 2518 978 2537 ‚
996 2484 1074 2548 qui
1092 2500 1198 2530 tunc
1215 2482 1307 2549 ipse
1325 2483 1437 2530 male
1452 2483 1589 2530 habet
1602 2515 1615 2535 ‚
1635 2479 2031 2528 calcitrationibus.

504 2553 602 2601 Ubi
632 2550 825 2619 primum
853 2568 907 2597 ex
928 2548 1152 2613 sanguinis
1170 2548 1394 2614 profluvio
1412 2582 1425 2601 ‚
1446 2565 1499 2595 ex
1519 2546 1797 2612 depressione
1812 2545 1980 2593 ventris
1997 2578 2010 2598 ‚
2031 2562 2084 2592 ex
2112 2544 2274 2596 dolore

441 2621 493 2671 in
512 2636 640 2667 utero
662 2623 707 2666 δε
729 2635 782 2664 ex
802 2615 1013 2663 enixuum
1032 2613 1257 2680 praesentia
1277 2613 1554 2660 manifestum
1575 2613 1634 2660 est
1653 2612 1861 2658 abortum
1879 2610 2037 2657 instare
2052 2642 2065 2662 ‚

525 2685 582 2730 1⁹.
620 2678 1010 2744 Hydrargyroseos
1042 2678 1356 2732 vehementia,
1391 2678 1525 2742 quam
1561 2677 1751 2724 maxime
1781 2675 1880 2723 fieri
1910 2674 2110 2740 poterit,
2150 2673 2277 2722 susti-

441 2748 592 2797 nenda
617 2750 676 2794 est
695 2764 749 2794 ex
773 2745 875 2792 artis
893 2743 1056 2808 regulis
1073 2777 1085 2796 ,
1107 2760 1154 2790 ut
1174 2748 1261 2805 jam
1279 2741 1429 2808 saepius
1446 2741 1612 2788 dictum
1630 2742 1701 2788 est.

518 2815 581 2860 2⁹.
617 2808 885 2859 Parturienti
913 2826 966 2856 ex
996 2824 1088 2855 arte
1113 2806 1485 2856 obstetricandum
1511 2808 1569 2853 est
1584 2839 1595 2858 ,
1618 2810 1664 2852 ὃ(
1683 2802 1883 2851 exclusus
1902 2801 2046 2849 infans
2062 2836 2074 2853 ,
2093 2802 2122 2848 si
2143 2801 2275 2853 v1vus

443 2877 495 2925 fit
513 2911 526 2931 ,
555 2875 773 2942 baptismo
803 2873 1031 2922 confestim
1052 2873 1324 2926 lustrandus,
1354 2889 1410 2919 ne
1439 2869 1699 2936 praematura
1717 2884 1864 2915 morte
1885 2866 2137 2914 occumbat.
2175 2870 2270 2936 Caef·

444 2959 542 3002 tera
569 2942 672 2990 vero
699 2940 853 2987 omnia
878 2940 995 2987 circa
1014 2954 1203 2987 matrem
1232 2936 1540 3004 procuranda,
1559 2951 1607 2982 ut
1625 2932 1856 3002 procurari
1874 2932 2014 2980 solent
2054 2932 2100 2978 in
2135 2945 2267 2998 puerss·

444 3008 562 3072 peris
577 3041 588 3060 ,
608 3023 701 3070 quae
717 3003 874 3052 morbo
889 3004 1108 3051 immunes
1127 3001 1238 3050 sunt.
1996 3060 2004 3069 ·

510 3083 571 3135 30.
613 3071 658 3117 Si
684 3070 830 3117 lochia
851 3069 933 3115 rite
958 3074 1004 3116 &
1029 3070 1260 3117 moderate
1280 3068 1417 3115 fluant
1432 3100 1445 3121 ,
1476 3084 1543 3114 tes
1563 3080 1658 3112 tota
1685 3078 1847 3110 naturae
1868 3058 2164 3126 permittenda
2182 3056 2267 3128 doa'

447 3153 531 3183 nec
558 3133 715 3200 sponte
744 3132 904 3180 celsent
924 3166 936 3184 ,
968 3151 1059 3195 quo
1083 3150 1284 3198 tempore
1307 3132 1525 3180 Mercurii
1547 3128 1780 3178 efficacitas
1806 3124 2111 3199 instauranda,
2140 3121 2169 3166 si
2188 3129 2267 3192 'nl-

447 3202 587 3249 nuum
617 3196 857 3250 intermista
883 3196 1084 3247 videatur
1106 3217 1116 3246 ι
1137 3198 1212 3249 Ad
1239 3198 1384 3249 minus
1412 3195 1603 3249 remedii
1620 3194 1883 3247 diuturmtas
1913 3188 1968 3235 ad
1987 3188 2133 3251 PhfflssS
2169 3185 2263 3234 dle-8
