2477 3643
641 144 913 194 ἱππεῖ(
981 151 1112 195 111.
1177 150 1464 199 CAt’trr
1527 161 1636 204 VI.

169 215 276 280 'aqua
308 214 429 263 dulci
455 215 603 282 tepida
625 252 637 271 ‚
661 237 733 266 aut
754 223 986 285 potatione
1011 243 1226 289 aquarum
1257 229 1534 280 mineralium
1555 235 1845 286 acidularum.

176 289 184 293 “
237 288 298 327 2⁰.
317 281 434 329 Dein
453 282 691 346 exploratis
718 285 837 349 prius
858 303 1044 336 numero
1062 325 1074 344 ‚
1094 292 1378 356 longitudine
1395 331 1408 349 ‚
1429 298 1679 349 directione
1698 302 1866 351 sinuum
1885 340 1898 359 ‚
1916 311 1994 371 qui

170 361 268 391 cum
293 343 437 394 fistulae
459 348 569 393 ostio
603 352 936 398 communicant
956 387 968 406 ‚
1000 354 1271 420 singulorum
1294 362 1466 425 apertio
1491 364 1759 414 instituenda
1785 371 1868 416 etit
1900 390 1911 424 3
1945 392 1995 420 ac

167 408 349 473 quidem
368 444 381 463 ,
411 410 440 455 fi
471 414 644 459 cutanei
665 419 710 459 δε
729 416 881 478 parum
907 418 1053 465 callosi
1081 421 1161 467 {int
1179 456 1190 475 ‚
1211 425 1275 470 uti
1304 425 1458 473 licebit
1487 428 1693 494 scalpello
1711 433 1782 479 vel
1802 433 1960 483 forfice
1979 471 1993 491 ‚

164 491 355 537 quorum
374 475 649 524 introductio
666 478 845 543 specillo
865 482 1030 530 sulcato
1060 486 1278 549 dirigetur
1300 508 1310 542 ·,
1334 491 1542 556 labraque
1558 495 1662 541 hinc
1695 503 1738 543 &
1758 499 1866 545 inde
1884 519 1996 564 pen-

167 538 269 585 dula
295 538 452 586 forfice
483 542 610 588 caute
636 543 937 593 exscindenda
955 581 967 600 ‚
993 565 1040 594 ut
1073 550 1242 597 sumum
1273 553 1438 602 fundus
1465 559 1698 622 detegatur
1719 581 1730 616 3
1751 568 1798 609 ὃς
1828 564 1994 614 deinde

165 619 215 649 ut
241 602 422 650 solenne
451 607 542 658 est,
574 607 702 671 plaga
734 611 875 657 statim
906 613 1148 677 replebitur
1182 617 1234 662 ad
1267 618 1499 667 sistendum
1534 623 1789 688 sanguinem
1832 646 1989 693 carpto

166 668 417 715 linamento
435 702 449 721 ‚
476 688 567 734 quo
594 674 803 736 postridie
825 676 914 723 levi
933 694 1066 724 manu
1094 680 1292 728 detracto
1319 684 1437 732 ulcus
1468 687 1686 751 digestivo
1707 691 1894 758 simplici
1915 696 1994 743 ali·⁴

164 732 360 796 quandiu
378 767 391 785 ‚
420 752 468 780 ac
487 737 631 800 postea
653 738 849 785 Balsamo
868 743 1007 787 Arcaei
1023 746 1265 792 curabitur.

225 805 286 857 30.
327 800 384 843 At
415 801 523 845 veto
551 800 581 845 si
607 801 719 848 sinus
751 803 1064 868 profundiores
1092 808 1261 856 fuerint
1304 829 1378 860 aut
1409 814 1597 862 nimium
1625 819 1771 866 callosl
1806 857 1819 877 ,
1857 823 1989 872 satius

165 862 253 909 erit
269 863 467 910 cauterio
485 865 602 910 viam
615 865 692 912 fibi
711 867 885 922 faceoe,
917 887 963 917 ut
989 876 1073 933 jam
1100 876 1352 924 monuimus
1379 883 1619 942 praecedenti
1638 890 1801 948 Capite.
1835 893 1993 953 Itaque

165 927 363 990 apposito
394 927 537 974 fistulae
565 932 797 994 emplastro
811 935 1090 998 quolibetita
1106 939 1341 988 fenestrato
1358 977 1370 995 ,
1404 960 1449 989 ut
1472 946 1689 1008 potissima
1703 949 1871 998 sinuum
1891 969 1991 1018 pars

164 991 383 1055 emplastri
401 991 611 1041 foramini
630 996 704 1042 seu
720 997 912 1045 fenestrae
933 1000 1149 1061 subjaceat
1169 1038 1180 1056 ,
1212 1005 1410 1068 lapidum
1431 1011 1722 1059 causticorum
1742 1033 1897 1064 catena
1917 1019 1992 1065 su-

163 1057 501 1121 perimponetur
517 1093 529 1112 ,
551 1075 598 1106 ut
613 1060 790 1108 eschai-a
804 1064 890 1110 alte
905 1065 1105 1112 inuratur
1128 1087 1136 1112 :
1155 1070 1264 1125 Quae
1284 1070 1310 1114 si
1326 1071 1380 1116 ad
1393 1071 1505 1119 smus
1519 1073 1654 1139 usque
1671 1096 1763 1125 non
1782 1100 1990 1146 penetra-

163 1120 281 1168 verit
296 1155 309 1173 ,
329 1121 474 1167 incisae
495 1123 550 1169 ad
567 1125 719 1172 vivum
735 1127 919 1174 escharae
934 1130 1102 1194 lapides
1117 1132 1193 1177 alii
1219 1133 1431 1182 indentur
1446 1171 1458 1189 ‚
1478 1140 1547 1184 vel
1567 1143 1686 1203 quod
1709 1143 1883 1193 brevius
1899 1151 1959 1195 est
1974 1182 1988 1203 2

163 1185 285 1232 ferro
300 1186 573 1234 discindetut·
588 1189 853 1256 semi-putris
866 1195 1171 1260 intercapedo,
1187 1199 1274 1260 qua
1289 1199 1459 1247 sinuum
1472 1206 1655 1252 recessus
1671 1226 1986 1274 conteguntur.

228 1259 296 1308 40·
343 1252 464 1297 Dein
491 1252 678 1299 escharae
706 1257 845 1319 lapsus
885 1259 1018 1321 quarn
1047 1262 1253 1322 ocyffime
1277 1265 1619 1328 promovebitur
1654 1274 1987 1326 emollientibus

171 1318 217 1358 &
236 1314 530 1362 relaxantibus
546 1351 557 1369 ‚
587 1335 637 1363 ut
658 1318 821 1382 butyro
837 1357 849 1375 ,
871 1324 1025 1370 vitello
1054 1327 1131 1371 ovi
1153 1326 1247 1373 solo
1264 1362 1276 1380 ,
1296 1331 1367 1375 vel
1388 1348 1489 1379 cum
1519 1336 1622 1381 oleo
1648 1336 1878 1401 hyperici,
1911 1359 1986 1392 ant

165 1376 404 1426 bafilicone
431 1414 444 1432 ,
477 1398 551 1427 aut
583 1384 886 1432 terebinthina
917 1391 1200 1453 conquassato
1234 1397 1279 1438 &
1313 1394 1562 1443 linamentis
1588 1418 1775 1466 excepto
1796 1437 1808 1455 ,
1846 1405 1986 1470 lapsa-

163 1459 251 1504 que
273 1443 452 1490 eschai-:3
473 1447 593 1492 ulcus
613 1466 714 1495 cum
733 1451 951 1515 digestivo
972 1455 1143 1517 vulgari
1163 1458 1390 1504 curabitur
1411 1494 1423 1513 ‚
1445 1461 1591 1509 donec
1610 1465 1862 1532 suppuratio
1883 1486 1987 1536 pat-2-

161 1509 257 1553 cior
283 1508 467 1555 Balsami
491 1514 632 1558 Arcaei
653 1513 780 1561 usum
799 1516 977 1564 suadeat
998 1521 1067 1566 vel
1089 1522 1330 1583 permittat.
1416 1544 1426 1571 l

233 1581 292 1634 50.
325 1575 549 1622 Relaxatis
577 1577 708 1625 semel
737 1579 1047 1645 suppuratione
1067 1584 1160 1630 tum
1179 1586 1313 1633 labris
1334 1588 1427 1634 tum
1450 1592 1652 1640 confiniis
1673 1596 1831 1644 ulceris
1848 1633 1859 1651 ‚
1888 1618 1986 1647 om*

164 1637 241 1682 nia
263 1637 505 1700 diligenter
527 1644 668 1694 tactu,
692 1646 828 1691 oculis
845 1678 857 1697 ,
882 1646 1063 1707 specillo
1093 1650 1364 1714 exploranda
1388 1653 1511 1708 sunt,
1536 1657 1642 1704 num
1659 1661 1829 1719 dicubi
1854 1663 1987 1712 lateat

162 1702 301 1753 smus,
335 1702 525 1750 callusve
556 1707 738 1768 gravior
768 1708 944 1774 supersit
963 1751 974 1768 ‚
1007 1712 1167 1775 quibus
1187 1716 1360 1762 mederi
1382 1719 1600 1768 necessum
1633 1724 1683 1769 fit
1700 1758 1713 1778 ,
1735 1726 1999 1792 priusquam„

164 1767 288 1812 ulcus
320 1767 375 1812 a'd
412 1767 663 1816 cicatricem
696 1773 818 1820 coire
844 1776 1123 1838 permittatur
1149 1812 1160 1830 ,
1199 1797 1255 1826 ne
1284 1798 1410 1828 error
1439 1786 1693 1834 noviffimus
1719 1794 1846 1853 pejor
1879 1793 1988 1842 esset

162 1831 318 1895 priore
338 1864 350 1882 ‚
378 1831 602 1896 alteraque
635 1836 772 1883 fistula
804 1839 912 1886 inde
946 1840 1094 1886 denuo
1124 1841 1439 1893 sobolescetet,

229 1898 295 1939 60.
333 1895 474 1958 Igitur
507 1896 537 1942 s1
563 1899 675 1945 finus
704 1902 922 1967 quispiam
953 1903 1208 1969 detergatur
1231 1943 1243 1961 ‚
1277 1909 1351 1956 sed
1383 1911 1431 1958 in
1461 1927 1585 1975 parte
1618 1933 1712 1979 quae
1745 1918 1987 1970 sestionem

163 1960 392 2025 permittat
425 1959 514 2008 sine
548 1965 777 2027 periculo,
813 1968 907 2013 tota
939 1968 1224 2033 longitudine
1259 1974 1400 2019 statim
1430 1976 1728 2035 incidendus,
1762 1983 1792 2028 fi
1822 1985 1985 2041 liceat3,

163 2025 236 2072 vel
266 2023 419 2070 saltem
450 2026 646 2086 ejusdem
673 2031 829 2078 ostium
860 2033 1030 2082 intruso
1058 2035 1334 2085 escharotico
1362 2040 1424 2086 ita
1454 2042 1753 2106 ampliandum
1771 2082 1782 2100 ,
1813 2066 1858 2096 ut
1885 2051 1989 2099 fun-

161 2091 242 2136 dus
265 2093 350 2149 jam
377 2089 536 2138 obvius
564 2094 706 2142 libere
728 2096 932 2163 detergi3
964 2104 1008 2146 &
1029 2099 1203 2149 intrusis
1222 2103 1594 2154 medicaminibus
1620 2111 1815 2175 perfeste
1839 2118 1987 2165 curari

162 2154 305 2220 possit.

221 2229 287 2277 70.
326 2223 491 2270 Verum
522 2223 550 2269 si
578 2225 691 2272 sinus
716 2227 771 2273 ad
798 2227 898 2274 vasa
936 2231 1125 2278 cruralia
1163 2231 1236 2281 vel
1260 2238 1474 2296 maJ'orem
1505 2239 1770 2287 eorumdem
1812 2261 1985 2293 ramum

164 2298 255 2329 tam
276 2289 414 2351 prope
431 2289 610 2336 accedat
624 2324 635 2342 ‚
656 2308 703 2337 ut
719 2292 870 2339 incifio
889 2296 1089 2357 periculo
1110 2297 1184 2343 vix
1206 2315 1350 2346 careat
1365 2333 1377 2352 ,
1399 2301 1683 2351 cathaereticis
1696 2304 1836 2353 solum
1856 2327 1988 2357 utene

161 2347 269 2394 dum
300 2353 386 2397 erit
427 2386 439 2404 ,
474 2359 519 2400 &
553 2353 861 2402 blandioribus
892 2360 1075 2421 quidem
1097 2394 1110 2413 ‚
1148 2380 1241 2426 quae
1273 2364 1503 2411 moderate
1535 2385 1667 2432 agant
1715 2376 1762 2417 δε
1793 2390 1841 2418 os
1872 2374 1986 2421 smsrs

161 2412 336 2460 rosione
372 2417 432 2461 ita
465 2419 670 2479 gradaria
702 2421 921 2474 dilatent,
956 2440 1004 2469 ut
1024 2425 1090 2471 de
1121 2428 1384 2475 eorumdem
1419 2429 1578 2478 effestu
1614 2434 1830 2494 judicium
1861 2437 1983 2487 ferre

159 2478 366 2539 quotidie
401 2480 561 2533 liceat;
595 2483 686 2528 imb
717 2486 849 2531 etiam
883 2489 1007 2534 caute
1038 2491 1360 2539 attendendum
1393 2496 1479 2540 erit
1498 2529 1515 2548 2
1545 2512 1592 2542 ut
1622 2500 1897 2548 cathaeretica
1924 2505 1983 2550 acl

159 2557 260 2588 eam
281 2543 450 2589 tantum
469 2544 579 2591 finsts
599 2565 722 2594 oram
742 2550 1065 2599 admoveantur
1080 2588 1091 2605 ‚
1123 2573 1217 2618 qua?
1236 2557 1258 2602 εὶ
1283 2559 1523 2606 cruralibus
1543 2561 1649 2609 vasis
1666 2563 1841 2628 longius
1859 2567 1982 2614 disti-

162 2607 265 2651 terit
279 2641 291 2658 ,
311 2613 356 2654 δε
374 2626 466 2672 quae
485 2612 749 2658 eorumdem
768 2614 969 2661 efficaciae
988 2619 1112 2681 poffit
1131 2621 1263 2666 tutius
1279 2622 1432 2684 objici,

224 2675 289 2715 8⁰.
329 2674 374 2718 Si
399 2674 600 2721 duriores
628 2678 729 2723 calli
751 2678 1113 2744 suppurationem
1138 2684 1378 2740 eluserint,
1407 2688 1690 2736 cathaereticis
1716 2690 1871 2739 sensim
1900 2693 1981 2740 ab-

162 2734 392 2788 sumendi,
421 2738 568 2802 lapide
600 2740 762 2788 scilicet
789 2743 1028 2799 infernali,
1056 2747 1204 2812 lapide
1235 2751 1422 2797 caustico
1450 2754 1622 2816 vulgari
1641 2788 1653 2807 ‚
1683 2773 1755 2803 aut
1781 2760 1980 2821 ptaecipin

162 2814 255 2844 tato
276 2800 410 2845 rubro
433 2820 532 2848 cum
554 2822 781 2867 unguento
804 2809 988 2854 admisto
1011 2844 1022 2860 ,
1044 2829 1236 2873 quorum
1258 2831 1305 2859 ut
1324 2814 1544 2862 efficacior
1564 2818 1613 2863 sit
1636 2821 1754 2866 virus
1772 2855 1785 2873 ,
1807 2824 1980 2870 condi-¹2

163 2864 225 2908 cit
246 2864 379 2909 callos
396 2864 566 2912 summo
584 2869 772 2934 scalpelli
792 2873 914 2935 apice
931 2874 1102 2920 levibus
1124 2880 1347 2938 puncturis
1366 2880 1626 2928 scarificare.

213 2936 275 2985 90.
313 2929 503 2975 Sinubus
529 2932 659 2978 semel
674 2935 898 2996 glutinatis
917 2970 929 2988 ‚
960 2939 1078 2982 callis
1106 2939 1345 3006 absumptis
1374 2949 1418 2989 δέ
1448 2944 1766 3009 suppuratis,s1
1784 2949 1978 2998 succresn

160 3009 265 3039 cens
296 3010 398 3039 caro
429 2994 552 3040 firma
570 3030 583 3049 ‚
616 2997 777 3050 densa,
806 2999 1019 3060 granosa,
1049 3003 1173 3050 rosea
1201 3004 1250 3050 slt
1273 3039 1285 3057 ‚
1315 3006 1437 3055 ulcus
1464 3009 1519 3054 ad
1552 3011 1805 3060 cicatricem
1832 3015 1977 3062 dedu-2

161 3056 353 3104 cendum
370 3091 381 3109 ‚
411 3060 479 3104 cui
503 3060 578 3106 fini
603 3062 861 3108 conducunt
883 3065 1103 3126 epulotica
1124 3101 1135 3119 ,
1163 3087 1256 3132 quae
1283 3071 1441 3118 ulceris
1462 3072 1738 3137 superficiem
1764 3079 1979 3127 exsiccari«

165 3121 223 3166 do
257 3121 509 3169 cicatricem
542 3124 761 3172 inducunt
784 3160 796 3179 ‚
833 3144 880 3172 ut
915 3128 1154 3176 balsamum
1191 3134 1370 3189 viride3
1404 3136 1678 3202 pompholyx
1698 3175 1710 3193 ,
1743 3144 1975 3207 plumbum

163 3187 327 3243 ustum,
343 3189 535 3245 ceruffas
565 3208 713 3256 parata
737 3209 789 3245 ex
806 3192 965 3254 iisdem
984 3197 1211 3262 emplastra
1226 3218 1238 3253 3
1252 3199 1552 3254 *linamentum
1571 3222 1768 3270 carptum
1789 3208 1948 3256 siccum
1960 3230 1978 3264 3

1898 177 1954 232 '2'3
1970 183 1997 234 ε’
