2477 3643
654 108 1458 160 11³2R111.CA1·111·
1519 115 1576 160 V.

242 195 357 242 ''1'10.
382 194 607 242 Caeterum
639 211 736 241 toto
769 195 1008 242 curationis
1035 193 1212 258 hujusce
1244 193 1382 241 stadio
1405 211 1519 257 aeger
1549 194 1572 240 a
1596 194 1809 243 consueto
1836 194 2022 246 vivendi

191 277 322 309 more
348 261 523 324 cogitur
544 260 686 306 minsis
716 261 925 307 recedere
943 261 1077 320 quain
1107 262 1154 307 in
1180 259 1459 324 pra-cedente
1487 259 1706 308 methodo
1727 295 1740 313 ‚
1769 261 1847 307 nisi
1872 263 2022 311 forsan

196 325 518 390 suppurationis
545 341 748 388 tempore
770 324 907 372 febris
926 324 1137 372 invaserit
1152 360 1164 378 ‚
1197 329 1316 388 cujus
1335 324 1507 370 ratione
1526 325 1699 372 necesse
1717 324 1767 371 sit
1780 344 1897 390 aegro
1914 328 2025 375 cibis

195 391 408 437 interdici
437 408 514 454 per
536 390 630 436 dies
658 391 842 454 aliqu'ot.
871 390 1180 437 Nihilominus
1206 406 1354 436 tamen
1385 389 1565 454 expedit
1588 405 1635 436 ut
1662 390 1796 443 vino,
1830 408 2025 444 venere,

191 456 411 502 exercitio
430 489 441 508 ,
457 455 566 501 cibis
585 453 694 502 salsis
713 489 726 508 ‚
747 456 954 520 piperatis
971 490 983 508 ,
1003 455 1226 525 dyspeptis
1247 471 1319 501 aut
1340 453 1455 500 succi
1471 455 1596 518 pravi
1616 450 1660 502 se
1673 455 1912 507 abstineam
1932 456 2025 501 imo

194 521 285 566 a'e'ri
307 521 640 567 inclementiori
659 520 746 567 sese
764 521 862 566 raro
883 525 926 566 &
948 521 1071 566 caute
1088 521 1246 567 offerat
1267 554 1280 573 ‚
1301 517 1540 583 praesertini
1559 519 1771 584 quamdiu
1787 537 2027 586 praeparata

198 585 486 632 Mercurialia
513 586 685 631 interne
707 584 1056 631 adhibebuntur.

259 653 322 695 Ex
340 650 476 695 modo
495 649 624 695 dictis
654 650 770 696 haud
790 650 978 696 arduum
998 652 1056 696 est
1077 649 1304 713 sequentia
1319 648 1595 714 problemata
1614 648 1858 728 resolverffi

266 723 327 761 1⁰.
362 719 433 760 An
468 714 670 762 bubones
689 716 766 762 ulli
793 715 977 761 venerei
1008 714 1115 760 alibi
1151 715 1465 760 subnascantur
1492 715 1625 776 quam
1653 716 1700 760 in
1727 713 1985 778 inguinibus
2007 726 2021 760 ἒ

194 781 380 826 Constat
401 781 522 827 enim
544 780 817 845 experientia
835 784 879 825 &
902 780 948 824 in
976 780 1116 825 axillis
1136 813 1147 831 ‚
1167 782 1211 825 δε
1236 780 1281 824 iii
1312 779 1465 842 jugulo
1484 813 1495 831 ‚
1515 784 1561 824 &
1593 779 1649 825 ad
1672 779 1810 825 latera
1843 779 2023 825 maxillae

193 843 424 892 inferioris
444 862 659 891 venereos
679 845 881 890 bubones
901 844 1137 907 aliquando
1156 842 1298 889 enasci
1317 877 1329 895 ‚
1364 843 1435 890 vel
1460 842 1612 890 saltem
1642 860 1838 890 tumores
1857 843 2025 889 buboni-

185 911 358 970 formes‚
393 910 647 955 bubonibus
678 909 978 973 inguinalibus
1004 908 1270 961 fimilhmm,
1300 908 1377 972 qui
1414 908 1578 954 eodeni
1602 909 1743 955 modo
1776 909 1991 955 invadant
2009 941 2023 960 ‚

190 991 367 1020 morem
386 976 594 1021 eumdem
611 991 791 1021 teneant
809 1008 820 1025 ,
838 973 1085 1036 iisdemque
1104 989 1314 1019 curentur
1336 973 1560 1020 remediis.

257 1049 320 1085 2⁰.
353 1040 561 1098 Quanam
594 1039 650 1086 de
672 1040 797 1085 causti
819 1037 1022 1084 bubones
1046 1039 1229 1084 venerei
1255 1038 1338 1083 illis
1356 1037 1403 1082 in
1428 1037 1535 1083 locis
1557 1037 1797 1101 aliquando
1815 1037 2025 1086 enascan-

197 1117 298 1150 tur?
320 1108 498 1169 Nempe
516 1104 695 1167 gemina
727 1104 782 1150 de
803 1103 929 1148 causa
946 1136 958 1154 ‚
981 1118 1027 1148 ut
1052 1103 1106 1148 de
1135 1101 1436 1165 inguinalibus
1467 1102 1607 1148 modo
1636 1103 1805 1149 clidium
1831 1105 1890 1150 est
1914 1121 1926 1152 3
1964 1111 2026 1147 10.

198 1170 426 1233 Conragio
459 1187 655 1216 venereo
681 1173 763 1228 jam
790 1168 973 1230 antiquo
992 1201 1003 1219 ,
1020 1168 1145 1229 quod
1170 1167 1215 1212 in
1249 1167 1317 1213 lue
1354 1167 1545 1213 venerea
1575 1168 1790 1232 limpham
1816 1167 1959 1214 inficit
1981 1172 2026 1213 &

198 1232 392 1298 inspiffat
410 1268 423 1287 ,
454 1234 572 1280 unde
593 1234 733 1279 facilis
752 1232 950 1294 ejusdem
968 1231 1200 1278 decubitus
1219 1231 1264 1277 in
1290 1232 1367 1277 has
1395 1231 1543 1277 illasve
1561 1232 1792 1295 glandulas
1810 1267 1821 1284 ,
1842 1232 1921 1278 ubi
1938 1233 2028 1296 pri-

197 1316 320 1343 mum
349 1298 490 1361 frigus
516 1314 750 1344 externum
779 1331 791 1349 ‚
822 1297 893 1344 vel
922 1297 1032 1353 idtus
1053 1331 1065 1349 ,
1091 1298 1289 1348 attritus,
1323 1295 1545 1360 pressusve
1581 1297 1791 1343 fortuitus
1815 1298 2029 1343 idoneam

197 1362 407 1409 dederint
427 1362 719 1410 occasionem„
757 1371 819 1408 20.
853 1362 1079 1425 Contagio
1101 1380 1298 1409 venereo
1330 1361 1480 1407 recens
1501 1361 1715 1414 admiffo,
1744 1362 1868 1425 quod
1899 1363 2032 1408 certis

197 1428 395 1492 partibus
415 1444 649 1492 exceptum
676 1427 723 1472 in
750 1427 842 1473 illas
868 1426 1095 1490 glandulas
1113 1427 1199 1472 unzi
1227 1444 1328 1472 cum
1360 1426 1524 1472 reduce
1553 1426 1719 1490 limpha
1740 1426 2032 1474 circulatione

197 1493 462 1538 traducitur.
500 1495 571 1539 Sic
590 1493 782 1539 nutrices
798 1527 809 1545 ,
830 1510 923 1555 quae
940 1492 994 1538 ab
1016 1492 1197 1538 alumno
1216 1491 1475 1537 inficiuntur
1493 1525 1504 1543 ,
1538 1490 1741 1538 bubones
1774 1490 1921 1556 saepii‘is
1952 1491 2033 1539 lia-

195 1557 307 1603 bent
327 1558 396 1604 vel
415 1558 461 1603 in
481 1558 701 1621 glandulis
720 1556 1001 1620 conglobatis
1022 1574 1315 1603 mammarum
1336 1555 1422 1601 basi
1440 1555 1669 1620 suppositis
1685 1590 1696 1608 ,
1714 1557 1802 1620 quo
1819 1556 2032 1621 primum,

197 1623 271 1668 vel
290 1623 337 1668 in
365 1623 583 1685 glandulis
603 1622 854 1668 axillaribus
872 1656 883 1674 ‚
913 1622 1003 1684 quo
1033 1622 1176 1685 postea
1200 1621 1387 1666 confluit
1415 1620 1582 1683 limpha
1602 1654 1615 1673 ,
1640 1638 1734 1684 quae
1755 1621 1982 1667 revehitur
2004 1623 2035 1668 a.

200 1686 395 1750 papillis,
418 1687 464 1731 in
487 1704 592 1751 quas
611 1687 752 1751 prima
771 1686 875 1731 mali
895 1684 1079 1732 seminia
1096 1685 1369 1731 insinuantur
1390 1684 1523 1731 sustu,
1560 1685 1631 1731 Sic
1663 1684 1861 1738 alumni,
1897 1687 1973 1750 qui
2006 1687 2033 1733 εὶ

198 1751 373 1797 nutrice
394 1752 751 1798 contaminantur
767 1785 779 1804 ‚
802 1768 875 1796 aut
895 1750 1051 1796 amasia
1067 1784 1077 1802 ‚
1094 1768 1187 1813 quae
1206 1752 1228 1795 a
1250 1768 1388 1814 proco
1413 1783 1424 1802 ,
1449 1749 1664 1813 procusve
1688 1751 1764 1813 qui
1790 1751 1845 1797 ab
1875 1751 2032 1797 amasia.

199 1816 503 1863 columbando
534 1817 652 1862 virus
672 1816 900 1879 concipit,
921 1815 1177 1861 bubonibus
1207 1815 1395 1861 obnoxii
1424 1813 1520 1859 sunt
1546 1815 1593 1860 in
1632 1814 1929 1861 maxillaribus
1960 1816 2034 1862 vel

199 1881 472 1943 jugularibus
490 1881 712 1944 glandulis
727 1915 738 1933 ‚
759 1881 848 1944 quo
867 1880 1135 1927 convehitur
1157 1880 1324 1944 limpha
1341 1897 1432 1943 qua:
1454 1878 1570 1925 redit
1593 1879 1616 1924 a
1640 1878 1791 1925 buccis
1806 1913 1820 1933 ,
1852 1880 2002 1943 lingua
2016 1914 2031 1932 ,

196 1946 391 2008 gingivis
407 1980 419 1998 ‚
440 1964 586 1992 ac-ore
602 1945 781 1992 interno
798 1980 809 1998 ,
826 1946 873 1990 in
898 1962 992 2008 quae
1013 1946 1155 2010 prima
1172 1961 1408 2010 penetrant
1430 1944 1628 2008 contagii
1647 1945 1899 1997 miasmata‚
1927 1963 2030 1992 cuin

200 2010 309 2056 laete
331 2010 401 2058 vel
423 2029 524 2057 cuni
547 2010 679 2057 saliva
700 2011 916 2075 permista.

273 2078 334 2136 3⁹¹·
369 2075 616 2134 Quomodo
636 2091 847 2122 curentur
874 2074 1077 2121 bubones
1097 2074 1279 2120 venerei
1300 2073 1571 2120 istiusmodi?
1593 2073 1760 2121 Eadem
1781 2074 1909 2139 plane
1929 2074 2029 2123 the-

201 2139 372 2204 rapeiai,
391 2141 477 2204 qua
506 2139 710 2187 bubones
737 2140 814 2204 ipsi
832 2140 1080 2203 inguinales
1099 2173 1110 2191 ‚
1136 2139 1398 2201 quibuscum
1423 2140 1469 2185 in
1511 2139 1719 2185 omnibus
1750 2140 1811 2185 ita
1839 2141 2027 2187 consen-

199 2205 343 2257 tiunt,
363 2221 411 2250 ut
440 2222 565 2269 gutta
591 2222 723 2269 guttae
747 2205 928 2251 similior
946 2223 1039 2250 non
1053 2204 1101 2249 sit
1124 2224 1134 2250 z
1153 2205 1352 2267 ideoque
1368 2203 1579 2250 adhibitis
1601 2221 1721 2250 venae
1735 2203 1999 2252 sedtionibus
2014 2240 2027 2258 ,

200 2270 567 2334 purgationibus,
595 2269 930 2316 inuncltionibus
955 2269 1293 2316 mercurialibus
1321 2304 1332 2321 ,
1361 2269 1415 2315 ad
1450 2268 1767 2315 resolutionem
1788 2271 1913 2316 omni
1941 2289 2027 2336 ope

204 2350 336 2396 atque
360 2336 496 2399 opera
517 2335 731 2398 adigendi
747 2369 759 2388 ‚
780 2353 874 2398 quae
897 2334 926 2380 si
949 2352 1002 2379 ex
1024 2350 1134 2380 voto
1156 2351 1247 2379 non
1269 2333 1439 2380 ceffierir
1454 2368 1464 2386 ,
1486 2334 1542 2379 ad
1560 2332 1920 2398 suppurationem
1946 2336 2028 2383 de-

205 2398 406 2445 ducendi
430 2433 442 2451 ‚
480 2400 741 2451 incidendi,
778 2398 1070 2462 detergendi,
1088 2398 1295 2447 cicatrice
1326 2398 1587 2445 obducendi
1613 2416 1666 2445 ex
1698 2400 1801 2445 artis
1829 2400 2028 2463 legibus,

202 2480 310 2527 quas
334 2462 458 2526 supra
479 2464 802 2528 proposuimus.

264 2528 345 2583 4⁰.
379 2531 506 2573 Num
528 2529 574 2573 in
594 2529 781 2575 internis
813 2528 1030 2591 glandulis
1057 2527 1324 2593 liinphaticis
1355 2527 1559 2574 bubones
1583 2527 1765 2574 venerei
1788 2527 2027 2590 aliquando

203 2591 479 2638 succrescant
500 2606 513 2638 ῑ
536 2594 674 2640 Certe
695 2611 774 2640 nec
792 2593 885 2658 ipse
900 2593 1016 2639 ullos
1041 2593 1278 2640 observavi
1297 2593 1500 2639 bubones
1518 2610 1735 2639 venereos
1760 2592 1931 2639 interne
1952 2611 2027 2656 ge-

204 2657 347 2708 nitos,
370 2675 450 2703 nec
473 2656 583 2704 ullos
619 2677 811 2721 unquam
840 2659 894 2704 ab
919 2659 1012 2704 ullo
1046 2658 1305 2705 observatos
1325 2657 1474 2721 legisse
1508 2657 1691 2704 memini
1711 2676 1722 2710 3
1746 2655 1822 2703 sed
1848 2659 2027 2722 pervul-

202 2736 356 2782 gatum
381 2722 502 2768 estin
525 2723 794 2787 Syphiliticis
820 2723 1060 2770 oboriri&
1084 2723 1314 2770 tubercula
1345 2723 1458 2768 dura
1481 2741 1530 2769 ac
1562 2720 1837 2768 Skirthodaea
1862 2723 1908 2767 in
1928 2724 2025 2786 pul-

207 2785 416 2831 monibus
431 2820 443 2838 ,
464 2792 509 2832 &
532 2787 738 2834 infaustus
770 2788 906 2834 duros
932 2807 979 2833 ac
1002 2787 1301 2833 skirrhodaeos
1320 2788 1365 2832 in
1385 2788 1602 2850 glandulis
1622 2786 1882 2833 Mesenterii
1897 2821 1909 2838 ‚
1932 2805 2026 2849 quae

205 2848 237 2893 si
262 2849 285 2893 a
318 2848 572 2898 bubonibus
601 2854 722 2898 exitu
754 2852 871 2899 forte
909 2852 1120 2898 abludant
1140 2886 1152 2904 ‚
1180 2868 1222 2898 at
1243 2853 1351 2899 vero
1384 2871 1485 2897 cuni
1513 2850 1672 2898 iisdem
1700 2851 1826 2897 causa
1856 2869 2026 2899 conve-

207 2929 351 2961 munt.

274 2986 336 3040 50.
367 2979 506 3026 Unde
534 2997 585 3027 ea
621 2979 889 3025 discriminis
919 2979 1062 3031 ratio,
1098 2979 1199 3025 cum
1228 2980 1252 3025 ὲ
1290 2981 1515 3025 contrario
1549 2978 1779 3026 seminium
1819 2980 2024 3026 morbifi-

207 3060 306 3088 c=um
337 3061 436 3089 cum
458 3060 554 3090 toto
574 3044 784 3107 sanguine
800 3078 812 3096 ,
832 3060 961 3107 atque
981 3044 1093 3091 adeo
1115 3045 1209 3089 tota
1230 3044 1394 3108 limpha
1417 3045 1602 3108 perinde
1624 3042 1857 3089 confusum
1882 3045 1928 3090 in
1954 3046 2025 3093 lue

205 3109 397 3154 venerea
415 3143 427 3161 ‚
448 3128 599 3174 parem
625 3108 897 3172 similemque
916 3110 1060 3155 labem
1081 3109 1256 3172 singulis
1270 3110 1488 3172 glandulis
1515 3111 1739 3155 illaturum
1766 3107 1851 3155 effe
1881 3110 2027 3157 videa-

202 3188 273 3218 tur
295 3187 308 3220 Ξ
327 3173 435 3222 Ideo
465 3175 615 3223 forsan
643 3174 764 3238 quod
782 3175 830 3220 in
855 3175 1041 3223 internis
1060 3174 1277 3238 glandulis
1306 3175 1601 3240 limphaticis,
1619 3174 1718 3220 cum
1750 3172 1796 3217 in
1824 3174 1934 3223 locis
1960 3176 2028 3239 lsi-3

1679 3236 1815 3303 Μὴ,-

1932 133 2040 176 225>

2097 647 2309 687 Resoivun-

2076 711 2136 735 tut
2161 702 2308 752 aliquot

2076 752 2291 802 problema-

2077 816 2127 841 ta.

2110 884 2141 908 ι.
2162 875 2216 910 An
2233 873 2308 910 bu-

2075 921 2185 961 bones
2220 926 2311 964 aiibi

2076 973 2298 1013 subnascan-

2076 1040 2136 1063 tut
2156 1030 2273 1079 quarn

2074 1079 2108 1116 ii
2149 1081 2311 1133 inguini·

2078 1132 2144 1169 bus
2167 1139 2179 1169 ἓ

2083 1218 2119 1239 2.
2135 1203 2210 1238 Cur
2222 1202 2311 1241 aiibi

2079 1252 2300 1292 subi-›ascan-

2080 1317 2139 1343 tui:
2162 1313 2176 1343 ἓ

2084 2112 2118 2147 3.
2140 2099 2226 2146 Qua
2246 2111 2314 2138 ta·-

2078 2151 2174 2187 tidhe
2187 2165 2312 2191 curer-i<

2078 2214 2138 2238 tur
2161 2203 2281 2240 bubo-

2077 2267 2136 2291 nes
2156 2255 2206 2291 illi'
2225 2257 2312 2296 alibi

2078 2307 2229 2346 oborti?

2132 2556 2168 2586 4-
2199 2544 2304 2585 Num

2076 2593 2234 2632 bubones
2249 2611 2307 2636 ve-

2074 2647 2167 2683 nerei
2186 2649 2217 2683 in
2246 2650 2303 2686 in..

2076 2701 2184 2735 ternis
2201 2700 2306 2751 glan-

2076 2749 2167 2787 dulis
2195 2753 2304 2790 enas..

2076 2815 2206 2841 cantur
2223 2812 2236 2843 Ξ

2077 2984 2303 3032 5.Quaenam

2076 3037 2118 3073 sit
2147 3037 2275 3077 dilcri-

2075 3090 2180 3129 minis
2210 3092 2304 3132 illius

2076 3143 2173 3184 ratio
2191 3150 2204 3183 Ξ
