2477 3643
395 120 495 193 596
938 124 978 174 1·
992 125 1041 172 N
1077 125 1120 171 D
1155 124 1188 169 E
1218 109 1262 168 Χ

436 219 533 244 anno
554 215 659 253 1519.
903 204 1024 251 pagin.
1040 215 1126 250 525.
1144 198 1277 248 (φής.

383 259 579 297 Van'cocele
594 285 602 298 .
1208 264 1278 299 302

382 310 562 349 Vaeablus
593 312 602 354 (
623 304 825 349 franciscus
843 311 855 358 )
882 305 971 359 quid
984 304 1028 345 de
1042 305 1174 346 morbo
1192 303 1279 352 Jobi

438 360 606 401 senserit?
1129 358 1227 407 Praef.
1243 358 1280 394 iv

382 415 559 462 Velschius
596 416 614 463 (
633 413 810 465 Georgius
840 414 1090 465 Hieronymus
1108 413 1120 459 )
1158 422 1282 448 narrat

433 468 532 506 luem
559 480 747 505 veneream
774 466 811 503 in
838 469 1002 504 Heni-ico
1026 469 1096 504 111.
1125 464 1281 503 deletam

434 519 538 558 fuiffe
552 519 574 558 a
593 524 698 558 Petro
715 517 812 556 Pena
827 519 977 558 decocto
999 519 1126 558 radicis
1142 516 1280 556 Barda-

433 587 490 612 ΗΕΒ
506 604 517 620 2
1028 612 1036 619 .
1210 583 1224 607 1
1237 583 1279 617 17

381 630 524 665 Venena
560 624 726 676 pleraque
742 625 1027 677 multiplicantur
1044 654 1055 672 ,
1087 623 1280 676 postquam

437 676 545 716 semel
565 676 714 715 adrniffa
732 675 813 716 sunt
827 708 837 725 ‚
1233 683 1278 723 98

533 729 742 781 Aliquando
768 743 889 769 tamen
920 731 1032 768 latent
1061 731 1099 768 in
1131 743 1281 781 corpore

594 783 664 822 sine
676 783 772 824 noxa
788 798 848 837 per
861 783 1009 836 aliquod
1022 796 1176 835 tempuS‚
1208 797 1252 821 10
1262 797 1278 821 1

380 841 498 874 Venus
522 836 726 886 vulgivaga
758 838 854 876 luem
881 849 1074 877 veneream
1101 851 1177 875 non
1191 850 1282 889 pro-

440 887 542 927 duxit
558 888 596 924 in
614 889 759 942 Europa
775 922 784 938 ‚
1237 903 1275 938 13

534 946 658 985 Venus
681 944 873 995 pandemia
897 943 1095 984 multarum
1110 941 1276 981 affectio-

593 1010 684 1034 num
711 997 815 1036 causa
841 997 911 1036 fuit
936 998 972 1034 in
1002 997 1248 1035 meretricibus
1265 1027 1277 1044 ‚

588 1051 698 1088 etiam
728 1064 811 1091 ante
845 1064 953 1095 notos
988 1050 1137 1089 morbos
1165 1065 1280 1089 vene-

585 1116 664 1140 reos
681 1135 691 1150 ‚
1095 1118 1150 1151 37.
1168 1105 1212 1147 (ἐν
1237 1111 1277 1153 38

532 1155 686 1195 Videtur
702 1156 881 1208 potiffima
896 1155 1001 1197 causa
1017 1155 1118 1196 fuiffe
1134 1158 1201 1196 luis
1218 1173 1278 1196 ve-

586 1224 699 1248 nereae
715 1212 751 1248 in
769 1210 898 1249 Infulis
910 1210 1075 1259 -Antillis‚
1095 1220 1153 1249 62.
1169 1213 1212 1253 ὠ)
1231 1221 1273 1260 63

531 1262 627 1301 Sicut
644 1270 679 1302 &
696 1265 733 1301 in
761 1266 895 1303 caeteris
913 1266 1089 1303 Americae
1105 1295 1115 1312 ,
1147 1264 1277 1304 Africae

584 1322 620 1354 ὃς
641 1318 729 1357 Afiae
758 1319 869 1365 locis,
900 1318 963 1357 ubi
990 1318 1189 1370 antiquitus
1221 1319 1278 1357 la-

585 1382 657 1409 tu1t
680 1401 690 1417 ‚
1231 1381 1277 1421 64

531 1424 608 1460 Cur
623 1437 744 1474 parem
761 1422 933 1463 effectum
959 1426 998 1462 in
1027 1424 1172 1478 Europa
1200 1439 1276 1464 non

582 1476 791 1526 produxerit
806 1509 816 1524 ,
1230 1487 1278 1523 64

377 1526 520 1562 Veneris
547 1527 630 1566 usus
648 1528 951 1582 frequentissimus
966 1528 1016 1567 est
1031 1530 1162 1569 modus
1178 1562 1188 1578 ‚
1203 1547 1278 1584 quo

429 1576 503 1616 lues
523 1595 674 1621 venerea
693 1585 911 1637 contagione
929 1579 1034 1634 serpit
1050 1614 1060 1630 ,
1232 1593 1276 1634 87

375 1631 594 1670 Vercelloms
631 1637 816 1684 {jacobus
880 1634 1044 1687 supinam
1059 1638 1097 1674 in
1111 1636 1278 1678 Historia

433 1684 582 1724 Medica
598 1689 843 1741 ignorantiam
859 1688 1050 1730 confitetur
1067 1721 1076 1736 ,
1207 1708 1275 1742 549

375 1737 578 1776 Vermiculi.
599 1746 657 1779 An
677 1744 751 1782 lues
767 1758 918 1782 venerea
931 1743 951 1782 a
970 1744 1174 1782 vermiculis
1190 1755 1199 1783 ?
1217 1762 1274 1793 9²--

433 1798 513 1838 538.
534 1808 618 1840 552.
637 1806 716 1843 561.
738 1799 836 1840 &in
861 1797 1012 1837 addend.
1030 1798 1092 1848 xiij

530 1850 590 1884 An
608 1849 711 1900 pestis
728 1849 748 1888 a
766 1851 969 1890 vermiculis
987 1862 997 1892 ?

525 1900 608 1938 Vid.
642 1903 889 1941 Animalcula.

373 1961 487 2000 Verny
505 1955 716 2006 EmpiricuS.
732 1955 854 1995 Pulvis
868 1957 1067 2012 astringens
1080 1958 1124 1997 de
1138 1963 1275 2012 Verny,

430 2020 502 2053 421

373 2062 527 2095 verruca
554 2060 766 2122 genitalium
782 2063 833 2100 lui
861 2059 1020 2100 venereae
1043 2060 1211 2100 accessere
1235 2064 1273 2100 in

425 2108 581 2149 secunda
598 2112 747 2163 periodo
762 2143 774 2161 ‚
1227 2123 1269 2163 65

527 2168 768 2206 Verrucamm
815 2165 1018 2218 Descriptio
1047 2195 1058 2211 ‚
1101 2165 1228 2204 Causae
1261 2198 1271 2215 ,

580 2222 829 2270 Symptomata
842 2249 852 2266 ,
873 2218 1064 2272 Diagnofis
1078 2249 1088 2265 ,
1110 2222 1273 2272 Progno-

574 2270 617 2308 fis
635 2278 670 2310 &
686 2274 836 2310 Curatio
851 2302 862 2319 ‚
1044 2285 1125 2319 ²79·
1141 2273 1186 2313 ό*
1201 2272 1273 2323 seq.

372 2317 529 2367 Wsalius
574 2330 583 2372 (
615 2326 777 2365 Andreas
806 2330 814 2371 )
861 2324 1068 2377 Hispanum
1106 2323 1273 2363 nondum

424 2387 611 2418 mortuum
627 2378 833 2430 imprudens
849 2377 992 2416 diffecat
1008 2407 1019 2423 ,
1198 2386 1271 2425 466

369 2434 531 2481 Vefisula
560 2433 768 2486 crystallinae
790 2430 873 2473 Vid.
899 2431 1023 2468 nullas
1037 2426 1271 2478 crystallinas.

371 2488 512 2534 Vertigo
540 2501 692 2526 venerea
708 2515 718 2532 ‚
1032 2495 1114 2529 295·
1129 2480 1174 2522 &⁸
1198 2496 1211 2529 3
1227 2497 1268 2531 17

371 2540 456 2584 Viyo
489 2543 498 2569 f
520 2545 678 2588 Joannes
703 2539 747 2576 de
778 2537 903 2589 Vigol
925 2533 1062 2586 primus
1092 2532 1271 2589 descripfit

426 2592 603 2632 exostoses
620 2604 787 2631 venereas
803 2588 882 2642 post
899 2602 1037 2626 annum
1061 2601 1099 2635 15
1112 2601 1165 2634 19.
1225 2597 1269 2627 66

371 2650 481 2695 vigne
502 2650 512 2692 (
534 2648 576 2685 de
593 2648 625 2684 la
644 2651 654 2697 )
682 2644 848 2684 Medicus
866 2639 1071 2682 Parisiensis.
1100 2640 1269 2691 Ejusdem

424 2704 587 2739 Panacea
603 2731 613 2746 ,
1191 2709 1238 2742 41
1250 2710 1265 2733 1

370 2753 463 2788 Vim
490 2767 621 2791 veneno
648 2752 802 2789 intine'ta
826 2747 919 2786 falso
950 2746 1141 2786 creduntur
1172 2748 1269 2787 luem

421 2810 610 2843 veneream
628 2802 830 2855 produxiffe
845 2832 855 2847 ‚
1073 2815 1133 2846 44.
1154 2802 1199 2843 ό»
1220 2817 1265 2851 45

366 2857 521 2894 r’inache
550 2858 675 2896 artifex
690 2854 853 2909 liquandi
874 2855 950 2892 aeris
967 2885 977 2901 ‚
1006 2853 1167 2894 venditat
1195 2854 1263 2891 ali..

417 2910 579 2961 quandiu
596 2912 743 2950 Lutetiae
772 2922 947 2958 tanquam
971 2921 1143 2946 arcanum
1170 2922 1263 2960 pan-

417 2962 598 3002 chrestum
614 2996 624 3011 ,
643 2961 818 3016 ptisanam
838 2959 1066 2999 sudorificam
1083 2991 1092 3008 ‚
1188 2975 1203 2999 1
1218 2974 1259 3010 15

364 3014 490 3063 Vipera
515 3016 536 3054 a
558 3018 679 3056 multis
695 3016 799 3054 initio
824 3013 1063 3053 laudabantur
1087 3013 1133 3052 ad
1155 3027 1264 3051 ever-

419 3067 546 3108 tendas
560 3070 679 3111 morbi
697 3069 836 3110 venerei
853 3067 1020 3121 reliquias
1036 3096 1048 3116 ‚
1066 3079 1106 3106 ut
1124 3065 1261 3119 juscula

1202 1867 1276 1903 55²-

1007 3201 1015 3226 ί

1346 122 1455 177 RE
1489 120 1613 168 RU
1646 121 1737 167 M.-

1357 238 1362 241 ,
1386 210 1448 237 aut
1465 211 1548 236 caro
1563 200 1771 251 viperarum
1784 203 1800 246 ,'
2157 209 2232 246 ”106

1334 253 1474 297 Virtam
1501 250 1655 304 languor
1684 251 1706 289 ὲ.
1730 248 1839 291 causa
1865 253 2044 305 venerea,
2073 263 2157 305 296.
2184 260 2232 303 ό-

1419 317 1434 341 1

1335 317 1659 394 Vir3us9venereum
1688 356 1794 407 quale
1808 357 1874 398 fit?
2183 370 2231 411 89

1487 404 1749 465 Phlogisticum
1786 410 1838 450 est
1873 411 1945 454 five
1979 415 2234 455 inflammato-

1539 472 1634 496 rium
1650 489 1660 506 ,
2024 475 2083 515 89.
2097 471 2143 512 &1
2157 478 2234 519 506

1486 511 1719 551 Corrosivum
1733 544 1745 561 ,
2016 535 2076 566 9ο.
2094 522 2139 565 &⁴
2158 531 2234 572 506

1489 565 1697 618 Coagulans
1715 596 1726 615 ‚
2015 588 2077 618 90.
2092 577 2137 618 ό»
2156 584 2230 624 506

1488 621 1616 658 Fixum
1631 649 1640 665 ‚
2018 641 2078 670 90.
2097 636 2141 671 ζῇν
2161 636 2232 679 506

1486 671 1576 709 Inde
1594 671 1821 712 deducuntur
1837 677 2051 727 conje&urae
2066 682 2234 733 quaedam

1541 724 1586 762 de
1604 724 1734 764 natura
1750 727 1844 765 illius
1862 757 1873 774 ,
2183 750 2234 779 90

1487 776 1704 816 Admittitur
1718 780 1812 818 intra
1825 795 1954 835 corpus
1968 781 2089 823 forma
2102 786 2237 826 mado-

1542 833 1589 868 ris
1607 831 1663 869 vel
1678 830 1810 871 halitus
1824 864 1834 881 ,
2093 845 2100 853 ’
2183 855 2236 888 94

1486 887 1608 922 Partes
1623 915 1633 931 ,
1652 899 1713 936 per
1729 900 1818 939 quas
1842 887 2044 929 admittitur
2060 921 2071 940 ‚
2099 894 2235 944 primas

1542 937 1654 976 affiCit
1667 968 1677 985 ‚
2181 961 2235 992 94

1491 992 1675 1043 Accipitur
1695 991 1717 1031 ὲ
1744 990 1917 1047 sanguine
1933 996 1992 1035 vel
2014 995 2152 1051 limpha
2171 1013 2234 1051 per

1540 1057 1680 1096 partem
1695 1047 1952 1087 circulantibus
1967 1078 1978 1096 ‚
2183 1059 2237 1097 96

1485 1097 1701 1137 AEstimatur
1729 1113 1748 1138 a
1815 1100 1867 1138 iffi
1895 1104 2024 1140 veneni
2047 1105 2233 1155 quantitas

1538 1165 1580 1188 ex
1596 1164 1694 1203 parte
1712 1153 1748 1189 in
1769 1155 1837 1191 esti
1852 1184 1862 1201 ,
1894 1169 1936 1193 cx
1949 1170 2048 1207 parte
2061 1156 2230 1196 inficien-

1539 1206 1584 1242 tis
1600 1235 1609 1251 ‚
1631 1205 1685 1242 vel
1705 1220 1745 1243 ex
1763 1221 1861 1258 parte
1877 1207 2061 1261 utriusque
2074 1239 2085 1256 ,
2182 1226 2232 1260 97

1486 1258 1600 1295 Semel
1634 1257 1825 1298 admiffum
1855 1261 2114 1314 multiplicatur
2136 1264 2231 1304 intra

1547 1324 1676 1362 corpus
1691 1341 1701 1358 ,
2182 1324 2230 1361 98

1486 1364 1727 1403 Conditiones
1742 1363 1788 1402 ad
1801 1379 1880 1403 eam
1893 1366 2234 1421 multiplicationem

1548 1417 1721 1469 requifitae
1737 1447 1747 1464 ,
2181 1437 2204 1467 9
2207 1436 2239 1468 9

1485 1473 1714 1522 Conjecsturae
1730 1470 1774 1509 de
1789 1470 1892 1510 causa
1905 1473 2232 1526 multiplicationis,

1547 1540 1605 1570 99.
2027 1557 2031 1561 -

1483 1580 1536 1618 Ex
1553 1579 1752 1632 quotuplici
1768 1580 1881 1631 capite
1894 1578 2147 1631 multiplicatio
2167 1580 2231 1621 illa

1547 1633 1757 1674 :estimanda
1775 1632 1837 1671 sit?
2159 1647 2230 1674 100

1333 1690 1439 1725 Virus
1470 1701 1664 1727 venereum
1691 1688 1776 1725 latet
1796 1684 1993 1738 aliquando
2017 1686 2056 1723 in
2082 1684 2236 1740 sangui..

1383 1755 1429 1780 ne
1445 1740 1506 1779 diii
1523 1741 1594 1779 fine
1610 1740 1707 1781 nox&
1721 1770 1732 1788 ‚
2160 1753 2230 1779 101

1481 1797 1574 1834 Non
1601 1795 1702 1847 quod
1725 1790 1940 1832 recondatur
1954 1792 1992 1830 in
2013 1791 2232 1832 loculamen-

1545 1849 1590 1887 tis
1620 1862 1682 1888 aut
1708 1850 1746 1886 in
1775 1845 1954 1899 glandulis
1982 1844 2200 1899 quibusdam
2215 1876 2230 1897 ,

1552 1915 1619 1942 101

1483 1954 1550 1994 Sed
1567 1955 1668 2008 quod
1684 1956 1778 1994 intra
1792 1950 2004 2004 sanguinem
2025 1952 2154 2004 iugiter
2170 1964 2233 1991 re-
2252 1987 2254 1989 ,

1537 2022 1692 2047 novetur
1707 2008 1751 2046 ad
1769 2005 1936 2043 eumdem
1950 2004 2104 2057 gradum
2117 2036 2127 2053 ,
2162 2019 2233 2044 102

1425 2063 1437 2104 ,’
1481 2061 1788 2112 Undffifequitur
1813 2057 1911 2111 poffe
1939 2057 2138 2108 'aliquando
2168 2072 2230 2096 re..

1535 2113 1638 2153 tundi
1658 2121 1693 2152 ὃς
1719 2112 1880 2160 edomari
1908 2108 1978 2147 fine
2003 2111 2168 2150 remediis
2193 2117 2230 2151 &

1531 2165 1672 2219 optima
1702 2165 1846 2204 tantum
1879 2164 2063 2216 sanguinis
2092 2163 2231 2203 consti-

1532 2222 1674 2259 tutione
1688 2249 1699 2266 ,
2137 2217 2228 2254 ibid.

1327 2272 1431 2314 Virus
1448 2284 1637 2310 venereum
1667 2285 1750 2311 cum
1767 2269 1939 2325 sanguine
1957 2267 2148 2310 confusum
2162 2267 2231 2308 hu-

1383 2337 1501 2363 mores
1515 2325 1599 2364 inde
1616 2324 1845 2365 scaturientes
1860 2323 1974 2362 inficit
1986 2354 1996 2371 ,
2159 2328 2231 2366 298

1479 2377 1675 2430 Qiosdam
1719 2391 1843 2416 tamen
1872 2376 1977 2416 citius
2015 2374 2230 2427 faciliusque

1531 2432 1642 2484 qu‘arn
1660 2432 1751 2471 alios
1767 2461 1778 2477 ,
1987 2435 2070 2474 298.
2086 2430 2131 2472 ό»
2153 2441 2228 2474 299

1481 2484 1649 2524 Creditur
1675 2484 1743 2524 effe
1769 2482 1912 2522 acidum
1938 2482 1958 2522 ὲ
1975 2487 2096 2522 Franc.
2125 2481 2169 2520 de
2194 2481 2229 2520 le

1533 2543 1608 2576 Boe
1627 2539 1749 2589 Sylvio
1768 2566 1779 2584 ‚
2153 2548 2229 2582 530

1328 2590 1492 2627 vincolas
1521 2592 1533 2638 (
1549 2591 1599 2630 las
1616 2595 1627 2641 1
1655 2590 1701 2630 sic
1719 2602 1895 2629 vocantur
1909 2587 2065 2629 Variolae
2080 2587 2126 2626 ab
2140 2588 2227 2626 His:

1377 2642 1479 2693 panis
1498 2673 1508 2689 ,
2150 2656 2168 2689 5
2178 2648 2225 2678 26

1323 2696 1424 2732 Vitia
1452 2694 1596 2749 limphae
1636 2703 1672 2736 &
1705 2695 1960 2751 glandularum
1993 2691 2227 2746 limphatica-

1375 2760 1457 2787 rum
1472 2780 1482 2796 ‚
2146 2761 2190 2788 29
2202 2761 2223 2795 5

1324 2801 1462 2838 Vitrioli
1477 2803 1601 2843 oleum
1614 2800 1860 2842 dulcificatum
1876 2804 1981 2853 Aqua
1993 2798 2136 2841 Rabelii
2150 2800 2227 2838 dic·

1372 2866 1454 2892 tum
1472 2887 1482 2902 ‚
2145 2868 2168 2898 4
2179 2866 2223 2899 19

1321 2909 1461 2943 Vomica
1493 2907 1707 2960 pulmonum
1724 2918 1877 2945 venerea
1890 2933 1902 2951 ,
1993 2911 2075 2948 296.
2090 2905 2135 2947 ὁ»
2152 2918 2166 2953 3
2181 2912 2222 2944 18

1320 2961 1466 2996 Vomitio
1502 2958 1523 2998 ὲ
1542 2959 1647 2999 causa
1666 2957 1818 2999 venerea
1834 2987 1845 3005 ,
1982 2965 2065 3001 296.
2084 2958 2127 2999 ό*
2152 2972 2164 3005 3
2180 2970 2223 3002 19

1320 3015 1395 3047 Vox
1427 3013 1572 3051 Nasalis
1588 3044 1598 3060 ,
2150 3022 2216 3057 305

1318 3062 1444 3104 Vultas
1477 3066 1591 3120 pallor
1611 3072 1646 3107 ὅ(
1663 3062 1886 3108 decoloratio
1900 3091 1911 3109 ,
1988 3069 2051 3109 96,
2069 3062 2114 3107 ό·
2145 3075 2218 3112 320
