2477 3643
450 161 544 207 4³0
801 141 902 189 Dae
972 139 1338 190 Moassts
1413 137 1908 192 VENEREIS.

455 224 690 279 educenda
717 224 790 275 est.
823 221 961 283 Quod
993 221 1022 270 fi
1053 238 1262 288 aquarum
1286 218 1531 268 istiusmodi
1553 219 1838 270 thermalium
1858 217 1986 287 copia
2005 235 2097 271 uon
2127 219 2290 297 sappes

459 310 551 347 tat,
575 291 742 359 poterit
772 288 970 337 substitui
991 287 1224 335 decoctum
1246 284 1408 332 hordei
1425 318 1438 336 ,
1466 284 1684 333 foliorum
1715 285 1934 334 veronicae
1954 317 1967 340 ‚
1999 286 2286 348 agrimomae,

458 376 534 408 aut
555 357 755 405 radicum
778 352 1079 401 Aristolochiae
1098 384 1110 402 ‚
1146 368 1247 397 cum
1272 349 1406 413 guttis
1436 349 1606 414 aliquot
1638 367 1756 415 aquae
1786 349 2078 405 vulnerariae,
2108 369 2201 415 quae
2228 369 2284 399 ex

459 425 618 492 plantis
637 419 900 469 vulnerariis
923 434 1024 462 cum
1049 415 1156 462 vino
1174 414 1277 460 albo
1293 413 1444 460 infusis
1471 414 1704 462 distillatur
1722 433 1734 470 ·,
1754 431 1828 463 aut
1845 415 1980 464 etiam
1997 414 2026 461 fi
2043 416 2192 464 morbi
2209 435 2291 464 na.

462 506 561 538 tura
578 491 640 536 ita
662 484 812 551 poscat
827 517 840 536 ,
867 482 1063 528 tincturae
1088 480 1275 542 myrrhae
1296 480 1369 527 vel
1389 479 1521 526 alo‘e's.

504 563 586 610 v20.
616 553 686 599 Ad
707 550 863 596 dentes
888 545 1129 592 firmandos
1145 579 1157 597 ‚
1184 544 1214 590 si
1237 545 1284 590 in
1305 544 1490 591 alveolis
1518 544 1629 591 male
1648 544 1842 592 haereant
1859 579 1872 599 ‚
1899 563 1952 593 ea
1971 545 2122 593 valent
2144 562 2291 593 reme..

461 621 537 668 dia
552 653 566 674 ,
580 637 674 683 quae
688 614 970 679 gingivarum
988 610 1215 675 putredini
1231 610 1469 656 medentur
1488 644 1501 663 ‚
1522 615 1566 656 ὃς
1587 628 1682 673 quae
1702 610 1827 675 supra
1844 617 1950 675 Cap.
1967 620 2007 658 6.
2024 621 2061 669 §.
2080 630 2111 657 1.
2130 617 2176 658 &
2191 630 2223 674 ς.
2241 616 2291 657 δε

463 694 573 752 Cap.
596 702 656 729 1o.
679 691 718 738 ξ.
739 696 787 723 11.
811 677 867 723 ad
888 676 1144 723 scorbutum
1170 674 1393 740 proposita
1416 674 1527 721 sunt.
1549 679 1640 722 Prae
1656 675 1820 721 caeteris
1836 691 1983 723 autem
2004 676 2150 740 probo
2168 678 2292 741 Opia„

461 768 552 798 tam
578 745 802 812 quandam
821 776 834 796 ‚
860 746 979 805 cujus
999 740 1194 787 formula
1230 745 1378 804 Capite
1405 743 1589 803 sequente
1621 756 1915 805 proponetur.
1954 745 2051 787 Hac
2070 743 2189 790 enim
2211 741 2288 788 [χ-

460 815 557 882 pius
584 827 789 878 expertus
815 808 910 853 sum
936 807 1139 871 gingivas
1164 805 1466 870 putrescentes
1485 805 1776 852 efficacissime
1811 805 2015 867 detergi,
2047 808 2256 854 mundati
2274 840 2290 861 ,

461 876 777 928 consanescere
794 873 893 931 ,ita
919 888 967 918 ut
993 871 1148 919 nativo
1175 887 1285 917 tono
1315 870 1498 917 redditae
1530 871 1686 917 dentes
1717 869 1912 916 labantes
1935 870 2170 918 stabiliant.
2195 879 2291 919 Ve-

460 945 560 994 rum
580 944 610 990 si
627 943 782 989 dentes
802 943 887 999 jam
909 937 1010 984 sede
1033 936 1146 982 moti
1171 934 1253 982 lint
1269 970 1283 989 ,
1307 935 1354 981 id
1378 953 1517 981 unum
1537 935 1760 999 reliquum
1779 936 1838 981 cst
1856 968 1867 987 ‚
1895 950 1943 995 ut
1966 935 2147 983 deterfis
2170 937 2291 1001 Prius

461 1017 509 1059 δέ
537 1008 693 1057 sanatis
718 1004 910 1069 gingivis
926 1037 938 1056 ‚
966 1003 1013 1048 in
1030 1001 1327 1049 deciduorum
1345 1000 1494 1047 locum
1522 1001 1762 1048 adulterini
1788 1018 1841 1046 ex
1869 1015 1963 1046 arte
1982 1002 2262 1049 restituantur
2278 1035 2293 1055 ‚

461 1093 556 1125 non
585 1093 637 1122 ex
666 1072 805 1119 ebore
822 1103 834 1123 ‚
859 1068 983 1132 quod
1005 1068 1136 1114 nimis
1160 1067 1249 1112 cito
1268 1066 1493 1121 flavescit,
1513 1065 1590 1115 sed
1617 1083 1670 1113 ex
1692 1064 1905 1113 dentibus
1932 1066 2292 1133 Hippopotami,

459 1142 539 1208 qui
558 1139 802 1199 candorem
823 1152 1003 1181 tuentur
1023 1131 1202 1179 diutius.

528 1214 591 1268 3⁰.
624 1201 888 1251 Columellae
904 1234 917 1253 ,
941 1216 1034 1264 quae
1055 1199 1205 1244 ulcere
1225 1196 1426 1244 eroditur
1445 1230 1458 1250 ,
1486 1195 1646 1243 iisdem
1673 1195 1884 1243 remediis
1913 1195 2186 1243 medendum
2208 1197 2295 1249 est,

460 1271 624 1336 quibus
651 1268 817 1316 caeteris
844 1266 933 1312 oris
958 1264 1180 1327 ulceribus
1199 1297 1211 1315 ,
1237 1263 1323 1326 qua
1343 1262 1400 1308 cle
1425 1280 1472 1308 re
1508 1262 1615 1308 vide
1642 1278 1797 1326 praeter
1825 1261 1909 1307 alia
1938 1261 2065 1315 loca,
2095 1268 2235 1326 Caput
2254 1267 2294 1307 8.

461 1347 499 1397 §.
523 1360 555 1399 3.
578 1340 698 1382 artic.
727 1351 758 1379 1.
794 1335 958 1395 Neque
991 1328 1100 1376 vero
1132 1328 1162 1374 fi
1188 1327 1424 1375 columella
1446 1326 1647 1374 erosione
1675 1330 1761 1386 jam
1781 1325 2013 1390 absumpta
2039 1325 2175 1373 fuerit
2194 1360 2206 1378 ,
2237 1327 2294 1374 de

461 1401 692 1450 amiffione
718 1395 988 1461 magnopere
1014 1393 1313 1440 laborandum
1334 1394 1392 1438 est
1406 1427 1418 1445 ,
1439 1391 1579 1438 modo
1599 1391 1731 1438 semel
1753 1390 2005 1437 cohibitum
2023 1391 2072 1436 fit
2094 1391 2216 1438 ulcus
2237 1409 2299 1439 ne

459 1468 606 1533 serpat
633 1463 814 1512 ulterius
835 1496 846 1514 ‚
876 1460 1091 1525 siquidem
1125 1457 1397 1524 experientia
1429 1472 1713 1522 compertum
1740 1457 1799 1503 est
1825 1473 1908 1504 nec
1941 1456 2294 1522 deglutitionem

462 1550 548 1581 nec
575 1530 802 1594 loquelam
827 1526 934 1572 inde
960 1524 1147 1571 offendi.

525 1605 594 1656 40.
620 1594 740 1643 Cum
764 1591 853 1639 offa
877 1590 1068 1656 palatina
1095 1587 1261 1654 pessum
1292 1585 1442 1634 abiere
1461 1621 1474 1640 ‚
1501 1601 1574 1638 aut
1604 1585 1868 1634 alterutrum
1902 1586 2056 1633 ostium
2091 1586 2297 1634 maxilla-

465 1663 582 1711 rium
600 1662 646 1708 in
667 1657 815 1706 media
832 1656 963 1722 palati
982 1654 1157 1700 fornice
1178 1652 1234 1698 ad
1254 1669 1379 1698 nares
1405 1651 1543 1717 usque
1574 1651 1826 1717 perforatur
1840 1687 1854 1706 ‚
1885 1670 1978 1699 non
1999 1651 2098 1698 satis
2127 1654 2187 1700 est
2208 1651 2298 1699 ser-

462 1728 591 1795 penti
618 1724 752 1773 cariei
773 1721 1012 1769 occurriffe
1029 1718 1206 1766 idoneis
1229 1716 1438 1764 remediis
1454 1751 1466 1770 ‚
1488 1734 1530 1764 at
1550 1718 1662 1765 verb
1689 1717 1812 1765 fimul
1833 1718 1969 1766 etiam
1989 1733 2171 1782 oportet
2199 1735 2300 1764 me-

465 1794 563 1842 deri
590 1791 703 1839 vitio
731 1788 855 1836 vocis
872 1821 885 1840 ‚
914 1803 1008 1851 quae
1028 1801 1132 1831 tunc
1155 1783 1283 1830 rauce
1303 1817 1315 1837 ,
1349 1782 1583 1830 incondite
1603 1816 1615 1836 ‚
1638 1800 1692 1830 ex
1722 1781 1828 1829 naso
1859 1783 1965 1831 ideo
1996 1781 2121 1829 sonat
2137 1816 2150 1836 ‚
2173 1782 2299 1847 qubd

465 1858 642 1907 emiffus
663 1855 838 1920 spiritus
855 1854 903 1899 in
925 1851 1121 1912 patentia
1141 1848 1316 1895 narium
1343 1848 1588 1912 penetralia
1615 1845 1903 1896 absorbeatur
1930 1867 1942 1901 3
1971 1848 2184 1912 quocirca
2217 1865 2300 1894 ne-

466 1924 581 1971 ceffe
603 1924 662 1969 est
681 1919 815 1985 partis
844 1916 1068 1964 defectum
1088 1913 1295 1980 prosthesi
1318 1931 1537 1978 reparare.
1572 1914 1767 1961 Solenne
1792 1913 1877 1960 fuit
1901 1913 2011 1960 olim
2039 1912 2087 1960 in
2108 1913 2225 1960 hunc
2246 1912 2304 1958 fi·

468 2006 574 2035 nem
595 1984 851 2033 obturando
871 1981 1083 2028 foramini
1104 1997 1284 2026 tenuem
1303 1984 1348 2024 δε
1369 1994 1634 2025 cameratam
1655 1978 1876 2025 lamellam
1896 2012 1909 2031 ,
1939 1996 2117 2026 auream
2137 1978 2207 2024 vel
2228 1995 2299 2024 ar-

467 2068 677 2117 genteam
710 2062 964 2112 apponere,
988 2050 1035 2090 &
1070 2061 1157 2106 ope
1190 2042 1431 2105 spongiolae
1465 2043 1685 2088 mollioris
1719 2043 1855 2089 dorso
1888 2042 2101 2105 alligatae,
2127 2059 2224 2106 quae
2251 2043 2301 2090 in

464 2133 670 2182 apertum
700 2112 904 2158 foramen
930 2108 1275 2157 intrudebatur,
1299 2106 1526 2152 admotam
1558 2106 1763 2154 detinere
1783 2139 1796 2160 ,
1827 2106 1914 2170 qua
1947 2108 2004 2153 de
2039 2125 2086 2154 re
2118 2106 2301 2155 consule

469 2179 759 2229 Ambrosium
780 2180 1000 2225 Paraeum,
1030 2172 1126 2219 Lib.
1161 2192 1216 2233 33-
1245 2185 1337 2234 cap.
1360 2190 1403 2228 4.
1438 2176 1484 2218 ὃ(
1520 2170 1810 2218 Guillelmum
1846 2171 2095 2218 fabricium
2133 2172 2301 2219 Hilda-

464 2264 577 2294 num
594 2281 607 2299 ‚
633 2250 751 2292 Cent.
774 2259 812 2287 2.
835 2240 1058 2298 Obfirvczt.
1081 2254 1148 2282 22.
1171 2234 1341 2283 Verum
1358 2234 1458 2281 cum
1479 2235 1663 2300 spongia
1679 2236 1755 2283 illa
1776 2254 1908 2283 muco
1930 2252 2140 2301 corrupta
2160 2236 2304 2283 foeto-

465 2329 565 2360 rem
590 2309 720 2358 brevi
737 2304 971 2353 contrahat
990 2302 1234 2349 maximum
1250 2333 1262 2352 ,
1280 2303 1367 2361 jam
1389 2301 1565 2365 pridem
1597 2301 1760 2366 placuit
1779 2317 1930 2367 aptare
1961 2302 2134 2348 laminae
2159 2302 2301 2349 elate..

466 2395 566 2425 rem
587 2391 772 2440 parvum
795 2385 1058 2433 argenteum
1076 2401 1088 2420 ‚
1107 2365 1185 2431 qui
1204 2365 1417 2413 foramini
1435 2364 1622 2413 insertus
1641 2366 1810 2432 [ibique
1830 2365 2056 2431 permissus
2074 2367 2300 2415 lamellam

465 2441 703 2507 suspendat
718 2472 731 2490 ,
755 2453 803 2484 ut
825 2435 981 2484 videre
1007 2434 1067 2480 est
1090 2431 1207 2496 apud
1224 2430 1491 2477 Cornelium
1513 2431 1727 2496 Solingen
1746 2466 1758 2484 ,
1794 2435 2037 2495 operation.
2073 2432 2307 2496 Chirurgi.

470 2524 557 2555 car.
590 2504 688 2553 Lib.
710 2521 740 2551 1.
768 2516 862 2566 cap.
882 2521 948 2564 43.
972 2504 1017 2546 &
1036 2500 1259 2554 Ioannem
1279 2498 1441 2559 Muys,
1460 2501 1642 2544 Praxeas
1664 2498 1899 2561 Chirurgic.
1920 2499 2112 2544 rational,
2131 2497 2309 2548 Demd,¹

469 2590 510 2633 7.
538 2571 761 2632 Observat,
786 2584 849 2613 ιο.

976 2771 1447 2828 CAPUT
1558 2770 1817 2825 XII.

466 2893 740 2973 'Appendix
765 2892 825 2947 de
845 2891 1116 2946 rarioribus
1137 2894 1329 2965 aliquot
1352 2890 1584 2944 remediis
1602 2931 1618 2952 ,
1641 2908 1741 2962 quae
1763 2887 1832 2939 ool
1850 2884 2037 2940 morbos
2064 2901 2302 2942 venereos

810 2966 1039 3044 praetori
1061 2967 1264 3043 faciunt
1283 3008 1299 3029 ,
1335 2967 1425 3020 vel
1451 2965 1712 3019 creduntur
1730 2963 1915 3035 fhcere.

625 3096 685 3139 Ic
718 3093 844 3157 plura
874 3094 1058 3158 quidem
1086 3092 1234 3140 refero
1261 3092 1397 3157 quam
1425 3090 1657 3157 approbo3
1683 3089 1894 3154 quocirca
1912 3087 2050 3136 velim
2070 3100 2117 3132 ut
2137 3085 2193 3131 de
2210 3080 2297 3128 fin·->

628 3159 835 3222 gulorum
863 3159 1052 3205 utilitate
1082 3158 1250 3205 feratur
1270 3157 1485 3221 judicium
1503 3173 1596 3202 non
1615 3174 1668 3202 ex
1688 3155 1812 3202 vanis
1832 3153 2168 3214 Aretalogorum
2194 3145 2296 3210 pol-

469 3221 790 3273 licitationibus
807 3256 822 3278 ,
851 3221 928 3271 sed
956 3240 1008 3272 ex
1036 3223 1142 3272 nota
1170 3223 1237 3273 rei
1265 3222 1451 3271 veritate
1469 3254 1484 3277 ‚
1514 3220 1618 3276 vel,
1639 3219 1670 3267 fi
1690 3238 1741 3272 ea
1758 3218 1875 3273 forte
1898 3218 1945 3265 in
1967 3214 2179 3279 ambiguo
2197 3210 2295 3271 fueq
