2477 3643
727 127 1443 177 an·1÷RI.CA1⁵U·r
1510 127 1548 173 1.
2035 139 2079 198 ,ξ

230 215 431 262 Demum
448 243 460 265 ‚
476 224 525 258 ut
545 208 783 274 exempla&
804 207 971 255 caeteris
985 210 1170 271 Europae
1183 205 1462 255 Nationibus
1478 207 1708 274 desumpta
1722 225 1839 258 nunc
1854 210 2079 266 omittam,

231 278 451 326 Carolum
469 277 493 322 a
511 273 806 338 Lotharingia
827 277 1001 320 Ducem
1019 271 1375 337 Wunnensem
1395 306 1407 326 ,
1427 271 1650 320 famosum
1670 275 1817 339 Caput
1830 277 2082 325 foederato-

230 361 331 392 rum
349 342 375 395 ,¹
395 341 470 388 seu
485 340 630 406 potius
645 339 944 405 perduellium
957 335 1164 384 adversus
1180 338 1499 384 Heni·icum11
1516 343 1549 384 Ι.
1569 344 1615 384 6<
1631 340 1885 386 Henricum
1899 347 1918 387 1
1933 348 1987 389 V.
2002 343 2083 406 qui

233 405 388 471 &ipse
404 406 567 453 morbo
586 405 749 452 eodem
767 403 954 457 infectus
974 402 1074 449 suit.
1094 403 1513 467 Mezerai¹5Abregd
1527 405 1769 467 Chronolog.
1787 406 1846 450 ad
1857 423 1952 453 ann.
1973 413 2081 469 1589.

291 474 403 530 Qlae
424 488 534 534 ergo
560 471 726 518 idonea
747 475 791 516 &
822 470 927 531 justa
952 469 1038 515 erit
1070 483 1274 515 veterum
1304 468 1636 514 Historicorum
1670 469 1894 519 excusatio
1918 504 1932 524 ‚
1966 472 2083 535 apud

235 554 349 600 quos
374 554 450 601 per
473 536 540 582 bis
557 536 680 582 mille
701 552 839 582 annos
858 534 1031 581 nullum
1061 533 1222 597 prostat
1243 534 1499 598 exemplum
1530 533 1779 581 istiusmodi
1795 548 1812 581 3
1847 538 1919 581 An
1940 537 2085 582 nemi-

233 620 340 649 nem
354 601 472 647 inter
491 616 558 647 tot
575 605 832 648 Graecorum
848 603 998 646 Duces
1013 632 1025 652 ‚
1042 598 1160 644 inter
1176 612 1244 644 tot
1260 604 1570 646 Romanorum
1588 605 1746 664 Imper.
1758 628 1772 643 .·
1785 618 1884 647 ores
1899 634 1912 652 ,
1929 619 2091 648 omnes-

230 665 460 713 effraenatae
493 671 540 712 &
570 665 865 732 impuriffimae
888 663 1091 711 libidinis
1109 696 1121 715 ‚
1143 663 1307 710 morbo
1339 664 1431 710 ullo
1453 682 1649 711 venereo
1672 683 1870 724 unc-iam
1899 665 2083 712 labora-

235 728 343 779 visse
369 732 602 778 credemus
619 765 631 784 ‚
654 732 710 778 de
735 749 826 794 quo
852 730 1131 777 mentionem
1150 727 1299 776 facere
1322 731 1550 794 potuerint
1569 743 1582 776 ἲ
1605 731 1692 777 Sed
1710 747 1798 776 tami
1831 729 1937 776 felix
1954 765 1967 783 ,
1995 746 2088 777 tam

232 796 473 849 diuturna,
497 813 590 843 tam
611 799 810 843 constans
838 810 906 841 tot
927 794 1166 841 hominum
1195 793 1481 840 incolumitas
1499 829 1511 848 ,
1542 796 1687 860 quiin
1709 796 1918 861 periculis
1950 813 2087 844 vene-

238 862 325 908 reis
352 860 441 908 fine
463 862 638 909 deletitu
658 860 946 908 versabantur
966 894 979 913 ‚
1009 858 1222 924 prodigio
1257 859 1407 907 similis
1432 860 1552 907 esset.
1601 865 1675 907 An
1707 862 1817 908 verb
1837 861 2087 908 Historicos

239 943 415 973 veteres
448 944 542 972 non
571 926 694 973 ausos
714 925 841 973 fuisse
866 942 1016 996 turpes
1036 930 1083 970 &
1111 924 1413 971 dedecorosos
1439 929 1619 972 Ducum
1647 942 1721 972 aut
1752 933 2084 991 Imperatorum

240 991 425 1041 morbos
452 1003 687 1056 retegere?
727 991 814 1038 Sed
843 990 1044 1055 proferiti)
1067 989 1146 1052 qui
1167 990 1258 1036 haec
1290 990 1439 1037 animo
1459 990 1521 1036 ita
1553 991 1815 1056 concipiunt
1834 1025 1848 1044 ‚
1878 992 2091 1056 antiquos

241 1057 492 1103 Historicos
515 1058 629 1103 male
658 1072 842 1103 norunt.
877 1056 1059 1102 Tacitus
1077 1054 1246 1101 scilicet
1264 1088 1277 1108 ‚
1298 1056 1374 1119 qui
1391 1061 1719 1120 Imperatorum
1745 1057 1853 1103 vitia
1875 1072 1966 1102 tam
1993 1057 2086 1104 acri

242 1121 353 1182 stylo
383 1122 638 1186 perstringit
661 1141 675 1167 '-
700 1121 939 1168 Suetonius
963 1154 976 1173 ‚
1006 1120 1085 1183 qui
1113 1118 1336 1166 Caesarum
1366 1121 1478 1168 vitas
1511 1121 1669 1167 eadem
1695 1122 1872 1186 prorsus
1903 1122 2087 1169 licenti&

243 1186 400 1233 scribit
414 1220 428 1239 ,
460 1186 547 1249 qua
567 1188 776 1234 vixerunt
794 1186 871 1250 ipsi
892 1205 902 1231 ε
936 1185 1171 1247 caeterique
1191 1185 1463 1248 antiquiores
1482 1186 1734 1250 Scriptores
1748 1220 1760 1239 ,
1790 1187 1867 1250 qui
1894 1188 2086 1233 maxima

247 1269 350 1298 cum
384 1250 594 1298 libertate
621 1250 844 1314 quossibet
876 1265 1064 1302 notant,
1082 1249 1340 1314 Principum
1370 1249 1603 1296 infamiam
1635 1256 1681 1296 &
1705 1251 1902 1297 dedecus
1931 1252 2084 1298 adula-

246 1317 371 1364 tione
400 1315 577 1381 peffimii
622 1317 678 1363 de
705 1315 920 1362 industria
952 1332 1108 1362 omnes
1137 1315 1398 1363 celaverunt
1431 1328 1444 1361 ?
1474 1316 1668 1361 Minime
1703 1318 1922 1362 omnium.
1957 1317 2085 1375 Quid

245 1383 374 1428 restat
400 1383 537 1444 lgitur
553 1415 566 1433 ,
584 1380 664 1427 nisi
685 1397 732 1427 ut
751 1399 805 1428 ex
830 1381 1005 1428 silentio
1032 1395 1239 1427 veterum
1260 1380 1592 1427 Historicorum
1610 1382 1932 1428 concludamus
1956 1382 2084 1445 quod

246 1465 300 1494 ex
320 1462 525 1494 veterum
546 1446 835 1494 Medicorum
851 1445 1025 1492 silentio
1043 1445 1182 1491 modo
1203 1445 1465 1510 collegimus
1483 1480 1501 1500 >
1515 1447 1636 1494 luem
1652 1445 1822 1494 scilicet
1842 1465 2085 1495 veneream

246 1512 490 1575 antiquitus
506 1530 751 1575 numquam
772 1511 1054 1558 observatam
1073 1509 1201 1557 fuisse
1218 1524 1232 1557 ἓ

305 1582 503 1625 Demum
525 1581 672 1624 Tertia
698 1576 943 1624 desumitur
963 1595 1016 1624 ex
1033 1575 1207 1624 silentio
1229 1577 1468 1623 Poetarum
1486 1592 1690 1624 veterum
1706 1611 1719 1630 ,
1747 1593 1842 1623 tum
1868 1578 2083 1625 Satirico-

224 1646 349 1690 mrum
377 1677 389 1695 ,
418 1659 512 1689 tum
549 1643 1032 1707 Epigrammaticorum
1058 1675 1073 1696 ,
1107 1658 1458 1705 caeterorumque
1498 1646 1747 1689 Auctorum
1766 1677 1778 1694 ,
1808 1644 1857 1689 in
1887 1662 2086 1707 quorum

249 1707 478 1773 Operibus
500 1708 624 1754 locus
650 1708 792 1754 nullus
813 1710 948 1754 exstat
968 1742 980 1761 ‚
1001 1707 1080 1772 qui
1103 1707 1159 1753 de
1179 1708 1251 1753 lue
1268 1707 1462 1753 venere&
1482 1707 1608 1771 poffit
1626 1708 1836 1770 intelligi.
1871 1711 1986 1755 Sane
2006 1728 2082 1774 pa-

247 1792 345 1820 rem
371 1773 666 1820 desideramus
687 1773 948 1820 modestiam
967 1773 1014 1818 in
1044 1771 1192 1818 Po'e'tis
1209 1806 1221 1825 ,
1241 1772 1319 1835 qui
1348 1772 1553 1818 ducentis
1571 1772 1735 1818 abhinc
1764 1774 1887 1819 annis
1906 1775 1954 1820 in
1972 1775 2080 1821 Gal-

250 1839 320 1884 liis
344 1839 498 1884 nostris
519 1838 709 1885 floruere
726 1872 738 1890 ,
760 1854 808 1884 ut
829 1856 946 1884 nunc
967 1838 1024 1884 de
1041 1837 1303 1901 alienigenis
1321 1837 1533 1883 sileamus.
1572 1843 1756 1900 Ignorat
1789 1839 1910 1885 enim
1942 1857 2079 1887 nemo

250 1904 369 1968 apud
398 1904 672 1967 Regnerium
700 1905 748 1949 in
775 1903 927 1950 Satiris
953 1921 964 1956 ·,
998 1906 1231 1949 Marotum
1248 1937 1260 1955 ,
1304 1902 1499 1962 Bayfium
1523 1936 1535 1955 ‚
1571 1903 1875 1967 Theophilum
1900 1938 1913 1959 ‚
1955 1906 2084 1969 Sigo-

249 1970 407 2032 gnium
427 2003 440 2021 ,
462 1968 767 2016 Berthelotum
784 2003 797 2021 ‚
817 1971 1022 2016 §anetum
1039 1968 1298 2013 Amandum
1312 2001 1324 2020 ‚
1345 1966 1622 2016 Rouffellum
1641 2002 1652 2020 ,
1677 1974 1765 2014 &c-
1785 1969 1831 2014 in
1853 1970 2086 2034 Epigram-

249 2034 404 2090 matis,
432 2050 505 2079 aut
523 2034 786 2087 Po'e'matiis3
810 2033 1088 2080 Rabelaesum
1103 2033 1151 2078 in
1170 2033 1313 2079 Satira
1327 2066 1340 2085 ,
1359 2033 1431 2079 cui
1451 2031 1570 2090 Gesta
1591 2039 1832 2098 Garganum
1849 2035 1899 2081 &³
1921 2042 2084 2082 Panta-

247 2102 399 2164 grnelis
416 2098 594 2145 titulum
608 2097 715 2145 fecit
731 2133 743 2151 ,
760 2098 994 2145 liberiores
1011 2102 1134 2161 jocos
1150 2098 1198 2144 in
1214 2099 1332 2144 luem
1352 2116 1610 2151 veneream,
1629 2117 1701 2144 aut
1719 2099 1791 2146 lue
1807 2101 1999 2148 venei-ecl
2018 2102 2085 2147 in-

230 2164 391 2210 'fectos
412 2164 560 2229 paffim
576 2166 771 2229 prostare
786 2199 799 2217 >
821 2182 932 2228 quos
948 2163 1174 2211 excusatos
1193 2163 1271 2228 ipsi
1288 2164 1575 2215 noluerimus.
1609 2164 1837 2221 Quorsum
1862 2182 1971 2228 ergo
1992 2167 2085 2213 dis-

253 2230 423 2276 crimen
448 2245 536 2275 tam
556 2228 834 2275 manifestum
857 2245 1031 2277 veteres
1048 2229 1166 2275 inter
1186 2234 1232 2275 δε
1253 2229 1524 2276 recentiores
1537 2232 1724 2282 poetas,
1744 2230 2085 2295 Scriptoresque

254 2294 393 2341 alios?
411 2294 660 2340 Putandum
678 2293 834 2341 forsan
850 2298 1092 2342 Horatium
1106 2328 1118 2346 ,
1136 2295 1399 2347 Iuvenalem
1413 2329 1425 2347 ,
1442 2293 1636 2341 Perfium
1654 2328 1665 2346 ‚
1681 2294 1762 2358 qu}
1777 2310 1865 2341 tam
1886 2295 2085 2344 obscaena

254 2360 362 2424 faepe
385 2358 621 2424 proferunt
635 2394 647 2412 ‚
667 2360 745 2423 qui
770 2375 838 2405 tot
858 2360 1081 2412 convitia,
1102 2375 1170 2405 tot
1183 2359 1425 2406 scommata
1441 2359 1588 2423 passim
1610 2377 1884 2424 congerunt,
1902 2365 2086 2424 Regne-

253 2426 323 2471 rio
342 2425 530 2471 Satirico
547 2443 558 2477 3
576 2441 650 2471 aut
663 2425 894 2471 Catullum
913 2431 957 2470 Sc
978 2424 1233 2473 Martialem
1249 2459 1260 2475 ‚
1281 2426 1362 2489 qui>
1379 2425 1435 2472 de
1456 2424 1587 2471 rebus
1602 2426 1802 2471 venereis
1818 2441 1883 2471 tot
1901 2426 2085 2474 diffiteris.

254 2490 413 2535 dicunt
426 2490 474 2535 in
488 2508 644 2536 omnes
657 2524 670 2542 ,
686 2494 887 2543 Maroro,
905 2490 1069 2552 ssayfio,
1085 2490 1364 2555 Theophilo5
1378 2490 1611 2554 Sigognio⁷
1627 2491 1903 2544 Bertheloto,
1924 2495 2092 2538 Sanchzo>

255 2554 464 2602 Amando
482 2588 494 2607 ,
516 2550 744 2602 Roussello
761 2574 773 2609 3
793 2572 866 2602 aut
881 2555 1063 2602 demum
1080 2557 1340 2602 Petronium
1358 2555 1606 2619 turpissimae
1625 2555 1926 2602 obscaenitatis·
1939 2557 2086 2622 Scrip«

258 2637 405 2667 torem
423 2653 435 2671 ‚
454 2619 681 2666 Rabelaeso
709 2621 1055 2668 verecundiores
1072 2619 1220 2674 fuiffe,
1244 2622 1315 2668 vel
1333 2621 1477 2667 minus
1499 2620 1767 2667 maledicos?
1784 2625 2087 2686 Nequaquam

258 2684 460 2750 profesto
478 2703 488 2739 ·,
509 2684 584 2731 sed
609 2685 717 2732 inde
744 2687 1050 2750 colligendum
1077 2687 1138 2732 est
1152 2720 1165 2738 ,
1183 2702 1233 2731 ut
1253 2690 1342 2749 jam
1364 2686 1513 2750 stepiris
1531 2686 1698 2732 dicium
1720 2685 1839 2739 fuit,
1860 2682 1978 2734 luem
2003 2705 2087 2734 ve-

260 2768 438 2797 neream
456 2783 467 2802 ‚
488 2768 583 2813 quae
612 2751 902 2815 posteriorum
935 2768 1064 2798 aetate
1093 2751 1238 2815 viguit
1254 2785 1266 2804 ‚
1290 2752 1569 2815 incognitam
1591 2749 1718 2797 fuisse
1732 2751 1935 2815 priorum
1959 2769 2054 2799 aevo
2069 2784 2090 2804 >-

222 2830 224 2832 ’
256 2815 336 2878 qui
362 2815 559 2877 alioquin
601 2833 846 2880 numquam
882 2817 1100 2864 abstinere
1123 2815 1359 2880 potuissent
1381 2817 1406 2862 εὶ
1433 2816 1664 2881 prurigine
1690 2816 1829 2861 multa
1854 2817 1902 2861 in
1928 2815 2084 2861 libidi-

258 2880 392 2925 nosos
420 2879 622 2938 jocandi,
642 2896 738 2927 tum
767 2882 825 2928 de
856 2882 1038 2935 natura,
1061 2898 1157 2929 tum
1182 2883 1239 2930 de
1266 2882 1392 2930 causa
1418 2881 1569 2930 morbi
1597 2897 1732 2944 quem
1758 2881 1967 2943 nequitiis
2004 2879 2087 2928 fibi

259 2942 643 3008 comparaviffent.

319 3012 390 3054 Ut
416 3025 526 3072 ergo
554 3009 783 3055 Lucretius
806 3010 965 3055 mundi
995 3013 1216 3056 novitatem
1248 3010 1299 3056 &⁹
1333 3025 1525 3058 naturam
1552 3021 1742 3058 recentem
1776 3011 1894 3058 redte
1927 3009 2090 3076 probat

256 3071 465 3139 ‚sequenti
495 3073 733 3119 ratiocinio
754 3107 767 3126 ‚
786 3080 858 3120 De
877 3092 1010 3120 rerum
1029 3074 1209 3129 naturai,
1232 3074 1333 3121 Lib.
1355 3093 1390 3138 5.

477 3139 678 3187 Praetered
697 3140 741 3199 si
767 3143 876 3186 nulla
895 3138 980 3198 fitit
1003 3143 1192 3204 genitalis
1210 3143 1316 3203 origo

478 3206 709 3251 Terrarum
740 3205 790 3253 ό
811 3207 900 3254 caeli
915 3243 929 3261 ,
946 3206 1179 3271 semperque
1204 3219 1349 3254 aterna
1364 3205 1484 3268 ficeffre
1501 3222 1517 3255 5
1772 3269 1813 3315 Ἀ

1840 3283 1874 3329 ¹)

2127 1587 2203 1627 ΙΙΙ.
2237 1588 2358 1628 837σῆ-

2127 1641 2179 1677 tio
2219 1645 2358 1680 Poeta-

2126 1706 2205 1732 tuin
2220 1722 2231 1737 ‚
2253 1708 2362 1734 caete=r

2128 1759 2330 1799 torumque

2130 1801 2304 1851 Scripto-

2128 1864 2209 1889 rum
2228 1864 2329 1888 anti-

2128 1919 2310 1957 quorum-‚-
