2477 3643
670 123 1452 173 LrnanII.CA1‘u·r
1506 126 1613 172 VI.
1937 143 2034 190 239

187 191 343 258 'lorcin
368 203 594 255 contrahit
625 238 640 258 ‚
667 205 787 254 unde
809 206 997 254 liventes
1029 221 1078 251 ac
1095 202 1301 254 varicosae.
1320 205 1527 254 vasorum
1553 204 1843 272 propagines,
1863 208 2028 272 quibus¹
2065 216 2160 256 circa
2187 218 2290 258 vari«

190 272 448 322 carcinoma
474 270 684 334 cingitur.

257 339 491 402 Diagnosis.
530 339 703 383 Natura
731 368 745 388 ‚
779 335 906 381 status
926 368 939 388 ‚
977 334 1236 383 differentiae
1267 334 1460 383 bubonis
1492 334 1864 382 carcinomatodis
1888 335 2017 385 facilc·

193 418 345 469 patent
374 419 427 449 ex
457 400 769 465 descriptione.
804 398 956 446 Causae
978 402 1086 449 vero
1107 402 1203 448 erui
1228 401 1404 466 poffunt
1426 419 1479 449 ex
1511 399 1805 448 antecedente
1830 400 2015 448 vivendi

196 485 339 515 more.

255 532 480 596 Prognosis.
513 527 636 576 Bubo
667 528 1049 577 carcinomatodes
1081 529 1265 580 morbus
1284 533 1341 577 est
1372 529 1515 595 gravis
1542 535 1589 578 δε
1607 527 1876 594 periculosus
1893 562 1906 582 ,
1934 529 2012 593 qui

193 596 293 644 raro
324 611 502 642 curatur
526 628 539 647 ,
565 611 646 641 nec
679 612 875 658 unquam
908 593 984 640 nisi
1013 592 1137 641 ferro
1169 600 1214 640 &
1242 596 1346 659 igne
1378 616 1388 642 z
1416 600 1541 642 Duro
1569 595 1691 642 enim
1721 594 1844 639 nodo
1876 595 2011 642 durus

189 678 355 708 cuneus
385 659 671 725 apponendus
691 662 762 705 est.

253 724 438 781 Siffbubo
466 724 667 784 subjectis
685 724 880 788 partibus
911 722 1118 768 stabiliter
1139 723 1358 772 adliaereat
1373 758 1385 777 ,
1422 725 1520 772 cum
1544 742 1688 788 neque
1706 723 1827 772 ferro
1864 741 2032 789 neque.

188 789 474 837 cathaereticis
503 790 710 835 radicitus
732 788 940 852 extirpari
958 787 1082 851 pollit
1102 821 1114 840 ‚
1136 788 1262 851 plane
1287 790 1543 837 incurabilis
1570 793 1630 837 est
1651 823 1663 843 ,
1691 795 1736 836 &
1762 789 2009 853 mitigatio-

188 871 293 901 nem
323 854 495 900 tantum
528 853 600 900 seu
619 857 893 918 palliationem
913 852 1122 898 admittit.

245 920 292 966 Si
321 919 428 966 vero
450 918 628 965 mobilis
656 917 706 963 fit
727 923 771 963 δε
802 920 825 964 a
843 917 1042 979 subjectis
1070 916 1264 981 partibus
1291 917 1503 978 sejundlus
1521 952 1533 970 ,
1555 921 1693 983 potest
1714 918 1903 983 perfeete
1935 938 2027 967 cu··⁴

188 986 277 1031 rari
298 983 594 1048 extit-parione
609 1016 620 1035 ‚
638 983 775 1028 modo
800 984 823 1029 εὶ
855 981 1098 1028 cruralibus
1118 982 1223 1028 valis
1248 981 1347 1028 satis
1377 983 1581 1031 distiterit
1597 1017 1611 1036 ,
1631 999 1679 1029 ut
1699 985 1898 1048 operatio
1918 983 2007 1032 fine

187 1049 387 1113 periculo
411 1047 536 1112 poffit
565 1047 745 1093 institui.
1887 1093 1889 1095 ,

244 1118 295 1158 In
313 1130 477 1159 venere
504 1111 625 1157 bubo
647 1110 1031 1158 carcinomatodes
1058 1116 1199 1172 major
1219 1111 1391 1159 minore
1413 1146 1428 1167 ‚
1458 1112 1626 1160 acutius
1644 1113 1800 1163 dolens
1822 1113 2008 1163 dolente

186 1176 297 1225 obtu
316 1178 380 1224 nis
393 1212 406 1230 ,
425 1177 700 1224 exulceratus
718 1177 898 1223 occulto
915 1176 1096 1239 gravior
1121 1178 1193 1222 est.

259 1246 442 1288 Curatio.
474 1242 605 1288 Varia
624 1243 682 1288 est
696 1275 707 1293 ‚
727 1258 774 1288 ut
792 1241 931 1286 modi)
958 1242 1149 1287 diximus
1166 1275 1178 1293 ‚
1197 1258 1277 1304 pro
1303 1239 1482 1287 diverso
1518 1244 1705 1290 tumoris
1734 1246 1866 1299 statu5
1885 1261 2006 1290 cura-

183 1311 290 1353 toria
310 1307 475 1354 scilicet
492 1306 520 1351 fi
541 1306 717 1352 mobilis
738 1340 750 1358 ‚
768 1309 995 1370 palliativa
1018 1306 1188 1352 tantum
1213 1304 1242 1349 sl
1262 1304 1421 1352 stabilis
1449 1306 1512 1353 sit.

249 1376 283 1417 1.
317 1377 368 1417 In
394 1372 545 1436 priore
566 1370 666 1417 casu
686 1371 774 1416 haec
790 1371 975 1434 praesens
994 1387 1122 1434 urget
1148 1370 1364 1416 indicatio
1387 1404 1400 1423 ,
1431 1387 1477 1417 ut
1502 1388 1650 1420 tumor
1678 1373 1910 1420 cancrosus
1937 1392 2007 1422 ce-

182 1436 359 1484 lerrime
383 1436 689 1489 exscindatur,
709 1454 766 1483 ne
785 1436 1022 1482 viciniores
1045 1452 1186 1501 partes
1208 1434 1256 1479 in
1273 1434 1548 1483 consortium
1576 1440 1720 1486 trahat
1745 1473 1758 1491 ‚
1790 1455 1863 1485 aut
1885 1440 2007 1488 mole

179 1502 329 1548 austris
349 1501 544 1564 subjeelzae
573 1502 686 1566 parti
708 1499 919 1548 stabiliter
941 1501 1258 1564 agglutinetur.

241 1571 395 1629 ltaque
430 1568 490 1612 1⁹.
519 1570 652 1629 AEger
670 1601 681 1619 ,
702 1582 750 1611 ut
774 1569 861 1627 jam
885 1564 991 1630 saepe
1016 1565 1182 1611 dictum
1212 1566 1296 1616 est,
1313 1565 1367 1610 ad
1388 1567 1698 1629 operationem
1720 1569 1862 1615 statim
1891 1588 2006 1634 prae-

181 1631 400 1695 parandus
419 1630 813 1677 universalioribus
840 1630 1049 1676 remediis
1069 1665 1081 1682 ‚
1103 1647 1224 1676 venae
1242 1629 1433 1675 feel-ione
1453 1631 1619 1679 seilicet
1641 1639 1686 1679 &
1709 1636 1974 1697 purgatione
1992 1655 2005 1689 ·,

182 1695 357 1757 jusculis
381 1711 454 1741 aut
482 1695 750 1759 apozematis
778 1693 1066 1740 alterantibus
1085 1713 1095 1746 ·‚
1117 1695 1226 1740 laste
1255 1693 1446 1746 asinino,
1466 1698 1651 1742 vaccino
1671 1731 1684 1749 ,
1706 1715 1780 1744 aut
1799 1698 1892 1745 sero
1911 1701 2005 1746 lac-

184 1761 261 1813 tis3
281 1760 401 1823 aquis
427 1760 732 1812 minetalibus3
751 1759 1032 1805 balneatione
1055 1765 1142 1804 &c.
1167 1777 1260 1821 quae
1280 1776 1361 1822 pro
1379 1763 1633 1821 aegrotantis
1659 1764 1972 1811 constitutione
1990 1799 2004 1817 ,

179 1826 315 1876 statu,
334 1840 458 1871 aetate
486 1826 678 1887 annique
697 1825 948 1887 tempestate
979 1824 1098 1869 varie
1119 1824 1291 1869 variare
1320 1823 1498 1871 debent.
1530 1826 1625 1871 Imb
1653 1827 1786 1873 etiam
1817 1828 2005 1888 hydrar-

176 1889 345 1951 gyrosis
371 1890 677 1953 praemittenda
705 1890 765 1936 est
790 1921 803 1941 ‚
839 1887 869 1932 fi
900 1906 986 1951 qua
1016 1887 1066 1933 sit
1098 1888 1274 1934 latentis
1304 1886 1534 1952 syphilidis
1565 1890 1784 1955 suspicio,
1821 1909 1868 1938 ut
1898 1893 2005 1958 saepe

179 1954 361 2000 accidit,

245 2020 306 2064 2⁰.
341 2017 520 2065 Deinde
538 2051 550 2069 ‚
572 2017 601 2062 fi
629 2015 832 2064 nonnulli
855 2015 1088 2062 audiantur
1109 2050 1122 2069 ‚
1144 2016 1360 2064 utendum
1385 2017 1674 2065 cathaereticis
1690 2052 1702 2072 ,
1737 2021 2007 2084 potissimum

178 2084 290 2131 ver-b
319 2082 497 2129 diversis
524 2083 724 2128 Arsenici
753 2081 1142 2147 praeparationibus
1159 2116 1171 2134 ‚
1195 2082 1545 2129 correelzionibus
1564 2117 1577 2136 ,
1599 2084 1968 2133 calcinationibus
1989 2121 2003 2141 ‚

176 2148 339 2211 quibus
372 2144 558 2193 asserunt
587 2147 842 2211 glandulam
880 2145 1134 2192 cancrosam
1174 2162 1314 2193 totam
1333 2181 1347 2200 ‚
1380 2165 1427 2193 ut
1452 2148 1575 2195 aiunt
1611 2182 1624 2201 ‚
1657 2153 1894 2212 mortificari
1913 2191 1927 2206 ,
1957 2158 2006 2199 δε

182 2213 340 2277 sponte
363 2212 574 2259 decidere
589 2246 602 2265 ‚
619 2213 726 2258 dum
761 2211 984 2258 avellitur.
1009 2211 1069 2256 Est
1097 2211 1153 2257 de
1184 2230 1231 2258 re
1251 2212 1512 2259 consulendi
1534 2213 1749 2278 Fallopius
1767 2248 1780 2267 ‚
1802 2220 1875 2261 Tr*
1898 2220 2006 2264 <Elam

183 2285 234 2324 de
264 2277 504 2323 ‘rumoribus
519 2291 662 2341 praeter
678 2293 868 2322 naturam
896 2297 906 2324 5
940 2280 1179 2323 Sennertus
1201 2310 1213 2329 ,
1236 2281 1274 2322 Ο
1310 2295 1417 2322 erum
1442 2277 1538 2324 Lib.
1565 2298 1610 2336 4.
1636 2293 1755 2342 parte
1784 2300 1816 2340 3.
1838 2281 1932 2339 βᾶ.
1964 2299 2003 2338 1.u

181 2357 273 2404 cap.
303 2362 344 2398 7.
375 2341 431 2387 de
450 2343 639 2387 Pulvere
665 2341 904 2388 benedicto
933 2341 1122 2385 Antonii
1138 2341 1253 2386 Fuch
1273 2342 1304 2385 1i
1324 2360 1335 2393 3
1355 2345 1548 2394 Joannes
1577 2343 1801 2405 Vigierius
1831 2350 1872 2391 in
1899 2347 2006 2392 Chi-

179 2406 325 2469 rurgioi
349 2404 519 2467 magna&
541 2409 692 2452 Petrus
727 2408 919 2458 Ioannes
947 2405 1083 2451 Faber
1105 2409 1148 2449 in
1176 2407 1436 2468 Myrothecio
1457 2412 1682 2471 Spagyrico
1717 2445 1733 2460 ,
1765 2408 1820 2455 de
1848 2410 2008 2473 quintii.

180 2468 362 2518 essentia
380 2469 578 2515 Arsenici
595 2489 606 2523 3
622 2473 815 2523 Ioannes
837 2470 1018 2534 Baptista
1040 2469 1182 2515 Alliot
1203 2503 1216 2522 ,
1238 2473 1382 2515 Τναὲἶ.
1403 2471 1451 2516 de
1475 2477 1652 2517 Cancro.
1679 2476 1765 2516 &c.

243 2535 306 2595 3⁶.
332 2533 418 2580 Sed
434 2551 529 2579 eam
544 2536 808 2581 methodum
822 2569 835 2587 ‚
856 2552 1122 2598 quamquam
1141 2533 1289 2580 forsan
1315 2552 1447 2580 manu
1469 2534 1710 2599 parcisfima
1728 2536 1774 2581 in
1792 2536 1936 2599 parvis
1955 2541 2004 2584 δε

179 2599 377 2644 cutaneis
396 2598 614 2661 glandulis
637 2600 799 2645 tentari
826 2599 950 2663 poffit
967 2634 980 2651 ‚
1009 2597 1301 2664 perieulosam
1335 2616 1483 2645 tamen
1515 2599 1741 2646 censemus
1775 2605 1819 2647 &
1844 2601 2001 2665 parum

180 2678 345 2716 tutam,
370 2663 399 2708 si
426 2663 640 2726 grandior
665 2680 740 2709 aut
760 2663 1023 2729 profundior
1060 2682 1219 2711 cancer
1245 2664 1463 2710 curandus
1499 2664 1754 2728 contigerit.
1789 2669 1849 2710 1⁰.
1880 2667 2001 2724 Quia

184 2728 457 2774 cathaeretica
473 2728 628 2791 magna
645 2728 737 2773 dosi
758 2729 957 2774 adhibita
971 2762 983 2780 ,
1003 2729 1220 2775 irritando
1236 2763 1249 2781 ,
1265 2727 1513 2775 laceffendo
1527 2763 1540 2782 ‚
1564 2729 1768 2776 rodendo
1783 2763 1796 2782 ,
1814 2747 2000 2793 gravem

181 2791 580 2839 inflammationem
598 2793 791 2839 excitant
817 2811 916 2840 cum
947 2792 1073 2840 febre
1092 2827 1105 2846 ,
1124 2811 1217 2857 quae
1233 2812 1475 2857 numquam
1504 2794 1700 2858 periculo
1721 2810 1892 2840 vacant.
1925 2799 2013 2843 2⁰„

183 2855 305 2912 Quia
330 2855 488 2902 dolore
515 2858 712 2904 acutiore
731 2892 744 2912 ,
760 2876 894 2921 quem
922 2857 1121 2903 inferunt
1134 2891 1146 2910 ‚
1166 2859 1405 2904 viciniores
1420 2875 1562 2922 partes
1579 2892 1591 2910 ‚
1608 2876 1700 2920 quse
1714 2858 1823 2903 sanae
1843 2875 1968 2905 etant
1982 2891 1998 2911 ‚

181 2921 230 2966 in
267 2922 414 2965 cancri
440 2936 639 2966 naturam
669 2938 867 2974 mutant,
889 2922 1006 2966 unde
1033 2921 1188 2967 crescit
1213 2923 1467 2968 carcinoma
1499 2928 1544 2968 δε
1578 2921 1777 2983 subjectis
1801 2923 1999 2986 partibus

181 2984 376 3032 adhaeret
391 3018 403 3037 ,
422 2984 445 3029 a
476 2985 635 3047 quibus
657 2986 756 3030 ante
778 2984 1100 3047 sejungebatur.
1137 2987 1195 3046 3⁰.
1219 2985 1487 3031 Potissimum
1505 2986 1710 3039 tandem,
1731 2987 1835 3050 quia
1865 3005 1998 3033 num-

185 3067 320 3112 quam
343 3065 486 3095 tutum
519 3049 787 3096 crediderim
812 3049 936 3095 usum
970 3049 1168 3096 Arsenici
1189 3084 1202 3103 ,
1231 3067 1500 3113 quocunque
1531 3051 1668 3097 modo
1701 3069 1997 3116 praeparetur,

185 3114 453 3165 calcinetur‚
484 3114 743 3176 corrigatur.
772 3117 948 3161 Notum
971 3115 1030 3160 est
1059 3115 1180 3161 enim
1206 3132 1287 3161 nec
1316 3116 1447 3161 unica
1473 3116 1774 3180 experientia,
1802 3115 1895 3162 solo
1921 3117 2000 3163 usu
2035 3160 2039 3164 .

187 3195 373 3227 externo
406 3178 607 3228 Arsenici
631 3195 825 3228 mortem
852 3179 1056 3228 miseram
1076 3180 1390 3244 aegrotantibus
1409 3180 1578 3228 illatam
1606 3179 1705 3230 effe.
1739 3180 1843 3240 Qua
1871 3181 1928 3230 de
1954 3198 2006 3237 re

2062 268 2155 308 cosoe
2183 281 2252 309 tu-

2058 334 2166 360 ruent.

2081 391 2288 445 Diagnofis.

2076 555 2283 609 Prognosis‚

2070 1260 2281 1312 Therapeia

2057 1325 2255 1352 curatoria„
