2477 3643
618 87 1424 140 [suzanncinur
1494 95 1714 141 V111.
1973 107 2054 152 271

272 169 347 220 '20-
373 173 419 222 Si
443 170 555 222 vero
584 170 749 239 phyma
768 170 1029 220 cancrosum
1045 171 1093 219 in
1111 169 1273 219 balano
1294 167 1342 215 in
1363 167 1472 216 viris
1490 201 1501 221 ,
1523 168 1570 215 in
1592 168 1805 218 alterutro
1826 172 1969 221 vulvae
1986 174 2065 224 sert

228 238 436 304 pudendi
464 237 586 285 labio
613 238 660 283 in
691 236 950 285 mulieribus
968 270 981 291 ,
1016 253 1089 284 aut
1115 236 1161 283 in
1191 236 1263 283 ani
1286 233 1485 297 margine
1510 233 1558 280 in
1583 234 1761 281 cinaedis
1795 238 2064 300 profundius

219 302 413 366 quidem
445 303 663 367 sepultum
682 301 732 348 s1t
750 336 762 354 ‚
790 301 867 348 sed
890 302 972 349 suis
997 318 1145 349 tamen
1173 299 1334 348 finibus
1354 299 1416 345 ita
1434 298 1819 364 circumscriptum
1839 334 1851 353 ‚
1873 318 1921 348 ut
1941 306 2058 352 null?

217 367 471 415 adhaefione
491 367 797 414 committatur
817 385 917 413 cum
940 367 1135 434 partibus
1157 366 1255 413 ullis
1283 365 1377 411 aliis
1395 397 1407 417 ‚
1428 381 1522 428 quae
1558 364 1796 412 sedtionem
1821 365 2045 430 respuant‚

213 432 314 497 ,pari
349 434 487 479 modo
519 432 836 480 eradicandum
865 434 937 479 est.
971 433 1110 496 Igitur
1144 449 1242 496 pars
1270 428 1424 476 affecta
1453 429 1477 474 a
1512 429 1711 479 ministro
1734 430 1921 476 distenta
1953 437 1997 479 δε
2030 434 2052 482 ὲ,

217 496 449 562 Chirurgo
468 497 629 543 sinistra
651 515 784 543 manu
805 498 1048 562 compress'a
1062 496 1117 544 ad
1138 497 1356 560 phymatis
1371 492 1589 541 ambitum
1610 494 1945 542 semi—circulari
1964 496 2054 545 sec-

217 562 345 609 tione
381 564 465 609 alte
500 563 738 609 incidetur.
769 563 919 609 Postea
942 561 1104 626 phyma
1123 561 1302 607 summis
1323 559 1495 606 sinistrae
1532 559 1714 623 digitis,
1756 560 1828 606 vel
1851 561 1986 607 etiam
2018 562 2051 608 si

212 626 280 673 ita
295 644 404 692 opus
423 626 560 675 fuerit
576 662 587 680 ,
606 629 771 674 uncino
787 643 859 681 aut
875 626 1049 691 forcipe
1070 643 1297 691 arreptum
1310 623 1497 689 stirpitus
1512 624 1794 672 exscindetur
1810 642 1912 672 cum
1925 625 2051 674 fibris

223 692 434 739 omnibus
453 728 465 746 ,
488 693 733 756 vulnusque
752 727 763 746 ,
786 693 906 757 quod
927 692 1033 738 inde
1053 691 1242 757 superest
1261 725 1273 744 ,
1299 690 1527 737 curabitur
1549 706 1597 736 ut
1615 691 1719 738 artis
1738 691 1811 736 est.

281 766 342 819 30.
376 760 422 805 Si
441 757 603 823 phyma
621 758 879 805 cant-rosum
895 791 907 810 ,
927 756 1051 821 quod
1071 758 1114 803 in
1135 757 1348 822 praeputio
1369 755 1591 802 balanove
1613 754 1778 802 latebat
1794 788 1807 808 ,
1837 755 1958 802 mole
1983 754 2048 803 ita.

210 823 438 876 creverit,
467 840 514 869 ut
542 822 869 870 communicata
889 840 965 887 per
986 821 1279 868 adha‘sionem
1312 819 1412 867 labe
1439 821 1650 884 contigua
1669 838 1860 885 corpora
1888 838 2048 868 caver-

213 886 324 933 nosa
343 922 353 940 ,
372 905 465 952 quae
484 906 646 952 penem
663 888 933 935 constituunt
951 920 963 939 ,
992 887 1039 932 in
1066 886 1339 933 consortium
1364 886 1494 931 dueta
1518 885 1598 932 [int
1617 920 1629 938 ‚
1648 903 1734 931 una
1750 890 1837 946 jam
1857 884 2046 950 superest

211 949 363 998 salutis
384 953 496 998 ratio
516 986 528 1005 ,
558 971 718 1017 nempe
740 969 787 999 ut
808 952 931 1017 penis
951 969 1081 1015 caput
1100 985 1112 1003 ,
1134 967 1352 1015 quantum
1374 950 1535 996 morbo
1561 951 1766 997 affectum
1783 952 1868 1003 est,
1898 966 2048 997 totum

214 1017 425 1064 celeriter
443 1033 694 1081 amputetur
710 1050 721 1069 ,
748 1017 1050 1082 amputatique
1065 1018 1222 1065 vulnus
1243 1032 1421 1062 curetur
1436 1014 1486 1060 ea
1504 1015 1722 1062 methodo
1736 1033 1870 1080 quam
1892 1015 2046 1071 trade--¹

213 1099 312 1128 mus
334 1082 543 1146 sequente
565 1082 855 1147 paragrapho.

274 1155 341 1205 40.
381 1147 549 1194 Verum
575 1147 602 1193 si
630 1147 836 1192 cancrosa
862 1146 1069 1211 phymata
1094 1144 1141 1190 in
1161 1143 1357 1190 foeminis
1388 1143 1619 1190 'internam
1641 1145 1823 1191 vulvam
1854 1161 1931 1191 aut
1962 1164 2044 1192 va-

205 1211 323 1274 ginae
343 1213 497 1258 ostium
523 1229 768 1276 occupent,
789 1210 814 1259 fi
837 1213 883 1256 in
911 1211 1088 1257 cinaedis
1115 1213 1236 1256 recto
1265 1208 1391 1255 altius
1426 1208 1644 1256 insideant
1662 1244 1674 1262 ,
1710 1209 1740 1255 si
1766 1211 1813 1255 in
1847 1211 1950 1256 viris
1985 1210 2043 1258 ad

209 1277 336 1337 penis
372 1277 567 1323 radicem
600 1277 895 1323 extendantur
916 1310 928 1328 ‚
958 1276 1014 1322 de
1048 1275 1182 1321 salute
1206 1274 1535 1320 conclamatum
1560 1277 1619 1320 est
1637 1309 1649 1328 ,
1673 1275 2045 1338 quandoquidem

211 1342 470 1386 carcinoma
489 1342 608 1388 nullfi
628 1343 766 1405 potest
785 1341 920 1405 operi
945 1357 1049 1386 tunc
1071 1338 1280 1386 radicitus
1300 1339 1511 1403 extirpari
1531 1357 1542 1392 3
1563 1357 1707 1402 neque
1725 1341 1846 1386 enim
1868 1341 2048 1403 magni-

210 1404 305 1450 ficis
334 1406 594 1452 Ariolorum
618 1405 832 1470 promiffis
858 1406 1095 1452 ullomodo
1125 1404 1393 1450 confidimus
1410 1437 1422 1455 ,
1445 1404 1522 1467 qui
1549 1405 1932 1450 cathaereticorum
1966 1404 2046 1452 usu

213 1468 258 1515 se
280 1471 577 1517 carcinomata
597 1470 866 1517 adhaerentia
887 1470 1080 1536 perfeete
1109 1469 1333 1516 sanaturos
1361 1468 1447 1515 effe
1477 1469 1749 1534 pollicentur
1765 1503 1778 1523 ,
1809 1469 1898 1534 qua
1919 1470 1976 1517 de
1995 1488 2044 1517 te

213 1534 320 1581 vide
346 1554 439 1599 quae
460 1536 575 1583 dista
593 1535 691 1581 sunt
712 1535 838 1601 supra
859 1537 988 1597 hujus
1011 1535 1137 1582 Libri
1162 1542 1272 1599 Cap.
1291 1543 1332 1579 6.
1358 1542 1393 1587 §.
1415 1556 1444 1595 3.

281 1608 342 1662 50.
365 1605 495 1647 Tunc
509 1618 618 1664 ergo
644 1600 736 1664 spes
753 1602 898 1646 omnis
916 1602 962 1646 in
983 1619 1036 1647 eo
1056 1600 1132 1645 sita
1153 1601 1238 1651 est,
1260 1616 1306 1645 ut
1326 1597 1576 1662 Therapeia
1591 1631 1603 1649 ,
1625 1615 1758 1661 quam
1775 1601 2047 1663 palliativam

215 1662 373 1710 dicunt
392 1699 404 1717 ,
427 1665 558 1711 dolor
582 1666 772 1711 leniatur
792 1699 803 1718 ,
829 1665 1012 1711 morbus
1033 1665 1289 1710 sustineatur
1308 1697 1320 1716 ,
1342 1663 1542 1709 humoris
1562 1662 1733 1709 ferocia
1753 1664 2016 1711 retundatur
2031 1697 2045 1716 ,

213 1729 378 1775 ulceris
404 1729 652 1794 progressus
674 1730 921 1776 retardetur
939 1764 951 1782 ,
990 1735 1035 1776 δέ
1064 1729 1325 1776 miserabilis
1348 1728 1657 1791 aegrotantium
1675 1729 1767 1774 vita
1796 1729 1930 1792 quarn
1951 1728 2048 1774 diu-

211 1793 369 1839 tistime
402 1797 746 1857 procrastinetur
766 1828 778 1847 ,
804 1795 1014 1857 mitigatis
1045 1811 1092 1840 ut
1119 1794 1309 1840 maxime
1340 1793 1438 1839 fieri
1468 1793 1635 1856 poterit
1668 1794 1901 1846 aerumnis,
1929 1793 2048 1856 vigi-

207 1858 283 1904 liis
301 1893 313 1911 ‚
333 1858 654 1923 doloribusque
671 1893 683 1910 ,
708 1859 867 1922 quibus
897 1860 1045 1905 dirum
1074 1860 1123 1905 in
1142 1859 1327 1905 modum
1346 1873 1609 1922 premuntur
1625 1891 1638 1910 ,
1657 1857 1744 1920 quai
1771 1857 1827 1905 de
1860 1875 1907 1905 re
1938 1875 2047 1903 con-

209 1922 294 1969 suli
317 1924 522 1993 possunt,
543 1942 637 1989 quae
659 1923 784 1989 supra
809 1923 1033 1990 proposita
1061 1923 1185 1979 sunt,
1213 1930 1322 1988 Cap.
1346 1932 1388 1968 6.
1412 1926 1556 1970 Artic.
1574 1942 1615 1984 3.
1643 1923 1692 1970 de
1717 1922 1878 1970 Bubone
1911 1926 2047 1972 carui-⁶.

207 1990 435 2035 nomatode.

272 2126 312 2175 θ.
348 2122 454 2166 111.
506 2118 587 2164 DE
623 2119 995 2166 GANGRAENA
1049 2122 1129 2166 ET
1181 2119 1507 2166 SPHACELO
1556 2117 1978 2166 GENITALIUM.

278 2246 526 2311 Descriptio.
558 2246 655 2293 Nisi
681 2247 917 2311 genitalia,
940 2247 1260 2311 genitaliumve
1288 2261 1430 2311 partes
1449 2246 1496 2292 in
1526 2261 1718 2309 utroque
1744 2243 1848 2293 sexu
1866 2279 1879 2300 ,
1911 2245 2043 2294 anive

212 2327 371 2373 margo
392 2311 440 2356 in
459 2311 636 2357 cinaedis
656 2346 668 2364 ,
689 2331 782 2375 quae
802 2313 1069 2359 haerentibus
1094 2312 1305 2375 sanguine
1329 2317 1373 2357 δε
1394 2311 1561 2374 limpha
1588 2309 1820 2375 impensius
1846 2327 2040 2375 turgent,

210 2373 408 2438 perfect&
427 2376 651 2438 celerique
673 2375 946 2423 resolutione
964 2377 1270 2424 detumescant
1288 2409 1301 2428 ,
1323 2376 1464 2421 solent
1483 2377 1599 2421 intra
1627 2392 1789 2439 paucos
1808 2374 1901 2421 dies
1932 2394 2043 2440 gan-

212 2439 358 2501 graena
390 2441 587 2503 corripi,
608 2459 704 2505 quae
737 2442 872 2488 tacito
891 2475 904 2494 ,
938 2441 1013 2489 sed
1044 2442 1254 2506 gradatio
1286 2439 1514 2506 progressu
1545 2439 1676 2487 brevi
1706 2439 1937 2486 invalescit
1966 2459 2044 2487 or·-

215 2503 324 2550 dine
343 2502 556 2566 sequenti.

281 2577 342 2613 10.
372 2572 545 2614 Tumor
575 2568 646 2614 vel
673 2571 857 2617 tumoris
890 2588 999 2635 apex
1024 2603 1037 2623 ,
1063 2570 1140 2634 qui
1169 2570 1270 2616 ante
1302 2571 1447 2616 tensus
1467 2603 1479 2622 ‚
1507 2567 1730 2619 renitens,
1755 2567 1872 2614 laevis
1892 2601 1905 2620 ,
1933 2567 2046 2614 luci-

219 2631 301 2677 dus
330 2649 424 2679 erat
455 2639 500 2679 δέ
537 2634 662 2679 acute
684 2635 894 2689 dolebat,
926 2636 1142 2682 flaccescit
1162 2670 1175 2688 ,
1199 2634 1400 2700 ignavius
1430 2633 1663 2684 renititur,
1696 2631 1909 2696 crispatur
1930 2666 1943 2684 ,
1971 2634 2046 2679 in·-

218 2695 413 2744 fuscatur
436 2731 449 2751 ‚
476 2698 670 2745 obtusius
704 2700 828 2748 dolet
846 2735 860 2755 ,
886 2718 1019 2766 atque
1057 2701 1165 2748 inde
1205 2701 1410 2765 urgentia
1439 2700 1674 2746 imminentis
1703 2714 1943 2762 gangraenae
1977 2699 2046 2746 in-

218 2760 356 2807 dicia.

283 2834 345 2871 20.
372 2826 500 2872 Cutis
525 2827 713 2874 inertior
740 2831 879 2894 magis
907 2829 1133 2893 magisque
1154 2829 1373 2875 relaxatur
1392 2862 1405 2881 ,
1428 2826 1605 2874 subsidit
1622 2860 1634 2879 ,
1656 2825 2045 2891 prementi‘dioito

220 2889 394 2937 facilius
414 2891 534 2937 cedit
552 2925 563 2943 ,
590 2894 818 2956 vestigium
840 2894 1094 2956 impressum
1113 2895 1250 2956 magis
1271 2894 1433 2940 retinet
1451 2927 1462 2945 ,
1483 2890 1654 2939 livescit
1680 2909 1781 2936 cum
1814 2891 1932 2935 mani
1957 2891 2046 2937 esto

219 2955 392 3002 doloris
413 2989 424 3007 ,
458 2955 602 3001 sensus
625 2961 670 3002 ὃς
692 2959 850 3005 caloris
871 2959 1190 3011 decremento,
1212 2963 1258 3004 δε
1285 2958 1375 3003 hacc
1402 2973 1683 3020 gangraenam
1709 2959 1961 3020 incipientem
1990 2955 2048 3002 fi-

219 3019 451 3086 gnificant.
1010 3072 1013 3074 v

295 3093 355 3147 30.
397 3086 478 3132 His
496 3084 673 3148 lingulis
705 3087 1113 3151 ingravescentibus
1134 3087 1351 3134 accedunt
1376 3085 1549 3151 pustulae
1571 3084 1644 3132 seu
1663 3083 1858 3132 veficulae
1878 3102 1931 3132 ex
1951 3100 2050 3133 cute

222 3166 508 3216 emergentes
524 3184 539 3209 ,
568 3151 725 3203 ichore
748 3153 947 3204 subflavo
978 3154 1050 3206 vel
1077 3152 1299 3204 subrubro
1327 3151 1465 3219 plcnae
1484 3183 1498 3208 ,
1525 3167 1713 3218 quarum
1730 3149 1837 3199 bafis
1857 3150 2053 3217 pletum-

2111 2275 2166 2312 De
2173 2275 2319 2327 scriptio

2086 2340 2129 2388 ga
2136 2341 2286 2387 ngnraerae.

2085 2391 2323 2427 lninnnenuSq

2098 2833 2324 2889 Incipientis.

2108 3098 2317 3139 Confirma'ss·

2093 3161 2145 3194 tae,
