2477 3643
678 124 942 170 antn
997 122 1132 167 111.
1202 119 1470 166 cmo-r
1537 119 1642 166 v1.·

205 201 408 252 tudinem
426 231 440 252 ,
460 210 675 262 quatenus
693 196 896 262 diffipant
915 196 1232 262 quodcumque
1251 198 1423 246 tenuius
1450 196 1720 261 liquidiusve
1738 197 1894 246 inerat.

265 275 328 314 6⁰:
360 264 565 312 Tandem
585 261 721 308 abusu
743 262 993 326 topicorum
1014 264 1234 309 acriorum
1255 297 1267 316 ‚
1290 279 1338 310 ut
1357 263 1455 310 sunt
1473 262 1780 327 cataplasmata
1804 281 2027 312 maturan-

207 331 296 385 tia'‚
322 328 482 393 quibus
510 326 659 374 semen
680 327 816 391 sinapi
835 326 1070 374 contusum
1092 326 1356 375 admiscetur
1376 362 1389 381 ,
1421 345 1516 392 quae
1543 327 1765 375 irritando
1798 327 2028 388 systalticas

204 392 450 461 glandulosl
487 391 718 438 contextus
749 392 1077 439 constrictiones
1105 394 1223 441 cient
1241 427 1254 446 ,
1285 393 1411 440 utiles
1439 392 1623 457 quidem
1640 426 1654 446 ,
1682 391 1712 437 fi
1740 392 1925 438 materia
1945 394 2030 439 im-

205 463 329 525 pacta
350 456 523 505 durstilis
546 456 681 503 fuerit
704 462 748 502 δέ
770 456 822 502 ad
849 456 1166 505 resolutionem
1197 474 1452 523 comparata
1470 477 1481 511 3
1501 458 1653 504 noxias
1679 456 1786 503 vero
1811 456 1841 501 fi
1873 457 2028 504 durior

206 525 257 570 sit
278 531 323 572 δε
341 522 603 588 expreffioni
624 521 861 568 reluctetur
879 555 891 574 ‚
914 522 1281 585 quandoquidem
1307 524 1351 569 vi
1372 522 1549 570 exclufis
1581 521 1860 569 tenuioribus
1888 523 2029 581 parti-

205 589 286 636 bus
316 587 652 635 craffamentum
674 621 686 638 ‚
707 586 829 650 quod
850 585 1064 651 supererit
1083 620 1095 639 ‚
1123 589 1169 633 in
1189 588 1420 634 duriorem
1449 586 1625 633 massam
1652 588 1876 632 coiturum
1897 589 1970 633 est.

260 659 554 718 Symptomata.
584 651 693 698 Inde
714 652 853 714 liquet
870 669 952 715 pro
972 651 1149 698 diversi
1165 652 1338 717 limpha:
1357 653 1405 699 in
1431 651 1624 699 diversas
1654 652 1887 714 inguinum
1907 653 2029 714 glan-

206 718 331 764 dulas
347 737 370 763 a
403 717 603 782 pellentis
636 716 791 762 naturai
806 750 819 768 ,
844 714 998 763 indole
1015 750 1027 769 ‚
1049 718 1317 780 contagione
1334 752 1346 770 ,
1364 718 1433 765 vel
1450 736 1531 782 pro
1561 718 1735 763 diverszi
1753 715 2028 763 diversarum

205 801 377 829 earumt
396 801 467 829 ern
493 781 797 844 glandulatum
830 781 1009 827 laxitate
1034 815 1046 833 ,
1084 781 1256 828 textura
1275 816 1288 835 ‚
1323 782 1676 843 permeabilitate
1692 815 1705 834 ,
1730 781 1868 826 modo
1893 799 2027 828 unam

206 847 378 893 tantum
405 845 658 910 glandulam
679 879 691 898 ‚
725 845 844 891 mole
865 879 875 896 ‚
903 844 1041 908 figur&
1071 846 1241 892 variam
1275 846 1388 892 affici
1406 882 1417 899 ,
1453 846 1573 893 unde
1599 846 1717 892 bubo
1752 864 1799 892 ac
1836 847 2027 910 proinde

203 912 406 958 skirrhus
428 911 678 973 conglobatus
709 910 827 956 mole
857 915 902 956 ὃ(
931 910 1071 973 figur&
1097 911 1269 964 varius,
1291 912 1429 957 modo
1449 912 1594 975 plures
1617 911 1740 957 simul
1773 912 2026 958 racematim

205 978 278 1023 vel
298 974 534 1022 catenatim
554 974 777 1038 dispositas
798 1008 810 1027 ,
830 974 946 1022 unde
974 975 1097 1021 bubo
1131 993 1179 1022 ac
1214 976 1406 1040 proinde
1435 975 1639 1023 skiri·hus
1664 976 1921 1025 racematim
1954 976 2026 1024 vel

205 1042 445 1088 catenatim
484 1040 688 1103 congestus.

264 1116 328 1163 2⁰,
355 1110 440 1151 Pro
469 1103 642 1150 diverso
674 1102 845 1166 glandis
875 1101 1068 1148 infarecae
1097 1103 1176 1150 situ
1211 1104 1348 1167 magis
1373 1104 1444 1149 vel
1479 1103 1623 1150 minus
1655 1104 1882 1168 profundo
1904 1139 1916 1158 ,
1955 1121 2028 1151 aut

204 1188 289 1235 pro
317 1168 492 1217 divers&
525 1168 836 1214 tendineatum
872 1167 1083 1213 fibrarum
1121 1169 1192 1215 vel
1227 1169 1612 1221 membranarum,
1633 1171 1792 1233 quibus
1820 1170 2028 1233 glandula

204 1254 307 1281 cum
337 1233 541 1280 confiniis
563 1232 819 1278 adhaerescit
838 1266 851 1284 ,
881 1233 1164 1294 longitudine
1189 1240 1232 1279 t<
1254 1234 1443 1280 mollitie
1463 1267 1474 1285 ‚
1495 1233 1724 1280 bubonem
1756 1252 1884 1298 atque
1915 1235 2028 1280 adeo

205 1299 436 1345 skirrhum
463 1297 569 1343 inde
594 1314 745 1342 natum
767 1297 904 1342 modo
931 1297 1067 1343 libere
1093 1298 1310 1346 mobilem
1338 1297 1545 1346 vacillare
1565 1332 1579 1350 ‚
1613 1300 1752 1345 modo
1776 1299 1929 1345 contri}
1949 1301 2028 1345 sta-¹

207 1363 346 1410 bilem
366 1380 468 1408 cum
495 1361 685 1422 subjetsta
713 1377 836 1425 parte
856 1362 1170 1424 conglutinari.

266 1437 328 1492 30.
364 1432 499 1474 Prout
524 1427 690 1491 limpha
718 1428 765 1471 in
799 1426 1018 1489 glandulis
1046 1428 1212 1473 haerens
1234 1426 1304 1473 vel
1333 1427 1483 1489 quieta
1503 1429 1562 1474 est
1580 1434 1626 1473 &
1645 1427 1734 1473 fine
1767 1443 1919 1479 motu,
1959 1427 2028 1474 vel

203 1493 330 1539 causfi
350 1491 584 1556 multiplici
604 1488 720 1537 infra
740 1491 1008 1537 recensenda
1026 1525 1036 1542 ‚
1055 1500 1090 1547 §.
1107 1495 1293 1555 ftquente
1310 1529 1326 1544 ,
1346 1493 1526 1539 rarescit
1544 1499 1589 1539 &
1609 1492 1874 1556 expanditur
1890 1527 1902 1545 ,
1924 1510 2028 1537 con-

203 1559 435 1604 cludentes
459 1556 766 1619 glandularum
795 1556 1076 1602 membranas
1102 1557 1239 1602 modo
1267 1556 1475 1603 immotas
1504 1575 1763 1621 permanere
1782 1591 1794 1608 ,
1817 1558 1936 1603 unde
1957 1573 2028 1603 tu-

204 1640 303 1667 mor
322 1622 428 1669 vere
445 1621 652 1666 indolens
672 1626 716 1666 δέ
738 1619 931 1683 perfecte
956 1622 1179 1678 skirrhodes
1199 1641 1209 1666 3
1246 1621 1381 1666 modo
1413 1621 1650 1667 dolorifice
1674 1621 1882 1673 distrahi,
1907 1622 2029 1669 unde

206 1702 354 1733 tumor
379 1685 536 1748 incipit
555 1684 740 1730 obscure
760 1685 913 1731 dolere
936 1701 1066 1746 atque
1089 1686 1201 1731 adeo
1220 1685 1265 1729 in
1295 1693 1524 1732 carcinoma
1557 1687 1751 1749 degener
1771 1686 1871 1732 effe.

266 1761 335 1809 4⁰.
370 1749 565 1796 Demum
583 1751 629 1795 in
650 1751 798 1813 priore
825 1749 1009 1812 quidem
1032 1749 1129 1795 casu
1148 1783 1161 1802 ,
1191 1751 1237 1795 in
1258 1768 1349 1813 quo
1378 1751 1547 1812 sanguis
1575 1756 1619 1796 ὃς
1650 1750 1816 1813 limpha
1836 1751 1906 1796 vel
1928 1747 2028 1797 vasa

204 1815 279 1861 sua
307 1815 460 1862 sensim
494 1819 579 1874 jam
611 1815 911 1860 dilataverunt
929 1847 942 1865 ‚
972 1813 1043 1860 vel
1065 1815 1153 1859 vias
1175 1831 1311 1859 novas
1340 1814 1386 1858 in
1415 1815 1685 1860 collateralia
1713 1815 1812 1860 vasa
1834 1814 1912 1860 fibi
1939 1820 2026 1877 jam

200 1880 435 1932 fecerunt3
458 1878 556 1925 cum
584 1878 639 1924 ab
654 1878 842 1924 immotit
862 1878 1103 1924 indolentis
1118 1876 1280 1924 skirrhi
1307 1878 1491 1925 materia
1512 1880 1633 1924 nulla
1661 1897 1779 1925 nova
1810 1878 2027 1926 inferatur

203 1945 311 1990 vasis
336 1943 594 2008 compreffio
613 1976 625 1993 ,
660 1943 771 1988 nihil
798 1943 903 1989 inde
932 1943 1175 2006 quidquam
1209 1944 1371 1989 mutari
1393 1961 1526 2007 penes
1547 1945 1744 1990 colorem
1767 1949 1809 1989 &
1834 1944 2028 1991 calorem

203 2010 339 2074 partis
354 2044 366 2063 ,
392 2025 464 2055 aut
492 2008 664 2071 limphae
693 2008 954 2054 decubitum
973 2026 984 2059 3
1006 2008 1051 2052 in
1083 2009 1324 2073 posteriore
1342 2009 1447 2054 vero
1467 2008 1556 2054 haec
1577 2009 1733 2057 eadem
1752 2007 1871 2056 secus
1888 2008 1931 2056 se
1950 2010 2028 2056 ha-

215 2073 322 2121 bere
341 2108 353 2126 ,
379 2091 426 2120 ut
454 2072 570 2118 infre}
592 2071 818 2118 videbitur
842 2074 1088 2134 §.sequentem
1341 2130 1343 2133 Ι

273 2141 508 2203 Diagnofis.
544 2135 723 2185 Skirrhi
746 2137 982 2201 inguinalis
1009 2136 1102 2182 tum
1131 2136 1358 2202 praesentia
1389 2171 1400 2189 ,
1439 2136 1530 2183 tum
1560 2136 1823 2184 differentiae
1851 2138 1897 2183 in
1923 2156 2029 2202 quas

203 2203 483 2267 distinguitur
502 2236 517 2255 ‚
550 2202 690 2248 oculis
724 2207 769 2249 ὃς
802 2202 952 2266 digitis
983 2201 1126 2247 obviae
1151 2201 1443 2248 suntzCausae
1470 2202 1575 2249 vero
1603 2202 1762 2266 quibus
1789 2204 2027 2267 productus

208 2267 347 2314 fuerit
365 2302 378 2320 ,
399 2286 449 2314 ex
472 2267 751 2332 praecedente
780 2266 1001 2329 aetiologifi
1020 2268 1173 2330 colligi
1199 2265 1389 2332 possunt.

268 2336 479 2395 Prognosts
509 2331 679 2396 semper
701 2331 814 2377 mala
833 2332 1097 2377 instituenda
1118 2334 1176 2377 est
1194 2366 1206 2384 ,
1243 2330 1343 2377 cum
1365 2330 1593 2377 bubonem
1612 2331 1656 2377 in
1687 2330 1914 2380 skirrhum
1934 2350 2029 2380 mu·-

205 2411 343 2442 tatum
375 2397 493 2443 haud
517 2395 647 2443 facile
669 2395 719 2441 fit
739 2396 810 2442 vel
830 2395 1099 2442 resolutione
1119 2397 1188 2443 vel
1213 2396 1522 2460 suppuratione
1544 2395 1755 2460 dissipare.

262 2460 442 2506 Peffima
471 2477 617 2506 autem
636 2495 649 2512 ,
678 2459 708 2504 fi
726 2460 879 2507 dolere
898 2460 1082 2523 incipiat
1101 2494 1112 2512 ,
1141 2466 1240 2508 cum
1257 2461 1365 2507 inde
1387 2456 1664 2507 manifestum
1684 2461 1734 2506 sit
1753 2461 1807 2507 ad
1829 2462 2025 2509 carcino-

204 2525 416 2571 matoden
447 2542 650 2571 naturam
670 2523 824 2570 sensim
844 2523 1101 2571 desciscere.

267 2595 453 2636 Curatio.
488 2588 814 2635 Difficillimum
838 2591 896 2635 est
911 2624 922 2642 ‚
948 2607 995 2635 ut
1014 2588 1152 2634 modo
1179 2588 1369 2635 diximus
1387 2624 1399 2642 ,
1419 2589 1649 2635 bubonem
1669 2588 1936 2639 sKitrhoden
1961 2608 2027 2638 re-

204 2652 379 2700 solvere
410 2655 481 2700 vel
516 2652 765 2718 suppurare.
801 2654 996 2699 §uad-ent
1032 2654 1214 2716 quidem
1244 2654 1449 2700 nonnulli
1474 2653 1749 2699 cucurbitam
1769 2654 1920 2702 siccam
1943 2657 2027 2703 bu-

208 2716 317 2763 boni
345 2720 548 2781 quotidie
577 2718 883 2782 applicandam
908 2720 992 2764 efle
1027 2737 1101 2782 per
1125 2719 1242 2763 horae
1271 2719 1565 2781 quadrantem
1583 2753 1594 2770 ,
1626 2735 1670 2763 ut
1695 2718 1901 2766 confluxu
1925 2720 2024 2768 san-

205 2783 349 2843 guinis
370 2784 555 2846 impaCta
572 2785 618 2828 in
641 2783 813 2828 sKirrho
846 2783 1028 2828 materia
1050 2783 1217 2829 calefiat
1232 2817 1244 2835 ,
1269 2790 1314 2829 &
1335 2784 1587 2847 topicorum
1616 2782 1933 2830 resolventium
1953 2787 2024 2832 vel

206 2846 540 2909 suppurantium
562 2849 750 2910 energiae
770 2846 939 2892 facilius
959 2847 1120 2892 deinde
1146 2864 1308 2907 pareat.
1340 2848 1424 2893 Sed
1451 2848 1605 2893 docuit
1633 2848 1904 2910 experientia
1927 2868 2024 2897 eam

206 2910 472 2957 methodum
502 2911 596 2957 fere
616 2912 785 2975 semper
804 2911 1088 2957 frustraneam
1107 2911 1191 2956 elle
1209 2944 1222 2962 ,
1243 2912 1334 2957 imo
1352 2929 1443 2957 non
1465 2911 1565 2956 raro
1584 2910 1870 2974 periculosam
1890 2947 1902 2965 ,
1924 2914 2025 2960 cum

208 2974 406 3020 sxirrhus
433 2976 454 3019 zi
481 2975 736 3022 confluente
762 2975 971 3037 sanguine
996 2974 1273 3037 frequentius
1303 2973 1571 3022 incalescens
1601 2975 1779 3021 tandem
1810 2977 1858 3022 in
1887 2979 2026 3024 carci-

206 3057 343 3087 noma
370 3039 476 3103 saepe
496 3040 749 3102 degeneret.

264 3105 352 3149 Alii
383 3104 491 3150 vero
511 3106 666 3150 volunt
691 3103 963 3150 sxirrhoden
996 3102 1250 3165 glandulam
1280 3103 1566 3150 cathaereticis
1598 3103 1873 3168 pedetentim
1895 3107 2022 3153 absu-

204 3169 420 3217 mendam
445 3168 528 3219 effe
544 3203 558 3224 ,
585 3169 614 3216 si
642 3169 960 3218 resolventium
979 3174 1022 3216 ὃς
1041 3169 1355 3218 matut-antium
1375 3167 1615 3216 efficaciam
1642 3169 1792 3215 eludat
1809 3203 1821 3221 ,
1847 3172 1919 3219 vel
1934 3173 2022 3230 jn..>

1666 3235 1808 3297 Gai}

2119 668 2300 722 Sympto..

2073 731 2185 762 mata.

2131 810 2158 828 ι.
2199 791 2300 829 Bubo

2071 841 2291 880 skirthones

2072 896 2280 946 congloba-

2073 959 2131 983 tus
2146 947 2202 983 vcl
2216 960 2301 986 con-

2077 1000 2207 1050 gelius.

2100 1111 2133 1135 2.
2153 1098 2304 1137 Mobilis

2072 1156 2127 1189 ναὶ
2143 1151 2274 1189 adhae-

2075 1218 2170 1242 tens.

2076 1452 2109 1487 3.
2132 1439 2303 1478 Indolensz

2076 1491 2130 1527 vel
2158 1492 2274 1529 lanci-

2074 1555 2169 1582 nans,

2110 1760 2148 1794 4.
2172 1748 2303 1787 Calens

2072 1805 2107 1838 δε
2128 1802 2252 1837 rubens
2271 1833 2283 1848 ,

2075 1853 2133 1891 vel
2168 1854 2301 1896 caloris

2072 1910 2105 1942 δέ
2125 1906 2267 1945 ruboris

2072 1972 2212 2011 expers.

2092 2162 2297 2216 DiagnOHS.

2088 2344 2298 2397 Prognofis.

2112 2596 2278 2641 Curatio.
