2477 3643
511 113 758 162 Lrnra
824 119 925 165 VI.
993 118 1359 164 SzcutuM
1423 121 1655 170 XVII.
1883 148 1969 194 511

138 198 189 255 fd}
206 197 419 263 sanguinis
437 209 602 307 ,dparte
624 213 662 240 2.
698 212 824 242 natus
849 214 967 243 anno
995 213 1130 259 1547.
1160 197 1452 254 Doctoralem,
1471 203 1682 248 Lauream
1709 207 1879 271 accepit
1897 226 1978 255 an-

141 282 207 316 no
239 281 375 326 1575·
409 260 451 308 se
515 265 603 322 jam
633 261 734 307 ante
765 279 959 325 coeperat
988 262 1268 309 Medicinam
1299 263 1481 311 Vicetiae
1522 265 1724 314 factitare
1767 270 1822 315 ab
1855 291 1975 321 anno

152 332 278 393 1568.
314 324 528 391 cumipse
558 329 601 372 in
620 329 864 390 Appendice
884 329 941 374 ad
975 327 1070 374 Lib.
1096 347 1136 386 7.
1164 329 1336 374 methodi
1367 329 1615 385 Medendi,
1645 349 1778 394 quam
1809 341 1974 385 constat

138 411 198 441 ex
221 392 395 457 praefixa
415 389 677 438 Praefatione
703 408 804 438 ante
826 410 991 437 annum
1020 398 1148 438 1608.
1180 392 1384 458 scriptam
1410 393 1539 442 fuisse
1556 429 1569 448 ,
1603 395 1768 443 referat
1793 401 1834 455 fh
1867 419 1975 464 quu-

143 460 340 522 draginta
359 463 452 516 jam
479 474 603 501 annos
631 460 672 501 in
690 455 920 503 Medicina*
936 457 1137 517 facienda?
1165 461 1208 503 in
1236 463 1405 505 civitate
1431 461 1734 522 numerostffimd
1760 481 1848 510 cum
1874 470 1973 530 opti-

138 527 213 571 mis
232 523 422 569 Medicis
445 539 521 566 non
543 520 656 566 otiose*
677 523 851 581 verfliri.
889 526 1089 569 Denatus
1116 522 1281 570 dicitur
1309 542 1427 570 anno
1453 533 1583 584 1614.
1602 529 1747 573 'aetatis
1763 535 1836 587 67.

204 587 388 634 Vicetiae
422 586 584 633 excudi
617 603 850 632 curaverat
885 592 926 634 in
954 588 1057 646 folio
1085 604 1203 634 anno
1243 595 1383 653 1598.
1433 595 1774 638 Commentarium
1823 597 1867 640 in
1895 594 1975 654 [ἐκ

131 656 292 719 'priores
312 651 460 698 Libros
483 654 634 698 Gulem'
661 653 860 698 Methodi
884 653 1082 698 medendi.
1113 657 1246 699 Anno
1274 660 1407 701 1608.
1443 654 1587 701 edidit
1612 656 1782 704 ibidem
1813 659 1974 706 eadem

139 715 288 766 forma
317 721 657 763 Commentarium
677 719 717 760 in
729 717 938 780 ftptimum
969 720 1121 764 Galeni
1150 718 1323 764 Librum
1347 759 1360 773 ,
1387 737 1488 766 cum
1520 720 1694 782 adjecto
1728 722 1784 769 ad
1805 724 1974 771 calcem

139 784 350 830 Traiflatu
386 783 434 827 de
468 781 627 829 Morbo
661 783 824 827 Gallico
859 797 935 846 per
955 784 1206 828 Methodum
1241 786 1451 839 curando,
1485 803 1621 848 quem
1653 788 1772 834 circa
1805 806 1974 838 annum

142 854 279 905 1604.
313 845 526 911 scriptum
558 844 686 892 fuisse
717 862 771 892 ex
802 864 858 893 eo
890 846 1032 910 palam
1065 849 1124 895 est
1152 881 1165 899 ‚
1209 849 1333 911 quod
1365 849 1521 896 Fabius
1555 851 1718 899 referat
1752 854 1973 902 Morbum

131 913 356 958 Gallicum
391 929 473 960 110.
510 926 603 957 ante
643 915 760 957 annis
797 915 841 958 in
875 910 1008 958 Italia}
1035 951 1051 967 ,
1090 912 1262 960 Gallici
1297 915 1550 979 expeditione
1587 920 1646 964 ad
1679 921 1904 983 Neapolim
1928 922 1974 981 [ὲ

137 979 344 1041 exeruiffi’.

200 1045 434 1106 Postquam
485 1041 635 1087 multis
675 1039 918 1105 disputavit
956 1042 1004 1087 in
1041 1041 1120 1087 illo
1163 1045 1373 1089 TraCtaru
1412 1048 1533 1106 juxta
1571 1045 1975 1112 Peripateticorum

136 1106 351 1171 dogmata
369 1141 381 1159 ,
398 1106 455 1152 de
486 1106 642 1153 natura
659 1139 671 1158 ‚
692 1105 959 1153 definitione
978 1140 990 1159 ,
1016 1105 1213 1169 subjecto
1241 1115 1288 1154 &
1312 1111 1584 1173 contagione
1602 1113 1760 1158 Morbi
1781 1113 1938 1159 Gallici
1957 1147 1973 1166 ,

136 1190 187 1218 ac
209 1173 264 1219 de
285 1172 521 1238 putredine
540 1205 552 1224 ,
572 1172 596 1217 a
623 1170 709 1234 qua
729 1186 881 1216 ortum
909 1171 1100 1225 habeat3
1124 1173 1310 1236 inquirit
1339 1175 1385 1218 in
1415 1174 1612 1235 ejusdem
1633 1178 1857 1241 originem
1877 1212 1889 1230 ,
1921 1196 1973 1224 ac

135 1254 292 1283 contra
321 1237 553 1299 vulgarem
583 1236 848 1300 opinionem
873 1237 1110 1284 contendit
1138 1238 1346 1284 morbum
1374 1239 1498 1286 illum
1527 1257 1698 1287 novum
1727 1260 1819 1289 non
1855 1242 1972 1297 effe3

128 1303 258 1367 quod
287 1318 335 1348 ut
374 1301 554 1347 evincat
600 1309 661 1346 10.
715 1301 792 1346 Ait
825 1301 997 1348 nullum
1025 1301 1276 1367 symptoma
1302 1303 1348 1349 in
1370 1305 1540 1351 Morbo
1560 1306 1734 1353 Gallico
1756 1308 1937 1355 evenire
1957 1342 1972 1361 ,

134 1368 260 1432 quod
285 1366 514 1430 antiquam
539 1366 883 1431 appellationem
904 1373 949 1413 &-
968 1383 1172 1414 naturam
1195 1387 1288 1415 non
1308 1369 1487 1416 habeat.
1515 1370 1651 1428 Quali
1685 1372 1796 1419 verb
1827 1390 1881 1419 ex
1915 1391 1972 1420 eo

131 1432 256 1497 quod
287 1432 455 1496 fingula
483 1431 780 1495 symptomata
808 1431 987 1478 seorsim
1017 1433 1124 1479 olim
1152 1450 1260 1480 nota
1287 1433 1485 1489 fuerint,
1521 1435 1679 1483 liceret
1704 1437 1812 1484 inde
1843 1437 1975 1484 colli-

130 1515 237 1563 gere
276 1498 547 1562 peculiarem
595 1497 860 1544 eorumdem
885 1497 1232 1563 symptomatum
1260 1499 1532 1560 syndromen
1552 1500 1575 1545 ὰ
1598 1502 1867 1565 contagione
1897 1521 1973 1550 ve·-

130 1564 266 1610 nerea
298 1562 564 1614 oriundam,
592 1580 687 1626 quae
721 1579 838 1607 nunc
871 1567 979 1609 Lues
1016 1581 1192 1609 venerea
1225 1564 1468 1629 appellatur
1510 1569 1557 1611 δε
1591 1566 1649 1613 de
1680 1568 1767 1630 quai
1793 1569 1972 1631 quaestio

129 1630 192 1677 est
214 1663 226 1681 ‚
262 1627 502 1691 antiquitus
538 1628 765 1690 cognitam
799 1626 942 1673 fuisse.
975 1630 1039 1673 2⁰·
1069 1628 1269 1675 Adducit
1305 1630 1477 1693 aliquot
1511 1632 1731 1678 Martialis
1769 1632 1896 1686 loca,
1924 1650 1973 1680 ut

135 1698 357 1758 Epigram.
391 1701 460 1737 66.
488 1693 585 1739 Lib-
606 1710 636 1737 1.
669 1692 724 1738 de
748 1692 978 1739 Caeciliani
1005 1692 1098 1739 ficis
1117 1728 1130 1746 ,
1169 1699 1216 1740 &
1247 1713 1318 1754 70.
1349 1695 1446 1741 Lib.
1468 1716 1507 1752 7.
1538 1696 1596 1742 de
1622 1695 1792 1743 familia
1821 1697 1970 1744 ficosa.

141 1760 203 1822 3⁹.
244 1756 421 1804 Profert
448 1758 597 1804 locum
619 1757 744 1803 illum
760 1758 985 1811 Iuvenalis
1010 1758 1056 1803 in
1078 1764 1234 1822 Satyra
1265 1779 1303 1806 2.
1331 1759 1408 1805 ubi
1430 1764 1565 1807 Po'c'ta
1594 1762 1754 1809 acriter
1788 1762 1974 1810 infesta-

135 1824 227 1871 turx
246 1841 410 1870 vanum
437 1822 671 1888 probitatis
699 1822 1032 1875 simulatorem,
1058 1824 1136 1887 qui
1168 1842 1268 1870 cum
1296 1824 1481 1888 hispidis
1512 1826 1724 1873 membris
1757 1832 1801 1872 δε
1831 1828 1974 1875 atroci

133 1889 287 1935 animo
316 1888 552 1935 muliebria
572 1889 662 1952 pati
689 1887 859 1944 solebat
878 1922 891 1940 ,
911 1889 1033 1934 unde
1052 1891 1273 1948 Mariscas
1292 1906 1588 1937 contraxerat.
1618 1893 1705 1937 Sed
1727 1892 1817 1938 haec
1838 1910 1972 1956 argu-

139 1971 292 2000 menta
326 1954 452 2018 plane
489 1948 634 1998 futilia
663 1952 763 1998 sunt
794 1986 806 2005 ‚
842 1971 987 2016 neque
1018 1953 1227 2016 opinioni
1258 1955 1315 2001 de
1341 1956 1605 2018 antiquitate
1644 1956 1727 2003 luis
1769 1975 1971 2005 venereae

140 2020 244 2066 dure
266 2019 421 2082 pondus
452 2018 594 2064 idonea
611 2057 624 2072 ,
643 2033 692 2063 ut
720 2017 847 2081 supra
869 2017 1107 2082 probatum
1127 2020 1185 2062 est
1209 2018 1306 2064 Lib.
1330 2036 1360 2064 ι.
1384 2026 1493 2084 Cap.
1516 2037 1555 2065 2.

193 2083 333 2142 Quod
359 2083 413 2129 ad
435 2084 714 2129 curationem
734 2117 746 2135 ,
773 2098 860 2130 tres
879 2083 1109 2146 distinguit
1130 2083 1286 2128 Morbi
1307 2083 1467 2130 Gallici
1485 2084 1651 2148 species
1666 2119 1679 2137 ‚
1700 2089 1939 2149 Incipientis
1954 2124 1971 2140 ,

134 2150 359 2209 confirmati
378 2187 391 2202 ‚
417 2151 467 2198 (θ’
487 2152 718 2193 inveterati.
760 2148 817 2192 1⁰.
843 2148 914 2193 Ad
934 2148 1227 2211 incipientem
1251 2148 1436 2194 adhibet
1456 2149 1626 2194 tantum
1648 2150 1822 2196 diaetam
1838 2184 1851 2202 ,
1872 2150 1972 2196 uni-

130 2212 318 2261 versalia
338 2213 665 2259 medicamenta
683 2246 693 2264 ‚
720 2229 770 2256 ac
793 2212 941 2276 topica
973 2212 1247 2274 multigena,
1277 2230 1372 2274 quae
1404 2213 1651 2259 levioribus
1687 2214 1858 2260 morbis
1888 2233 1970 2262 ve-

135 2279 279 2327 nereis
297 2312 308 2330 ,
333 2278 566 2324 ulcusculis
588 2276 905 2341 pudendorum
923 2309 934 2326 ‚
957 2276 1238 2339 gomorrhoeae
1257 2310 1269 2328 ‚
1300 2276 1557 2324 bubonibus
1577 2285 1665 2324 &c-
1688 2279 1970 2326 medeantur.

201 2352 265 2390 2⁰.
297 2343 364 2389 Ad
400 2343 713 2388 confirmatum
734 2375 746 2392 ‚
782 2358 938 2404 praeter
966 2342 1168 2387 remedia
1203 2341 1358 2388 eadem
1378 2376 1390 2392 ‚
1418 2342 1568 2389 laudat
1593 2342 1720 2389 usum
1750 2336 1935 2391 Guaiaci
1953 2378 1968 2398 ,

139 2408 456 2472 Salsae-parillae
472 2442 487 2460 ,
519 2407 700 2454 Radicis
718 2406 875 2452 Chinae
892 2440 906 2460 ,
928 2406 1020 2452 imo
1040 2406 1150 2468 ligni
1169 2406 1424 2470 Juniperini
1445 2441 1455 2458 ,
1475 2426 1566 2470 quo
1587 2411 1849 2469 franciscum
1865 2414 1967 2455 An-

136 2477 323 2521 zolellum
341 2491 469 2519 avum
487 2475 605 2535 suum
630 2487 850 2519 maternum
869 2510 885 2526 ,
913 2473 963 2521 Θ
985 2475 1033 2518 V
1030 2474 1188 2517 istorem
1208 2474 1542 2519 Trincavellinm
1566 2473 1743 2534 feliciter
1772 2477 1864 2520 olim
1886 2475 1974 2534 ustis

123 2542 210 2604 ,effe
231 2537 379 2585 refert.

212 2613 273 2667 30.
303 2603 439 2658 Iubet
467 2601 522 2647 ad
553 2601 799 2648 curandum
820 2599 1038 2647 Morbum
1061 2600 1282 2646 Gallicum
1308 2599 1607 2647 inveteratum
1627 2602 1785 2648 decoHa
1801 2603 1974 2663 sudori-

127 2671 216 2733 fica
235 2670 388 2716 intendi
408 2708 422 2722 ,
448 2670 675 2730 vibiumque
692 2668 972 2727 ficcantiorem
991 2665 1192 2711 adhiberi.
1225 2663 1489 2727 Suffumigia
1517 2666 1700 2729 quidem
1734 2683 1838 2712 tunc
1872 2684 1970 2713 non

139 2734 352 2784 reprobat
372 2769 384 2786 ‚
410 2732 439 2777 fi
465 2750 518 2779 ex
540 2733 747 2779 aromatis
767 2748 1089 2795 componantur
1109 2750 1120 2783 3
1144 2736 1336 2777 Damnat
1358 2731 1467 2777 vero
1484 2749 1774 2794 quaecumque
1802 2749 1855 2777 ex
1883 2749 1971 2777 me-

140 2785 293 2847 tallicis
323 2813 528 2863 parantur
547 2837 562 2852 ,
584 2796 799 2844 cinnabari
816 2798 1027 2861 praesbrtim
1045 2830 1056 2848 ‚
1078 2799 1243 2850 adjeffls
1263 2800 1453 2841 aromatis
1473 2835 1486 2849 ‚
1505 2815 1585 2859 quae
1615 2797 1733 2859 usque
1759 2795 1858 2841 adeo
1880 2798 1970 2856 sus—

141 2867 257 2931 peffJa
276 2866 338 2910 illi
358 2865 454 2922 fiant
468 2901 481 2916 ‚
502 2878 544 2909 ut
563 2867 729 2909 miretur
750 2861 868 2924 fuiffe
887 2863 1062 2924 aliquem
1077 2902 1091 2917 ‚
1116 2866 1185 2923 qui
1204 2864 1274 2907 vel
1292 2879 1338 2906 ea
1353 2861 1609 2924 praescribere
1624 2899 1639 2915 ,
1661 2864 1730 2907 vel
1759 2861 1973 2926 praescrip·

148 2935 199 2977 tis
215 2934 274 2975 uti
291 2929 404 2988 misus
413 2929 482 2986 stc.
1447 2979 1450 2981 ι

209 2995 345 3040 Circa
366 2994 625 3037 inunelionem
650 3009 701 3037 ex
721 2990 972 3054 hydrargyro
991 3028 1005 3042 ,
1033 2988 1197 3035 fatetur
1221 3007 1318 3036 eam
1346 2992 1468 3050 nescio
1490 2990 1590 3053 quid
1621 2989 1767 3036 habere
1788 2991 1978 3049 securim

147 3077 198 3108 ac
226 3057 471 3121 probabilius
504 3056 638 3118 quam
674 3053 905 3117 suffimigia
925 3090 935 3108 ‚
975 3060 1020 3100 &
1051 3052 1093 3099 se
1123 3058 1280 3116 tametfi
1301 3061 1446 3101 nemini
1466 3072 1640 3117 unquam
1663 3056 1866 3115 suaserit,
1887 3057 1976 3100 ali-

148 3123 292 3187 quibus
311 3140 441 3170 tamen
461 3125 529 3183 qui
548 3138 633 3166 eam
653 3121 927 3185 usurpandum
954 3120 1228 3182 delibiraffem
1249 3161 1263 3176 ‚
1284 3122 1416 3186 praesto
1439 3122 1555 3182 fuiffe
1578 3159 1591 3174 ,
1612 3121 1868 3184 componendi
1896 3135 1974 3165 ra-

143 3193 290 3239 cionem
319 3188 484 3250 edixiffix
519 3186 723 3251 Chirurgo
743 3219 756 3241 ‚
785 3189 988 3250 inungenti
1017 3183 1201 3249 adstitiffi
1219 3223 1234 3242 ,
1263 3203 1404 3252 agrum
1428 3182 1564 3234 debita?
1585 3189 1822 3252 purgatione
1839 3198 1976 3249 para-2
