2477 3643
723 119 1600 173 LinERIV.CAru·1-X.
1880 142 1977 205 393·

149 195 390 244 infundere
410 212 554 261 guttas
574 198 743 264 aliquot
762 202 853 250 olei
873 203 1056 251 Guaiaci
1077 238 1091 259 ‚
1119 221 1194 253 aut
1209 224 1305 272 quae
1324 205 1548 258 efficacior
1571 213 1632 260 est
1646 246 1661 267 ‚
1680 214 1977 271 dissolutionis

152 262 372 310 Mercurii
390 262 437 307 in
459 262 571 327 aqua
584 265 732 328 stygia.
1634 323 1637 325 .

231 334 292 386 30.
326 332 376 372 In
399 329 639 391 posteriore
665 331 774 376 vero
795 333 1013 381 necessum
1033 337 1092 383 est
1117 338 1363 385 cauterium
1389 339 1555 388 actuale
1582 341 1826 394 admovere
1843 383 1855 402 ‚
1888 368 1978 412 qun

152 387 289 436 facies
321 391 416 437 offis
433 425 444 443 ,
468 410 563 457 quae
597 395 765 442 cariosa
784 399 872 451 est,
896 400 1123 448 deuratur.
1164 403 1253 449 Sed
1281 420 1409 451 cauto
1432 423 1541 471 opus
1572 409 1631 454 est
1667 412 1726 454 1⁰.
1767 415 1828 459 Ut
1854 416 1938 460 lau.
1956 442 1973 455 ,ι

154 454 315 501 ulceris
341 459 488 504 linteis
515 459 626 522 aqud
656 462 847 508 madidis
877 465 994 528 prius
1027 470 1229 514 contecta
1263 469 1470 517 adversus
1500 471 1615 535 ignis
1644 475 1736 520 vim
1770 496 1977 526 munian-

156 533 227 565 tur
251 539 261 565 ς
304 531 365 567 2⁰.
396 525 461 567 Ut
490 523 639 570 media
668 526 764 573 offis
795 529 948 574 cariosi
969 548 1092 594 pars,
1124 533 1203 578 ubi
1231 533 1352 581 labes
1377 537 1566 583 maxima
1585 572 1597 591 ‚
1626 541 1757 604 paulo
1785 541 1944 591 fortius
1962 579 1978 598 ‚

153 582 347 632 debilius
370 587 477 633 vero
498 588 693 649 ejusdem
717 592 906 639 ambitus
926 596 1214 644 comburatur
1235 617 1244 643 ι
1279 601 1340 661 3⁰.
1364 605 1430 646 Ut
1451 603 1629 650 ustionis
1645 605 1834 654 intenfio
1852 642 1864 660 ‚
1883 627 1978 672 quae

154 648 322 712 pendet
355 667 450 698 tum
469 653 492 699 :i
517 655 651 716 gradu
674 657 833 704 caloris
850 692 864 710 ,
897 674 990 705 tum
1013 662 1037 705 a
1068 663 1195 708 morai
1214 667 1427 729 temporis
1458 685 1535 731 per
1566 687 1698 732 quam
1715 677 1977 720 ‘cauterium

154 711 424 762 admovetur
446 751 459 770 ,
494 719 641 764 morbi
671 722 829 785 gradui
845 722 1108 788 respondeat
1129 761 1141 780 ‚
1160 727 1324 776 scilicet
1351 736 1493 792 major
1512 733 1719 782 minorve
1739 737 1788 782 fit
1815 757 1894 802 pro
1909 739 1978 785 di-

153 778 278 824 versa
299 782 433 828 cariei
452 783 687 832 altitudine
705 820 717 838 ‚
743 806 822 851 pro
847 789 1023 835 diversa
1041 791 1171 838 cariei
1192 793 1384 841 siccioris
1412 798 1481 843 vel
1507 798 1771 848 humidioris
1792 803 1948 850 natura
1962 837 1976 858 ,

151 859 235 907 pro
255 843 430 892 diversst
447 847 543 894 offis
560 851 771 912 qualitate
791 886 803 905 ,
827 869 874 898 ut
895 857 1031 918 magis
1051 857 1121 903 vel
1141 857 1284 905 minus
1303 860 1587 925 spongiosum
1607 867 1680 911 est.

222 918 293 966 4⁰.
330 913 524 959 Lamella
544 913 639 960 offis
653 950 664 968 ,
684 934 777 979 quae
797 918 964 964 cariosa
981 923 1039 966 est
1055 955 1066 973 ,
1087 923 1294 970 remediis
1314 926 1384 972 vel
1402 926 1505 989 igne
1523 930 1734 977 exsiccata
1750 931 1977 997 aliquanto

152 975 247 1035 post
269 991 471 1041 tempore
495 978 549 1024 ab
571 980 659 1026 offe
680 981 874 1044 subjecto
898 983 1053 1048 sponte
1076 986 1239 1035 secedit
1260 988 1332 1036 seu
1355 992 1575 1056 exfoliatus‘⁸
1596 1012 1606 1038 ;
1629 1013 1789 1062 nempe
1817 1002 1977 1047 consti-

151 1038 262 1100 patis
278 1040 325 1084 in
346 1042 463 1088 hunc
485 1044 671 1090 modum
696 1052 739 1092 δε
758 1047 956 1094 arefactis
981 1051 1097 1096 illius
1123 1053 1308 1100 lamellae
1336 1054 1459 1102 fibris
1478 1091 1490 1109 ‚
1517 1060 1736 1107 necessum
1759 1065 1817 1109 est
1840 1082 1976 1113 omne

150 1099 374 1166 sanguinis
406 1126 454 1153 ac
492 1109 665 1173 limphae
702 1114 1022 1160 commercium
1040 1116 1248 1182 intercipi
1266 1120 1380 1166 inter
1412 1123 1523 1168 lianc
1553 1142 1645 1187 quae
1671 1127 1800 1190 plane
1821 1147 1975 1177 emor-

151 1181 226 1212 tua
256 1172 343 1223 est,
374 1172 672 1237 subjecstalque
699 1175 794 1222 offis
815 1178 1010 1226 lamellas
1035 1199 1128 1244 quae
1155 1183 1246 1228 vita
1272 1183 1480 1232 fruuntur
1509 1206 1520 1240 3
1553 1206 1822 1256 quapropter
1854 1196 1975 1258 cogi-

153 1246 221 1278 tur
238 1233 404 1299 limpha
421 1240 604 1284 nutritia
627 1242 790 1303 jugiter
816 1244 1036 1307 appellens
1053 1280 1064 1297 ,
1082 1246 1182 1292 cum
1200 1248 1382 1295 ulterius
1397 1255 1610 1315 progredi
1632 1274 1822 1319 nequeat
1839 1291 1852 1311 ‚
1874 1260 1976 1306 sub-

150 1311 219 1341 ter
240 1298 462 1347 lamellam
483 1305 691 1365 guttatim
714 1308 893 1370 colligi,
929 1315 975 1355 &⁷
1002 1311 1048 1355 in
1068 1329 1247 1360 carnem
1268 1313 1422 1361 senfim
1441 1316 1716 1366 efflorescere
1733 1355 1745 1373 ,
1774 1321 1945 1370 firmam
1960 1356 1975 1378 ,

147 1361 331 1408 densam
351 1399 362 1417 ‚
392 1368 622 1429 granosam
641 1404 652 1422 ,
680 1371 917 1418 candidam
936 1409 946 1426 ,
969 1375 1022 1420 ab
1043 1375 1138 1422 offis
1157 1377 1248 1424 sani
1268 1378 1383 1427 facie
1407 1382 1698 1444 pullulantem
1715 1419 1726 1437 ‚
1746 1387 1875 1450 eique
1894 1389 1975 1435 fir-

148 1427 283 1474 miter
316 1430 686 1481 adliaerescentem
706 1470 718 1489 ‚
753 1437 839 1500 quei
873 1438 1174 1489 succrescente
1205 1462 1254 1489 os
1286 1445 1504 1492 cariosum
1534 1448 1558 1493 a
1590 1449 1783 1512 subjecito
1820 1452 1974 1500 senfim

84 1531 87 1534 Α
149 1490 381 1541 divellitur
401 1531 414 1548 ‚
447 1499 567 1544 tanto
592 1500 776 1562 quidem
800 1502 969 1549 facilius
989 1505 1110 1568 quod
1129 1507 1302 1555 lamella
1317 1509 1391 1556 illa
1409 1511 1702 1563 exsiccatione
1726 1518 1774 1561 in
1793 1517 1974 1566 brevius

148 1558 335 1622 spatium
361 1565 582 1609 commota
602 1567 750 1611 locum
767 1601 778 1619 ‚
808 1586 942 1630 quem
963 1571 1091 1617 antea
1111 1573 1357 1639 occupabat
1371 1608 1385 1629 ‚
1415 1580 1504 1639 jam
1521 1578 1659 1626 laxius
1681 1581 1848 1646 repleat
1865 1617 1880 1637 ‚
1909 1601 1975 1632 at-

148 1641 237 1688 que
256 1624 367 1671 adeo
386 1627 510 1690 poffit
527 1629 549 1674 ὲ
569 1630 669 1676 sede
689 1630 822 1677 facile
843 1633 1088 1680 deturbari.

212 1697 272 1751 5⁰·
313 1694 471 1738 Donec
492 1711 642 1756 optata
663 1696 817 1741 cariosl
835 1697 928 1743 ossis
956 1698 1188 1747 exfoliatio
1208 1700 1482 1757 successerit,
1505 1706 1664 1754 ulceris
1683 1708 1806 1757 labra
1822 1713 1972 1760 conti·

149 1754 298 1799 nenda
319 1753 417 1802 sunt
433 1791 445 1809 ,
468 1775 523 1804 ne
544 1757 705 1806 fundus
723 1762 977 1826 importuna
999 1782 1131 1812 carne
1151 1767 1399 1831 oppleatur.
1441 1771 1596 1818 Solent
1620 1774 1665 1819 in
1693 1775 1810 1822 hunc
1835 1778 1976 1825 finem

149 1819 384 1866 admoveri
413 1823 611 1886 penicilli
637 1825 659 1870 ὲ
689 1825 935 1873 lmamento
962 1828 1075 1875 sicco
1095 1864 1109 1882 ,
1131 1832 1202 1877 vel
1229 1831 1257 1876 fi
1283 1850 1386 1879 caro
1417 1834 1605 1882 nimium
1633 1837 1823 1887 luxuriet
1842 1877 1854 1894 ‚
1888 1862 1974 1889 un-

147 1899 317 1946 guento
336 1885 459 1932 fusco
478 1888 666 1940 imbuti,
697 1891 820 1953 quod
839 1891 884 1938 fit
901 1911 953 1938 ex
972 1911 1201 1956 unguento
1221 1895 1398 1946 basilico
1431 1917 1530 1946 cum
1548 1901 1697 1949 addita
1713 1908 1974 1972 praecipitati

151 1948 277 1995 rubri
298 1949 391 1996 doli
415 1953 533 1998 varie
555 1953 675 1999 varia
692 1989 703 2006 ,
726 1973 855 2018 prout
875 1957 972 2003 usus
986 1957 1135 2006 fuer-it.

214 2015 279 2059 6⁰.
319 2015 486 2063 Verum
509 2017 586 2064 ubi
614 2019 807 2082 primum
829 2021 1004 2087 delapsa
1025 2023 1192 2070 cariosa
1213 2025 1388 2073 lamella
1414 2028 1562 2075 locum
1585 2031 1757 2079 cefferit
1779 2037 1897 2082 carni
1919 2038 1974 2084 ab

148 2077 237 2124 osse
262 2076 368 2126 sano
392 2080 716 2137 succrescenti,
747 2103 842 2149 quae
863 2105 962 2132 cum
983 2088 1141 2136 ulceris
1169 2091 1304 2137 labris
1336 2093 1582 2141 consociari
1601 2097 1728 2160 poffit
1746 2132 1759 2150 ,
1792 2118 1857 2146 res
1881 2118 1974 2150 tota

149 2159 314 2190 naturae
336 2146 504 2194 viribus
534 2150 832 2211 permittenda
862 2154 921 2199 est
938 2186 951 2205 ‚
980 2154 1182 2201 cavendo
1206 2156 1374 2203 tantum
1393 2192 1406 2210 ‚
1427 2175 1475 2204 ut
1495 2177 1599 2206 caro
1617 2194 1630 2213 ,
1659 2161 1686 2206 si
1718 2165 1897 2212 mollior
1924 2167 1975 2214 fit

148 2224 224 2253 aut
251 2211 590 2275 praecipitantius
608 2215 833 2262 excrescat
850 2250 864 2269 ,
898 2233 991 2263 arte
1013 2219 1279 2282 reprimatur
1295 2254 1308 2272 ‚
1328 2239 1489 2287 nempe
1509 2225 1702 2273 alumine
1722 2230 1814 2274 usto
1829 2264 1840 2280 ,
1863 2233 1974 2295 aqua

147 2274 279 2319 calcis
297 2308 309 2326 ‚
344 2277 455 2339 aquai
483 2277 820 2342 phagedaenica,
849 2298 1081 2344 unguento
1106 2284 1375 2349 aegyptiaco,
1407 2287 1603 2335 balsamo
1634 2292 1770 2339 viridi
1788 2296 1974 2343 Meten-

148 2336 258 2384 s1um
275 2373 286 2390 ‚
309 2339 504 2388 balsamo
520 2342 644 2389 fusco
666 2345 721 2390 de
740 2363 830 2407 quo
852 2364 956 2391 mox
974 2380 988 2398 ,
1011 2348 1262 2414 caeterisque
1282 2348 1429 2397 similis
1448 2351 1664 2400 efficaciae.

205 2405 270 2460 7⁰.
328 2411 499 2452 Interea
555 2423 652 2452 toto
702 2410 941 2456 curationis
989 2412 1127 2459 stadio
1159 2447 1173 2466 ,
1226 2423 1285 2459 10.
1330 2415 1558 2477 Dyscrasia
1584 2453 1597 2472 ‚
1629 2419 1658 2465 fi
1683 2420 1768 2484 quei
1800 2421 1975 2485 sanguis

147 2465 301 2512 forsan
322 2470 574 2532 peccaverit
594 2506 606 2523 ,
630 2472 789 2519 iisdem
814 2475 1021 2521 remediis
1042 2477 1321 2525 emendanda
1343 2483 1401 2527 est
1416 2516 1428 2535 ‚
1453 2483 1510 2530 de
1529 2484 1689 2547 quibus
1710 2485 1835 2550 supra
1855 2522 1865 2539 ,
1890 2506 1972 2534 nec

146 2531 282 2578 semel
310 2552 319 2578 ε
363 2543 424 2579 20.
459 2539 592 2597 AEger
614 2538 739 2600 parce
761 2540 1021 2587 nutriendus
1040 2575 1052 2593 ,
1082 2559 1243 2607 nempe
1270 2543 1370 2592 solis
1398 2547 1571 2608 jusculis
1591 2566 1664 2595 aut
1685 2550 1973 2600 dilutioribus

146 2598 378 2660 panatellis
399 2633 410 2650 ,
434 2597 464 2643 si
487 2600 510 2644 a
537 2599 664 2647 febre
684 2620 778 2648 non
805 2621 959 2658 vacet3
993 2605 1090 2653 offis
1112 2609 1248 2662 vero,
1279 2610 1349 2656 vel
1368 2613 1490 2673 quod
1544 2616 1677 2659 raestat
1697 2648 1710 2668 ,
1736 2615 1846 2662 lacte
1866 2635 1973 2663 vac-

146 2662 252 2707 cino
272 2696 283 2714 ‚
319 2662 347 2708 si
377 2663 501 2711 febre
531 2682 710 2711 careat:
751 2677 812 2729 30.
844 2671 1092 2717 Inurendus
1123 2691 1232 2720 unus
1262 2690 1336 2720 aut
1360 2677 1467 2723 alter
1498 2632 1768 2732 fiinticulus,
1797 2697 1845 2726 ut
1875 2700 1972 2746 pars

145 2729 367 2789 peccantis
389 2729 563 2793 limphae
589 2730 833 2779 abducatur
854 2753 863 2781 ε
886 2737 951 2793 4⁰.
974 2738 1235 2802 Caeteraque
1255 2741 1404 2787 omnia
1422 2743 1686 2789 auxiliorum
1706 2762 1869 2807 genera
1888 2748 1968 2793 ad-

146 2789 345 2837 hibenda
363 2827 374 2845 ,
404 2811 500 2857 quae
533 2795 847 2844 alimentorum
880 2803 1193 2856 concoffloni,
1214 2803 1448 2868 ,sanguinis
1478 2808 1727 2872 integritati
1756 2815 1800 2855 δέ
1833 2813 1968 2859 animi

145 2857 438 2918 corporisque
456 2859 596 2920 quieti
623 2861 797 2924 poliunt
814 2865 1084 2912 conducere.

211 2925 275 2966 80.
311 2922 534 2968 Caeterum
550 2956 563 2974 ‚
583 2923 612 2967 s1
633 2926 770 2972 caries
790 2926 837 2972 in
859 2929 1099 2987 majoribus
1120 2946 1294 2977 artuum
1312 2933 1472 2980 offibus
1497 2936 1553 2982 ad
1570 2937 1809 2983 medullam
1831 2940 1967 3004 usque

143 2986 448 3050 penetraverit
467 3020 479 3038 ‚
506 2988 677 3034 necesse
696 2991 754 3036 est
772 3007 865 3036 non
882 2993 1021 3038 modo
1039 2993 1239 3041 affeetam
1258 2997 1355 3044 offis
1380 3016 1552 3062 partem
1572 3002 1748 3049 terebra
1768 3004 1966 3067 pluribus

142 3051 193 3096 in
213 3050 321 3097 locis
346 3049 566 3115 perforari
585 3085 598 3104 ,
634 3068 683 3098 ut
717 3070 979 3102 extenuetur
996 3089 1008 3108 ,
1047 3057 1120 3105 sed
1159 3061 1294 3107 etiam
1330 3062 1643 3112 intermediam
1666 3068 1965 3134 intercapedi-

142 3131 249 3162 nem
266 3148 279 3167 ,
305 3133 399 3179 quae
431 3115 547 3162 inter
574 3115 797 3165 foramina
815 3120 1083 3183 interjicitur
1099 3157 1111 3176 ‚
1133 3124 1302 3190 scalpro
1321 3146 1406 3192 ope
1432 3130 1580 3177 mallei
1609 3132 1819 3195 plumbei,
1840 3153 1963 3182 com-

136 3179 288 3237 minui
316 3186 362 3230 ὃ(
389 3179 581 3247 diffipari
597 3214 613 3236 ,
638 3197 685 3231 ut
709 3183 832 3234 facili
857 3190 904 3234 δε
933 3188 1140 3254 expedita
1162 3190 1231 3239 via
1249 3192 1407 3257 poffint
1434 3194 1527 3242 tum
1561 3197 1707 3242 emitti
1732 3217 1809 3262 pus
1829 3205 1873 3247 ὃς
1894 3201 1961 3259 [ει-

1552 3261 1747 3329 Daaij
