2477 3643
447 147 1345 197 LintRVI.SrcuruM
1412 141 1699 185 XV111.
1879 142 1968 201 563

152 231 323 296 aliquot
350 228 525 276 dierum
556 224 747 273 induciis
775 222 998 270 iterandas
1025 223 1049 268 ὰ
1080 225 1138 268 Ι).
1163 217 1391 266 Francisco
1431 215 1726 276 Chicoyneau
1743 246 1756 265 ,
1790 215 1976 261 Archia-

156 314 327 346 trorum
348 295 514 342 comite
530 325 542 344 ‚
563 291 609 337 in
623 291 747 337 usum
768 289 1000 336 Medicum
1015 285 1160 352 primo
1178 284 1374 331 indueras
1393 279 1519 328 fuisse
1538 299 1550 333 ·,
1566 279 1666 325 cum
1686 295 1833 324 tamen
1853 282 1977 326 cerro

159 364 327 410 constet
345 373 576 422 utramque
601 356 807 403 illinendi
827 354 1045 402 Mercurii
1073 350 1337 398 methodum
1365 351 1452 410 jam
1472 346 1496 392 a
1515 343 1717 391 ducentis
1740 344 1863 389 annis
1881 378 1893 396 ,
1915 363 1981 390 at-

157 446 247 492 que
268 425 387 473 adeb
406 425 430 470 εὶ
452 424 597 489 primo
622 439 730 468 nata·
753 422 835 468 luis
854 437 1052 468 venerea:
1071 432 1274 480 tempore
1297 419 1341 461 ὃς
1361 431 1513 458 notam
1539 418 1583 458 ὃς
1604 411 1855 474 usurpatam
1872 408 1981 454 fuis-

158 495 204 542 se
219 525 232 547 ,
257 490 345 555 qua
367 490 423 536 de
445 507 492 536 re
513 487 617 535 vide
640 487 762 552 supra
796 486 891 533 Lib.
913 490 979 532 II.
1010 490 1148 547 Caput
1168 502 1211 539 7.

232 566 296 603 20.
328 556 405 601 Ait
428 569 525 619 pag.
547 573 588 614 7.
620 552 923 599 salivationern
946 550 1187 595 maximum
1215 542 1434 591 curationi
1454 542 1534 589 luis
1554 557 1755 588 venereae
1788 539 1984 604 impedi-

164 637 370 672 mentum
390 619 549 667 afferre
565 653 577 671 ,
615 618 735 665 uncle
765 618 811 663 in
834 615 1146 662 Differ-rarione
1169 611 1240 656 sufi
1261 627 1376 656 totus
1398 609 1443 654 in
1463 626 1516 654 eo
1536 608 1594 653 est
1611 639 1624 657 ,
1657 622 1703 651 ut
1733 604 1984 650 salivationi

168 688 355 735 obviam
384 702 468 733 eat.
496 684 671 731 Contra
690 683 798 730 verb
819 681 945 746 supra
979 679 1214 744 probatum
1247 675 1331 722 fuit
1358 673 1475 719 nulla
1501 670 1636 736 opera
1659 668 1818 717 certius
1849 671 1986 733 quam

167 751 440 800 salivationis
473 766 598 796 motu
631 747 843 812 cognosci
878 745 994 810 poffe
1020 762 1074 789 an
1096 742 1348 789 Mercurius
1366 740 1412 784 in
1434 738 1692 801 sanguinem
1713 752 1811 797 agat
1829 774 1843 789 ‚
1863 751 1986 798 agat-

167 836 258 881 que
290 817 341 863 ea
374 816 420 862 vi
444 815 529 879 qud
563 832 672 878 opus
692 815 750 860 est
776 812 831 858 ad
863 810 1013 857 morbi
1037 808 1315 854 curationem
1338 839 1350 857 ‚
1373 805 1490 850 unde
1512 804 1650 866 liquet
1678 799 1988 847 salivatiouem

169 883 349 929 unicam
382 878 466 927 effe
501 877 877 942 hydrargyroseos
908 873 1167 938 cynosuram
1190 906 1201 924 ,
1228 870 1315 934 qua
1341 869 1453 915 duce
1485 869 1541 914 ad
1570 882 1771 930 optatum
1809 882 1988 929 portum

172 947 396 1013 appellere
421 947 641 992 valeamus
658 978 668 996 ,
690 942 775 1006 qua
796 942 852 988 de
878 960 923 987 re
949 940 1050 987 virle
1074 938 1197 1002 supra
1234 935 1323 982 Lib.
1345 939 1408 980 ll.
1446 940 1553 994 Cap.
1576 951 1615 989 9.
1643 946 1738 994 pagx
1761 947 1855 988 149.

243 1016 305 1074 3⁰.
337 1011 565 1057 Concedit
584 1007 922 1073 aegrotantibus,
952 1022 1073 1070 pagg.
1099 1021 1161 1049 io.
1196 1001 1245 1048 (θ’
1272 1017 1324 1046 11.
1346 1016 1393 1044 ut
1421 999 1466 1043 in
1500 996 1594 1062 ipso
1618 994 1992 1058 hydrargyroseos

173 1078 313 1125 stadio
334 1076 417 1122 suis
437 1075 675 1138 fungantur
695 1071 851 1119 officiis
869 1106 880 1123 ‚
901 1089 947 1116 ac
965 1070 1104 1116 libere
1129 1068 1410 1129 divagemur.
1434 1062 1568 1108 l-laud
1585 1077 1701 1123 nego
1718 1060 1926 1123 equidem
1945 1060 1993 1104 in

175 1142 433 1206 regionibus
454 1139 741 1186 calidioribus
762 1137 809 1182 id
831 1135 1065 1199 aliquoties
1094 1132 1183 1178 sine
1214 1132 1380 1177 damno
1412 1143 1657 1177 tentatum,
1684 1141 1726 1170 at
1753 1125 1856 1171 vero
1877 1140 1994 1187 nego

177 1223 395 1254 tentatum
427 1223 621 1269 unquam
641 1204 728 1250 sine
749 1202 963 1266 periculo.
995 1198 1222 1257 Quocirca
1251 1195 1420 1241 nollem
1440 1191 1622 1239 abusum
1642 1223 1654 1242 ,
1692 1191 1770 1252 qui
1801 1190 1874 1235 vix
1910 1207 1999 1234 un-

175 1291 313 1337 quam
332 1269 588 1317 diffimulari
612 1268 747 1315 debet
767 1300 778 1319 ,
805 1268 853 1312 in
881 1281 1167 1310 communem
1193 1277 1398 1306 normam
1420 1263 1465 1304 δε
1484 1255 1858 1322 praescriptionem
1893 1272 1998 1319 pro-

180 1338 321 1403 poni,
341 1335 428 1399 qua
449 1335 506 1382 de
528 1352 574 1381 re
596 1333 699 1380 vide
719 1331 843 1396 supra
865 1330 961 1377 Lib.
982 1334 1072 1376 JV.
1105 1334 1212 1391 Cap.
1230 1344 1270 1383 9.
1288 1333 1324 1381 §.
1342 1341 1372 1369 1.

237 1404 303 1459 4⁰.
335 1401 542 1464 Denique
571 1414 692 1464 putat
713 1415 793 1444 nec
814 1395 1013 1446 carnium
1035 1428 1047 1446 ‚
1065 1410 1146 1440 nec
1168 1389 1263 1439 vini
1281 1388 1406 1435 usum
1423 1405 1476 1434 ex
1499 1401 1596 1433 toto
1623 1385 1797 1449 aegrotis
1815 1384 2002 1429 circum-
2064 1388 2068 1391 ’

179 1466 426 1514 cidendum
455 1463 539 1512 effe
560 1499 572 1516 ,
601 1482 657 1510 ne
686 1463 764 1508 illo
784 1461 966 1525 quidem
987 1475 1189 1523 tempore
1209 1490 1221 1509 ‚
1253 1454 1361 1500 dum
1385 1453 1564 1500 alternis
1588 1452 1746 1498 diebus
1773 1451 2002 1511 inungun-

181 1548 254 1578 tur
285 1531 517 1576 Mercurio
536 1563 549 1581 ‚
573 1533 618 1575 ὃ(
644 1528 845 1574 lavantur
876 1524 1036 1570 balneo
1070 1542 1081 1577 3
1119 1522 1211 1568 imo
1236 1519 1359 1584 quod
1384 1518 1626 1564 maximum
1654 1517 1712 1562 est
1735 1514 1841 1561 dum
1869 1531 2005 1558 utun-

184 1613 255 1643 tur
283 1597 393 1643 laCte
420 1593 699 1659 quotidiano.
738 1592 848 1639 Sane
871 1590 986 1636 haud
1008 1588 1176 1634 inficias
1195 1587 1319 1632 ivero
1340 1584 1429 1629 hac
1448 1583 1600 1628 omnia
1622 1580 1744 1626 simul
1769 1579 1857 1625 fine
1889 1577 2006 1624 noxi

183 1661 428 1725 aliquando
449 1659 502 1706 ab
521 1660 573 1705 iis
591 1657 771 1704 tolerari
791 1692 802 1709 ,
824 1657 901 1720 qui
930 1653 1155 1700 stomacho
1183 1649 1425 1698 felicissime
1446 1647 1596 1694 valent
1625 1665 1635 1691 t
1667 1645 1753 1692 Sed
1780 1643 1880 1690 cum
1910 1654 2008 1689 rata

186 1744 281 1773 non
300 1726 380 1771 s1nt
402 1726 532 1775 artis,
559 1723 819 1770 facilitatem
844 1721 967 1766 illam
996 1737 1076 1765 ceu
1104 1717 1287 1763 nimiam
1319 1712 1530 1778 improbo
1549 1746 1562 1764 ,
1595 1729 1643 1757 ac
1677 1709 1908 1756 salutarem
1943 1706 2010 1753 se-

186 1792 424 1840 veritatem
445 1789 645 1836 desidero
665 1823 676 1840 ,
698 1787 722 1834 a
741 1786 828 1850 qua
852 1786 980 1832 decet
1005 1783 1204 1830 sedulum
1225 1780 1456 1827 Medicum
1487 1794 1727 1839 numquam
1755 1773 2012 1820 desciscere.

252 1855 475 1902 Caeterum
496 1868 808 1917 exaggeratam
829 1851 944 1896 illius
965 1847 1168 1895 methodi
1201 1846 1439 1892 utilitatem
1467 1859 1559 1887 non
1588 1839 1743 1905 parum
1775 1838 1916 1885 elevat
1946 1837 2012 1883 se-

189 1937 332 1985 quens
352 1919 608 1966 observatio
629 1952 640 1971 ‚
661 1935 793 1981 quam
823 1915 846 1960 a
877 1919 933 1961 D.
957 1913 1153 1960 Morand
1177 1945 1188 1963 ,
1210 1910 1439 1972 Chirurgo
1467 1906 1725 1971 peritissimo
1757 1902 2013 1967 nuperrime

191 1986 357 2050 accepi.
391 1984 467 2031 Ille
491 1985 612 2030 enim
634 1980 898 2046 experiundi
935 1978 1073 2042 gratia
1096 2011 1108 2030 ‚
1139 1992 1186 2022 ut
1219 1975 1324 2021 artis
1349 1973 1429 2019 suae
1457 1969 1778 2018 studiosiffimus
1806 1969 1865 2014 est
1883 2001 1895 2019 ,
1927 1967 2016 2012 mi·

189 2049 341 2096 litibus
372 2049 442 2096 sex
472 2049 544 2095 lue
572 2046 764 2094 venerea
790 2043 964 2091 infectis
998 2044 1044 2089 in
1076 2041 1222 2103 Regio
1252 2037 1555 2084 invalidorum
1583 2034 1785 2080 Militum
1805 2031 2018 2097 Hospitio

192 2112 553 2177 hydrargyrosim
588 2113 674 2159 hoc
701 2110 796 2175 ipso
830 2127 936 2156 vere
967 2107 1203 2157 adhibuit,
1236 2103 1376 2149 tribus
1407 2101 1591 2164 quidem
1617 2097 1835 2144 methodo
1863 2114 2020 2143 recen-

193 2180 309 2227 tiore
331 2196 426 2242 quae
449 2178 504 2223 ab
523 2176 810 2240 Haguenotio
827 2173 1122 2239 proponitur,
1142 2169 1283 2216 tribus
1306 2167 1400 2213 aliis
1427 2164 1535 2212 vero
1555 2163 1810 2226 antiquiore
1836 2160 2019 2206 metho-

195 2244 289 2297 do;
329 2243 404 2289 sed
429 2241 605 2304 singulis
632 2240 795 2287 eodem
832 2254 1057 2301 tempore,
1095 2235 1258 2281 eodem
1294 2245 1523 2294 unguento
1555 2227 1835 2278 mercuriali,
1861 2225 2019 2271 eadem

194 2307 417 2372 unguenti
449 2305 541 2352 dost
560 2340 572 2358 ,
596 2305 757 2352 eodem
791 2303 1048 2348 friCtionum
1072 2315 1260 2344 numero
1277 2330 1289 2348 ‚
1319 2295 1481 2342 eodem
1502 2292 1717 2356 temporis
1750 2289 2016 2341 intervallo,

196 2390 247 2421 nt
268 2373 421 2420 omnia
438 2371 663 2433 utrimque
682 2368 802 2434 paria
823 2366 974 2413 essent.
1004 2363 1130 2421 Quid
1151 2380 1244 2408 tum
1263 2374 1276 2407 ἒ
1301 2364 1456 2424 Speras
1477 2357 1628 2404 forsan
1655 2355 1935 2421 ptyalismum
1966 2354 2021 2399 iis

198 2437 415 2490 defuisse,
446 2436 523 2500 qui
560 2434 807 2481 recentiore
837 2450 849 2484 3
887 2427 1073 2476 adfuisse
1107 2427 1262 2474 contra
1293 2426 1344 2471 iis
1364 2459 1376 2476 ,
1413 2423 1491 2487 qui
1525 2421 1776 2484 antiquiore
1802 2418 2020 2466 methodo

199 2501 529 2566 inungebantur
549 2534 560 2553 ‚
592 2498 668 2546 sed
688 2497 866 2545 falleris.
897 2499 960 2541 Ex
982 2493 1122 2540 tribus
1141 2527 1153 2546 ‚
1177 2492 1253 2556 qui
1281 2489 1586 2536 balneationes
1615 2505 1715 2533 cum
1740 2483 2023 2531 fristionibus

202 2567 483 2616 alternabant
501 2599 513 2618 ,
542 2565 633 2611 duo
654 2561 930 2629 ptyalismum
971 2565 1015 2605 &
1041 2576 1223 2622 gravem
1254 2561 1299 2602 δε
1331 2555 1592 2601 diuturnum
1620 2551 1791 2617 experti
1814 2549 1925 2596 sunt.
1956 2551 2023 2594 Ex

202 2633 394 2679 totidem
419 2630 551 2682 verb,
579 2631 656 2693 qui
676 2629 699 2675 a
725 2627 893 2675 balneis
920 2624 1196 2671 abstinebant
1215 2655 1227 2674 ,
1252 2637 1362 2666 unus
1382 2618 1552 2664 tantum
1570 2615 1848 2681 ptyalismum
1869 2613 1945 2660 sed
1960 2613 2025 2659 le-

205 2715 310 2745 vem
345 2696 484 2742 sensit.
537 2693 823 2757 Caeteroquin
858 2708 1014 2736 omnes
1048 2687 1237 2754 perinde
1272 2684 1539 2731 convaluere
1571 2681 1755 2743 utraque
1787 2678 2023 2725 methodo.

205 2762 337 2810 Adeb
368 2779 525 2807 verum
558 2761 617 2807 est
642 2758 766 2823 quod
794 2761 879 2818 jam
901 2754 1067 2801 centies
1084 2789 1095 2806 ‚
1116 2750 1309 2799 necdum
1329 2766 1477 2795 tamen
1500 2746 1599 2793 satis
1616 2746 1784 2792 digium
1810 2759 1919 2809 puto
1938 2777 1951 2796 ‚
1977 2742 2026 2787 in

206 2842 300 2873 tam
335 2825 569 2890 multiplici
600 2824 824 2871 variarum
854 2819 1080 2867 causarum
1112 2817 1349 2880 syndrome
1370 2849 1381 2866 ‚
1415 2830 1510 2878 quae
1546 2811 1718 2875 singulte
1760 2810 1808 2856 in
1844 2807 2028 2855 diverfis

209 2889 289 2938 suo
331 2908 513 2955 quaeque
558 2889 696 2936 modo
743 2889 799 2934 ad
841 2884 1121 2950 ptyalismum
1168 2879 1475 2929 inducendum
1510 2876 1817 2924 efficacitatem
1869 2872 2029 2920 confe-

210 2970 315 3005 runt
334 2989 347 3008 ‚
379 2973 518 3001 unum
544 2954 592 3000 id
622 2971 793 3002 certum
823 2951 908 2998 esse
936 2955 1068 2997 omnia
1097 2947 1263 2994 scilicet
1293 2947 1362 3008 effe
1391 2949 1542 2990 incerta
1562 2981 1576 2997 ,
1615 2958 1745 3004 atque
1774 2938 1886 2985 adeo
1917 2937 2031 2984 nulli

212 3020 432 3069 methodo
460 3038 654 3082 unquam
681 3017 868 3064 nimium
900 3013 1219 3061 confidendum
1235 3009 1318 3058 effe
1339 3044 1352 3062 ‚
1381 3008 1454 3055 sed
1477 3023 1522 3054 ut
1551 3007 1597 3052 in
1620 3025 1664 3053 re
1690 3004 1860 3069 semper
1895 3002 2032 3049 dubia

214 3092 263 3134 &
292 3084 540 3150 periculofae
566 3084 694 3147 plena
725 3083 823 3128 aleae
844 3114 856 3132 ,
886 3079 1072 3126 Medico
1102 3078 1178 3141 qui
1204 3082 1366 3127 πολλῶν
1400 3072 1586 3129 α’ντέξιος
1617 3073 1748 3124 ἄλλων
1777 3066 1862 3119 effe
1882 3068 2029 3132 cupit,

220 3149 546 3216 diligentissime
566 3147 815 3198 cavendum
838 3160 970 3213 atque
990 3142 1323 3210 providendum
1344 3143 1418 3188 Ne
1442 3139 1542 3203 quid
1561 3140 1693 3184 nimis.

1589 3264 1814 3329 Bbbbij
