<?xml version="1.0" encoding="UTF-8"?>
<!DOCTYPE html PUBLIC "-//W3C//DTD XHTML 1.0 Transitional//EN"
    "http://www.w3.org/TR/xhtml1/DTD/xhtml1-transitional.dtd">
<html xmlns="http://www.w3.org/1999/xhtml" xml:lang="en" lang="en">
 <head>
  <title>
</title>
<meta http-equiv="Content-Type" content="text/html;charset=utf-8" />
  <meta name='ocr-system' content='tesseract 3.04.00' />
  <meta name='ocr-capabilities' content='ocr_page ocr_carea ocr_par ocr_line ocrx_word'/>
</head>
<body>
  <div class='ocr_page' id='page_1' title='image "./demorbisvenereis00astr_0345.png"; bbox 0 0 2477 3643; ppageno 0'>
   <div class='ocr_carea' id='block_1_1' title="bbox 663 144 2006 218">
    <p class='ocr_par' dir='ltr' id='par_1_1' title="bbox 663 144 2006 218">
     <span class='ocr_line' id='line_1_1' title="bbox 663 144 2006 218; baseline 0.007 -24"><span class='ocrx_word' id='word_1_1' title='bbox 663 144 1427 199; x_wconf 56' lang='lat' dir='ltr'>[rnunrvpcmur</span> <span class='ocrx_word' id='word_1_2' title='bbox 1494 151 1628 200; x_wconf 72' lang='lat'>111.</span> <span class='ocrx_word' id='word_1_3' title='bbox 1911 155 2006 218; x_wconf 49' lang='grc' dir='ltr'>’ξοδ</span> 
     </span>
    </p>
   </div>
   <div class='ocr_carea' id='block_1_2' title="bbox 181 220 2011 619">
    <p class='ocr_par' dir='ltr' id='par_1_2' title="bbox 181 220 2011 546">
     <span class='ocr_line' id='line_1_2' title="bbox 181 220 2011 296; baseline 0.003 -22"><span class='ocrx_word' id='word_1_4' title='bbox 181 224 267 277; x_wconf 69' lang='lat' dir='ltr'>biae</span> <span class='ocrx_word' id='word_1_5' title='bbox 284 259 297 277; x_wconf 87' lang='lat'>,</span> <span class='ocrx_word' id='word_1_6' title='bbox 311 228 361 272; x_wconf 88' lang='lat'>·&amp;</span> <span class='ocrx_word' id='word_1_7' title='bbox 380 222 428 271; x_wconf 87' lang='lat' dir='ltr'>in</span> <span class='ocrx_word' id='word_1_8' title='bbox 440 220 532 272; x_wconf 72' lang='lat' dir='ltr'>&#39;offe</span> <span class='ocrx_word' id='word_1_9' title='bbox 549 221 735 270; x_wconf 89' lang='lat' dir='ltr'>frontali</span> <span class='ocrx_word' id='word_1_10' title='bbox 752 223 839 272; x_wconf 83' lang='lat' dir='ltr'>sive</span> <span class='ocrx_word' id='word_1_11' title='bbox 860 227 1094 280; x_wconf 79' lang='lat' dir='ltr'>coronali,</span> <span class='ocrx_word' id='word_1_12' title='bbox 1112 228 1157 273; x_wconf 88' lang='lat' dir='ltr'>in</span> <span class='ocrx_word' id='word_1_13' title='bbox 1178 228 1281 274; x_wconf 62' lang='lat' dir='ltr'>ulna</span> <span class='ocrx_word' id='word_1_14' title='bbox 1302 234 1346 276; x_wconf 74' lang='grc' dir='ltr'>δε</span> <span class='ocrx_word' id='word_1_15' title='bbox 1365 245 1568 277; x_wconf 83' lang='lat' dir='ltr'>extremo</span> <span class='ocrx_word' id='word_1_16' title='bbox 1588 228 1742 276; x_wconf 83' lang='lat' dir='ltr'>cubito</span> <span class='ocrx_word' id='word_1_17' title='bbox 1762 229 1848 277; x_wconf 58' lang='lat' dir='ltr'>&amp;a</span> <span class='ocrx_word' id='word_1_18' title='bbox 1867 248 2011 296; x_wconf 79' lang='lat' dir='ltr'>quan-</span> 
     </span>
     <span class='ocr_line' id='line_1_3' title="bbox 185 289 2008 360; baseline 0.003 -21"><span class='ocrx_word' id='word_1_19' title='bbox 185 291 433 355; x_wconf 86' lang='lat' dir='ltr'>doquidem</span> <span class='ocrx_word' id='word_1_20' title='bbox 460 307 513 336; x_wconf 85' lang='lat' dir='ltr'>ea</span> <span class='ocrx_word' id='word_1_21' title='bbox 537 289 692 335; x_wconf 88' lang='lat' dir='ltr'>ossium</span> <span class='ocrx_word' id='word_1_22' title='bbox 717 290 816 335; x_wconf 85' lang='lat' dir='ltr'>loca</span> <span class='ocrx_word' id='word_1_23' title='bbox 845 289 930 336; x_wconf 62' lang='lat' dir='ltr'>sola</span> <span class='ocrx_word' id='word_1_24' title='bbox 952 308 1051 338; x_wconf 88' lang='lat' dir='ltr'>cute</span> <span class='ocrx_word' id='word_1_25' title='bbox 1072 307 1386 356; x_wconf 85' lang='lat' dir='ltr'>conteguntur.</span> <span class='ocrx_word' id='word_1_26' title='bbox 1420 304 1482 341; x_wconf 87' lang='lat'>2⁰.</span> <span class='ocrx_word' id='word_1_27' title='bbox 1512 299 1803 360; x_wconf 84' lang='lat' dir='ltr'>Quaecunque</span> <span class='ocrx_word' id='word_1_28' title='bbox 1827 297 1914 342; x_wconf 65' lang='lat' dir='ltr'>istu</span> <span class='ocrx_word' id='word_1_29' title='bbox 1935 298 2008 345; x_wconf 90' lang='lat' dir='ltr'>vel</span> 
     </span>
     <span class='ocr_line' id='line_1_4' title="bbox 181 354 2009 416; baseline 0.002 -13"><span class='ocrx_word' id='word_1_30' title='bbox 181 355 279 406; x_wconf 80' lang='lat' dir='ltr'>casu</span> <span class='ocrx_word' id='word_1_31' title='bbox 301 354 637 401; x_wconf 86' lang='lat' dir='ltr'>contunduntur</span> <span class='ocrx_word' id='word_1_32' title='bbox 654 386 666 406; x_wconf 85' lang='lat'>‚</span> <span class='ocrx_word' id='word_1_33' title='bbox 687 354 899 416; x_wconf 87' lang='lat' dir='ltr'>quoniam</span> <span class='ocrx_word' id='word_1_34' title='bbox 923 355 1124 403; x_wconf 90' lang='lat' dir='ltr'>violento</span> <span class='ocrx_word' id='word_1_35' title='bbox 1151 357 1425 405; x_wconf 83' lang='lat' dir='ltr'>lamellarum</span> <span class='ocrx_word' id='word_1_36' title='bbox 1445 360 1663 407; x_wconf 78' lang='lat' dir='ltr'>offeamm</span> <span class='ocrx_word' id='word_1_37' title='bbox 1693 361 1847 405; x_wconf 83' lang='lat' dir='ltr'>attritu</span> <span class='ocrx_word' id='word_1_38' title='bbox 1868 361 2009 407; x_wconf 77' lang='lat' dir='ltr'>decu·</span> 
     </span>
     <span class='ocr_line' id='line_1_5' title="bbox 183 418 2010 487; baseline 0.003 -20"><span class='ocrx_word' id='word_1_39' title='bbox 183 420 301 468; x_wconf 82' lang='lat' dir='ltr'>bitus</span> <span class='ocrx_word' id='word_1_40' title='bbox 326 419 526 466; x_wconf 83' lang='lat' dir='ltr'>medullae</span> <span class='ocrx_word' id='word_1_41' title='bbox 545 418 772 465; x_wconf 87' lang='lat' dir='ltr'>virulentae</span> <span class='ocrx_word' id='word_1_42' title='bbox 791 420 839 465; x_wconf 90' lang='lat' dir='ltr'>in</span> <span class='ocrx_word' id='word_1_43' title='bbox 865 419 1016 467; x_wconf 58' lang='lat' dir='ltr'>affecta</span> <span class='ocrx_word' id='word_1_44' title='bbox 1035 438 1160 485; x_wconf 85' lang='lat' dir='ltr'>parte</span> <span class='ocrx_word' id='word_1_45' title='bbox 1181 440 1446 487; x_wconf 85' lang='lat' dir='ltr'>procuratur</span> <span class='ocrx_word' id='word_1_46' title='bbox 1463 459 1476 478; x_wconf 82' lang='lat'>,</span> <span class='ocrx_word' id='word_1_47' title='bbox 1496 425 1615 473; x_wconf 87' lang='lat' dir='ltr'>unde</span> <span class='ocrx_word' id='word_1_48' title='bbox 1634 425 1722 471; x_wconf 91' lang='lat' dir='ltr'>cita</span> <span class='ocrx_word' id='word_1_49' title='bbox 1740 424 1860 472; x_wconf 87' lang='lat' dir='ltr'>labes</span> <span class='ocrx_word' id='word_1_50' title='bbox 1889 424 2010 474; x_wconf 85' lang='lat' dir='ltr'>iufe-</span> 
     </span>
     <span class='ocr_line' id='line_1_6' title="bbox 183 483 798 546; baseline -0.01 -12"><span class='ocrx_word' id='word_1_51' title='bbox 183 485 325 534; x_wconf 79' lang='lat' dir='ltr'>tenda</span> <span class='ocrx_word' id='word_1_52' title='bbox 345 484 404 531; x_wconf 89' lang='lat' dir='ltr'>est</span> <span class='ocrx_word' id='word_1_53' title='bbox 420 483 515 529; x_wconf 85' lang='lat' dir='ltr'>offis</span> <span class='ocrx_word' id='word_1_54' title='bbox 536 483 798 546; x_wconf 72' lang='lat' dir='ltr'>integritati.</span> 
     </span>
    </p>

    <p class='ocr_par' dir='ltr' id='par_1_3' title="bbox 245 548 2009 619">
     <span class='ocr_line' id='line_1_7' title="bbox 245 548 2009 619; baseline 0.003 -23"><span class='ocrx_word' id='word_1_55' title='bbox 245 554 311 596; x_wconf 90' lang='lat'>11.</span> <span class='ocrx_word' id='word_1_56' title='bbox 344 548 642 618; x_wconf 68' lang='lat' dir='ltr'>Hyperqstofis,</span> <span class='ocrx_word' id='word_1_57' title='bbox 674 563 721 593; x_wconf 87' lang='lat' dir='ltr'>ut</span> <span class='ocrx_word' id='word_1_58' title='bbox 756 566 844 595; x_wconf 84' lang='lat' dir='ltr'>vox</span> <span class='ocrx_word' id='word_1_59' title='bbox 877 549 1026 595; x_wconf 72' lang='lat' dir='ltr'>Graece</span> <span class='ocrx_word' id='word_1_60' title='bbox 1055 548 1299 613; x_wconf 83' lang='lat' dir='ltr'>significat,</span> <span class='ocrx_word' id='word_1_61' title='bbox 1330 566 1480 599; x_wconf 88' lang='lat' dir='ltr'>tumor</span> <span class='ocrx_word' id='word_1_62' title='bbox 1509 553 1573 599; x_wconf 84' lang='lat' dir='ltr'>est</span> <span class='ocrx_word' id='word_1_63' title='bbox 1603 552 1758 600; x_wconf 87' lang='lat' dir='ltr'>offium</span> <span class='ocrx_word' id='word_1_64' title='bbox 1795 553 2009 619; x_wconf 82' lang='lat' dir='ltr'>spongio-</span> 
     </span>
    </p>
   </div>
   <div class='ocr_carea' id='block_1_3' title="bbox 181 612 2008 744">
    <p class='ocr_par' dir='ltr' id='par_1_4' title="bbox 181 612 2008 744">
     <span class='ocr_line' id='line_1_8' title="bbox 181 612 2008 684; baseline 0.004 -25"><span class='ocrx_word' id='word_1_65' title='bbox 181 612 329 660; x_wconf 90' lang='lat' dir='ltr'>sorum</span> <span class='ocrx_word' id='word_1_66' title='bbox 346 645 359 664; x_wconf 88' lang='lat'>,</span> <span class='ocrx_word' id='word_1_67' title='bbox 385 629 479 676; x_wconf 65' lang='lat' dir='ltr'>qut-c</span> <span class='ocrx_word' id='word_1_68' title='bbox 502 629 563 657; x_wconf 83' lang='lat' dir='ltr'>ita</span> <span class='ocrx_word' id='word_1_69' title='bbox 586 612 795 659; x_wconf 80' lang='lat' dir='ltr'>inflantur</span> <span class='ocrx_word' id='word_1_70' title='bbox 816 647 828 665; x_wconf 84' lang='lat'>,</span> <span class='ocrx_word' id='word_1_71' title='bbox 852 629 898 658; x_wconf 88' lang='lat' dir='ltr'>ut</span> <span class='ocrx_word' id='word_1_72' title='bbox 920 632 1016 677; x_wconf 85' lang='lat' dir='ltr'>pars</span> <span class='ocrx_word' id='word_1_73' title='bbox 1035 614 1172 660; x_wconf 81' lang='lat' dir='ltr'>altera</span> <span class='ocrx_word' id='word_1_74' title='bbox 1199 616 1382 662; x_wconf 81' lang='lat' dir='ltr'>alteram</span> <span class='ocrx_word' id='word_1_75' title='bbox 1408 635 1504 664; x_wconf 84' lang='lat' dir='ltr'>non</span> <span class='ocrx_word' id='word_1_76' title='bbox 1524 618 1941 684; x_wconf 85' lang='lat' dir='ltr'>superemineat,ut</span> <span class='ocrx_word' id='word_1_77' title='bbox 1959 619 2008 667; x_wconf 88' lang='lat' dir='ltr'>in</span> 
     </span>
     <span class='ocr_line' id='line_1_9' title="bbox 181 675 1352 744; baseline 0.001 -19"><span class='ocrx_word' id='word_1_78' title='bbox 181 675 364 726; x_wconf 77' lang='lat' dir='ltr'>exostosi</span> <span class='ocrx_word' id='word_1_79' title='bbox 381 710 392 728; x_wconf 94' lang='lat'>‚</span> <span class='ocrx_word' id='word_1_80' title='bbox 416 676 491 723; x_wconf 88' lang='lat' dir='ltr'>sed</span> <span class='ocrx_word' id='word_1_81' title='bbox 510 695 662 724; x_wconf 83' lang='lat' dir='ltr'>omnes</span> <span class='ocrx_word' id='word_1_82' title='bbox 690 694 911 723; x_wconf 88' lang='lat' dir='ltr'>tumorem</span> <span class='ocrx_word' id='word_1_83' title='bbox 932 679 1052 740; x_wconf 72' lang='lat' dir='ltr'>aeque</span> <span class='ocrx_word' id='word_1_84' title='bbox 1073 679 1352 744; x_wconf 80' lang='lat' dir='ltr'>participent.</span> 
     </span>
    </p>
   </div>
   <div class='ocr_carea' id='block_1_4' title="bbox 177 741 2014 3261">
    <p class='ocr_par' dir='ltr' id='par_1_5' title="bbox 177 741 2014 1692">
     <span class='ocr_line' id='line_1_10' title="bbox 245 741 2005 811; baseline 0.003 -23"><span class='ocrx_word' id='word_1_85' title='bbox 245 746 305 788; x_wconf 83' lang='lat' dir='ltr'>Ea</span> <span class='ocrx_word' id='word_1_86' title='bbox 330 757 477 788; x_wconf 84' lang='lat' dir='ltr'>autem</span> <span class='ocrx_word' id='word_1_87' title='bbox 505 742 691 788; x_wconf 86' lang='lat' dir='ltr'>tumoris</span> <span class='ocrx_word' id='word_1_88' title='bbox 711 741 873 806; x_wconf 80' lang='lat' dir='ltr'>spec-ies</span> <span class='ocrx_word' id='word_1_89' title='bbox 894 741 1053 788; x_wconf 81' lang='lat' dir='ltr'>oflibus</span> <span class='ocrx_word' id='word_1_90' title='bbox 1073 744 1237 789; x_wconf 85' lang='lat' dir='ltr'>accidit</span> <span class='ocrx_word' id='word_1_91' title='bbox 1261 762 1308 790; x_wconf 88' lang='lat' dir='ltr'>m</span> <span class='ocrx_word' id='word_1_92' title='bbox 1334 746 1406 792; x_wconf 92' lang='lat' dir='ltr'>lue</span> <span class='ocrx_word' id='word_1_93' title='bbox 1428 746 1617 793; x_wconf 58' lang='lat' dir='ltr'>venere&amp;</span> <span class='ocrx_word' id='word_1_94' title='bbox 1649 746 1775 793; x_wconf 67' lang='lat' dir='ltr'>causi</span> <span class='ocrx_word' id='word_1_95' title='bbox 1806 746 2005 811; x_wconf 80' lang='lat' dir='ltr'>triplici3</span> 
     </span>
     <span class='ocr_line' id='line_1_11' title="bbox 187 806 2011 874; baseline 0.004 -23"><span class='ocrx_word' id='word_1_96' title='bbox 187 814 248 852; x_wconf 89' lang='lat'>10.</span> <span class='ocrx_word' id='word_1_97' title='bbox 275 807 394 865; x_wconf 80' lang='lat' dir='ltr'>Quia</span> <span class='ocrx_word' id='word_1_98' title='bbox 419 806 585 852; x_wconf 85' lang='lat' dir='ltr'>cellulae</span> <span class='ocrx_word' id='word_1_99' title='bbox 612 806 734 853; x_wconf 78' lang='lat' dir='ltr'>ofleae</span> <span class='ocrx_word' id='word_1_100' title='bbox 756 806 929 868; x_wconf 79' lang='lat' dir='ltr'>singulae</span> <span class='ocrx_word' id='word_1_101' title='bbox 948 841 959 858; x_wconf 92' lang='lat'>‚</span> <span class='ocrx_word' id='word_1_102' title='bbox 979 807 1140 870; x_wconf 89' lang='lat' dir='ltr'>quibus</span> <span class='ocrx_word' id='word_1_103' title='bbox 1161 807 1250 854; x_wconf 72' lang='lat' dir='ltr'>olla</span> <span class='ocrx_word' id='word_1_104' title='bbox 1271 809 1506 874; x_wconf 82' lang='lat' dir='ltr'>spongiosa</span> <span class='ocrx_word' id='word_1_105' title='bbox 1526 813 1725 857; x_wconf 84' lang='lat' dir='ltr'>constant</span> <span class='ocrx_word' id='word_1_106' title='bbox 1744 846 1755 863; x_wconf 90' lang='lat'>,</span> <span class='ocrx_word' id='word_1_107' title='bbox 1774 811 1798 856; x_wconf 72' lang='lat' dir='ltr'>a</span> <span class='ocrx_word' id='word_1_108' title='bbox 1819 828 2011 858; x_wconf 85' lang='lat' dir='ltr'>conten-</span> 
     </span>
     <span class='ocr_line' id='line_1_12' title="bbox 181 869 2011 939; baseline 0.004 -23"><span class='ocrx_word' id='word_1_109' title='bbox 181 871 236 917; x_wconf 88' lang='lat' dir='ltr'>tis</span> <span class='ocrx_word' id='word_1_110' title='bbox 257 870 407 917; x_wconf 87' lang='lat' dir='ltr'>floccis</span> <span class='ocrx_word' id='word_1_111' title='bbox 433 870 687 917; x_wconf 86' lang='lat' dir='ltr'>medullaris</span> <span class='ocrx_word' id='word_1_112' title='bbox 707 869 948 916; x_wconf 75' lang='lat' dir='ltr'>substamiae</span> <span class='ocrx_word' id='word_1_113' title='bbox 963 905 974 922; x_wconf 92' lang='lat'>,</span> <span class='ocrx_word' id='word_1_114' title='bbox 1008 874 1232 935; x_wconf 82' lang='lat' dir='ltr'>stagnante</span> <span class='ocrx_word' id='word_1_115' title='bbox 1253 872 1382 920; x_wconf 90' lang='lat' dir='ltr'>succo</span> <span class='ocrx_word' id='word_1_116' title='bbox 1403 874 1635 921; x_wconf 87' lang='lat' dir='ltr'>medullari</span> <span class='ocrx_word' id='word_1_117' title='bbox 1659 873 1852 939; x_wconf 84' lang='lat' dir='ltr'>spiffiore</span> <span class='ocrx_word' id='word_1_118' title='bbox 1872 882 1917 923; x_wconf 71' lang='grc' dir='ltr'>δε</span> <span class='ocrx_word' id='word_1_119' title='bbox 1939 877 2011 923; x_wconf 74' lang='lat' dir='ltr'>vi-</span> 
     </span>
     <span class='ocr_line' id='line_1_13' title="bbox 178 934 2008 1002; baseline 0.004 -22"><span class='ocrx_word' id='word_1_120' title='bbox 178 936 354 983; x_wconf 85' lang='lat' dir='ltr'>rulento</span> <span class='ocrx_word' id='word_1_121' title='bbox 387 934 575 981; x_wconf 72' lang='lat' dir='ltr'>nimium</span> <span class='ocrx_word' id='word_1_122' title='bbox 605 935 909 998; x_wconf 75' lang='lat' dir='ltr'>tui·gentibuS‚</span> <span class='ocrx_word' id='word_1_123' title='bbox 929 935 1178 982; x_wconf 81' lang='lat' dir='ltr'>extrorsum</span> <span class='ocrx_word' id='word_1_124' title='bbox 1210 937 1447 1002; x_wconf 69' lang='lat' dir='ltr'>impensius</span> <span class='ocrx_word' id='word_1_125' title='bbox 1474 939 1711 986; x_wconf 88' lang='lat' dir='ltr'>dilatantur</span> <span class='ocrx_word' id='word_1_126' title='bbox 1745 960 1755 986; x_wconf 89' lang='lat'>:</span> <span class='ocrx_word' id='word_1_127' title='bbox 1793 949 1855 986; x_wconf 85' lang='lat'>2⁰.</span> <span class='ocrx_word' id='word_1_128' title='bbox 1887 942 2008 998; x_wconf 77' lang='lat' dir='ltr'>Quia</span> 
     </span>
     <span class='ocr_line' id='line_1_14' title="bbox 179 999 2008 1064; baseline 0.004 -19"><span class='ocrx_word' id='word_1_129' title='bbox 179 1000 346 1046; x_wconf 87' lang='lat' dir='ltr'>cellulae</span> <span class='ocrx_word' id='word_1_130' title='bbox 368 999 559 1064; x_wconf 77' lang='lat' dir='ltr'>ipsaemet</span> <span class='ocrx_word' id='word_1_131' title='bbox 576 1000 629 1046; x_wconf 82' lang='lat' dir='ltr'>ab</span> <span class='ocrx_word' id='word_1_132' title='bbox 649 1000 854 1045; x_wconf 82' lang='lat' dir='ltr'>instillato</span> <span class='ocrx_word' id='word_1_133' title='bbox 873 1000 1045 1047; x_wconf 79' lang='lat' dir='ltr'>acriore</span> <span class='ocrx_word' id='word_1_134' title='bbox 1064 1004 1195 1047; x_wconf 87' lang='lat' dir='ltr'>succo</span> <span class='ocrx_word' id='word_1_135' title='bbox 1215 1003 1448 1049; x_wconf 84' lang='lat' dir='ltr'>medullari</span> <span class='ocrx_word' id='word_1_136' title='bbox 1469 1002 1736 1051; x_wconf 62' lang='lat' dir='ltr'>semi-exesse</span> <span class='ocrx_word' id='word_1_137' title='bbox 1757 1007 2008 1053; x_wconf 83' lang='lat' dir='ltr'>nutrimen-</span> 
     </span>
     <span class='ocr_line' id='line_1_15' title="bbox 180 1063 2013 1130; baseline 0.004 -21"><span class='ocrx_word' id='word_1_138' title='bbox 180 1080 228 1110; x_wconf 88' lang='lat' dir='ltr'>to</span> <span class='ocrx_word' id='word_1_139' title='bbox 246 1098 257 1117; x_wconf 91' lang='lat'>‚</span> <span class='ocrx_word' id='word_1_140' title='bbox 278 1065 399 1128; x_wconf 89' lang='lat' dir='ltr'>quod</span> <span class='ocrx_word' id='word_1_141' title='bbox 422 1065 595 1110; x_wconf 82' lang='lat' dir='ltr'>accedit</span> <span class='ocrx_word' id='word_1_142' title='bbox 610 1099 622 1117; x_wconf 90' lang='lat'>,</span> <span class='ocrx_word' id='word_1_143' title='bbox 641 1063 809 1110; x_wconf 73' lang='lat' dir='ltr'>facilius</span> <span class='ocrx_word' id='word_1_144' title='bbox 830 1064 934 1110; x_wconf 85' lang='lat' dir='ltr'>inde</span> <span class='ocrx_word' id='word_1_145' title='bbox 956 1065 1120 1110; x_wconf 86' lang='lat' dir='ltr'>cedunt</span> <span class='ocrx_word' id='word_1_146' title='bbox 1134 1099 1145 1117; x_wconf 92' lang='lat'>‚</span> <span class='ocrx_word' id='word_1_147' title='bbox 1165 1067 1368 1130; x_wconf 85' lang='lat' dir='ltr'>adeoque</span> <span class='ocrx_word' id='word_1_148' title='bbox 1390 1066 1435 1112; x_wconf 87' lang='lat' dir='ltr'>in</span> <span class='ocrx_word' id='word_1_149' title='bbox 1454 1067 1703 1115; x_wconf 78' lang='lat' dir='ltr'>craffiorem</span> <span class='ocrx_word' id='word_1_150' title='bbox 1724 1070 1890 1116; x_wconf 88' lang='lat' dir='ltr'>molem</span> <span class='ocrx_word' id='word_1_151' title='bbox 1909 1070 2013 1117; x_wconf 89' lang='lat' dir='ltr'>sen-</span> 
     </span>
     <span class='ocr_line' id='line_1_16' title="bbox 179 1128 2014 1195; baseline 0.004 -21"><span class='ocrx_word' id='word_1_152' title='bbox 179 1128 258 1175; x_wconf 83' lang='lat' dir='ltr'>fim</span> <span class='ocrx_word' id='word_1_153' title='bbox 284 1128 539 1176; x_wconf 86' lang='lat' dir='ltr'>accrescunt</span> <span class='ocrx_word' id='word_1_154' title='bbox 560 1147 570 1173; x_wconf 87' lang='lat'>:</span> <span class='ocrx_word' id='word_1_155' title='bbox 602 1137 662 1189; x_wconf 79' lang='lat'>3⁰.</span> <span class='ocrx_word' id='word_1_156' title='bbox 695 1128 890 1174; x_wconf 73' lang='lat' dir='ltr'>Demum</span> <span class='ocrx_word' id='word_1_157' title='bbox 908 1129 1012 1191; x_wconf 84' lang='lat' dir='ltr'>quia</span> <span class='ocrx_word' id='word_1_158' title='bbox 1030 1129 1290 1177; x_wconf 86' lang='lat' dir='ltr'>simultaneo</span> <span class='ocrx_word' id='word_1_159' title='bbox 1313 1131 1540 1195; x_wconf 87' lang='lat' dir='ltr'>utriusque</span> <span class='ocrx_word' id='word_1_160' title='bbox 1588 1134 1715 1178; x_wconf 88' lang='lat' dir='ltr'>rioris</span> <span class='ocrx_word' id='word_1_161' title='bbox 1735 1135 1868 1181; x_wconf 85' lang='lat' dir='ltr'>causae</span> <span class='ocrx_word' id='word_1_162' title='bbox 1895 1152 2014 1181; x_wconf 78' lang='lat' dir='ltr'>con-</span> 
     </span>
     <span class='ocr_line' id='line_1_17' title="bbox 181 1151 2010 1254; baseline 0.004 -15"><span class='ocrx_word' id='word_1_163' title='bbox 181 1193 307 1240; x_wconf 87' lang='lat' dir='ltr'>cursu</span> <span class='ocrx_word' id='word_1_164' title='bbox 334 1194 502 1240; x_wconf 87' lang='lat' dir='ltr'>cellulae</span> <span class='ocrx_word' id='word_1_165' title='bbox 530 1193 653 1239; x_wconf 79' lang='lat' dir='ltr'>osseae</span> <span class='ocrx_word' id='word_1_166' title='bbox 674 1193 696 1238; x_wconf 69' lang='grc' dir='ltr'>ὰ</span> <span class='ocrx_word' id='word_1_167' title='bbox 717 1192 1071 1254; x_wconf 77' lang='lat' dir='ltr'>turgescentibus</span> <span class='ocrx_word' id='word_1_168' title='bbox 1097 1193 1248 1240; x_wconf 86' lang='lat' dir='ltr'>floccis</span> <span class='ocrx_word' id='word_1_169' title='bbox 1269 1196 1520 1242; x_wconf 81' lang='lat' dir='ltr'>medullaris</span> <span class='ocrx_word' id='word_1_170' title='bbox 1549 1151 1790 1243; x_wconf 55' lang='lat' dir='ltr'>(fiibstantiae</span> <span class='ocrx_word' id='word_1_171' title='bbox 1818 1200 1864 1245; x_wconf 89' lang='lat' dir='ltr'>vi</span> <span class='ocrx_word' id='word_1_172' title='bbox 1895 1199 2010 1246; x_wconf 85' lang='lat' dir='ltr'>dila-</span> 
     </span>
     <span class='ocr_line' id='line_1_18' title="bbox 181 1256 2011 1310; baseline 0.003 -6"><span class='ocrx_word' id='word_1_173' title='bbox 181 1274 356 1310; x_wconf 85' lang='lat' dir='ltr'>tantur,</span> <span class='ocrx_word' id='word_1_174' title='bbox 384 1264 430 1304; x_wconf 84' lang='lat'>&amp;</span> <span class='ocrx_word' id='word_1_175' title='bbox 457 1258 512 1303; x_wconf 83' lang='lat' dir='ltr'>ab</span> <span class='ocrx_word' id='word_1_176' title='bbox 535 1258 705 1304; x_wconf 81' lang='lat' dir='ltr'>acriore</span> <span class='ocrx_word' id='word_1_177' title='bbox 730 1256 859 1303; x_wconf 88' lang='lat' dir='ltr'>succo</span> <span class='ocrx_word' id='word_1_178' title='bbox 889 1258 1124 1304; x_wconf 86' lang='lat' dir='ltr'>medullari</span> <span class='ocrx_word' id='word_1_179' title='bbox 1146 1259 1354 1305; x_wconf 80' lang='lat' dir='ltr'>emollitae</span> <span class='ocrx_word' id='word_1_180' title='bbox 1382 1260 1560 1307; x_wconf 73' lang='lat' dir='ltr'>uberius</span> <span class='ocrx_word' id='word_1_181' title='bbox 1580 1261 1704 1308; x_wconf 84' lang='lat' dir='ltr'>simul</span> <span class='ocrx_word' id='word_1_182' title='bbox 1737 1264 2011 1310; x_wconf 82' lang='lat' dir='ltr'>nutriuntur.</span> 
     </span>
     <span class='ocr_line' id='line_1_19' title="bbox 180 1322 2009 1391; baseline 0.003 -22"><span class='ocrx_word' id='word_1_183' title='bbox 180 1327 231 1369; x_wconf 88' lang='lat' dir='ltr'>In</span> <span class='ocrx_word' id='word_1_184' title='bbox 252 1323 398 1386; x_wconf 88' lang='lat' dir='ltr'>primo</span> <span class='ocrx_word' id='word_1_185' title='bbox 418 1322 516 1368; x_wconf 86' lang='lat' dir='ltr'>casu</span> <span class='ocrx_word' id='word_1_186' title='bbox 534 1323 651 1368; x_wconf 81' lang='lat' dir='ltr'>mole</span> <span class='ocrx_word' id='word_1_187' title='bbox 674 1339 889 1385; x_wconf 77' lang='lat' dir='ltr'>augentur</span> <span class='ocrx_word' id='word_1_188' title='bbox 909 1323 1163 1370; x_wconf 82' lang='lat' dir='ltr'>medullaris</span> <span class='ocrx_word' id='word_1_189' title='bbox 1187 1323 1428 1370; x_wconf 64' lang='lat' dir='ltr'>substantiae</span> <span class='ocrx_word' id='word_1_190' title='bbox 1450 1325 1610 1378; x_wconf 86' lang='lat' dir='ltr'>flocci,</span> <span class='ocrx_word' id='word_1_191' title='bbox 1629 1332 1674 1372; x_wconf 71' lang='grc' dir='ltr'>δε</span> <span class='ocrx_word' id='word_1_192' title='bbox 1695 1326 1801 1373; x_wconf 86' lang='lat' dir='ltr'>ideo</span> <span class='ocrx_word' id='word_1_193' title='bbox 1822 1328 2009 1391; x_wconf 89' lang='lat' dir='ltr'>quidem</span> 
     </span>
     <span class='ocr_line' id='line_1_20' title="bbox 180 1387 2010 1452; baseline 0.003 -20"><span class='ocrx_word' id='word_1_194' title='bbox 180 1387 346 1434; x_wconf 84' lang='lat' dir='ltr'>cellulae</span> <span class='ocrx_word' id='word_1_195' title='bbox 372 1387 636 1452; x_wconf 83' lang='lat' dir='ltr'>ampliantur</span> <span class='ocrx_word' id='word_1_196' title='bbox 653 1421 664 1438; x_wconf 82' lang='lat'>‚</span> <span class='ocrx_word' id='word_1_197' title='bbox 686 1387 873 1451; x_wconf 86' lang='lat' dir='ltr'>parietes</span> <span class='ocrx_word' id='word_1_198' title='bbox 891 1387 997 1434; x_wconf 71' lang='lat' dir='ltr'>ver-o</span> <span class='ocrx_word' id='word_1_199' title='bbox 1017 1387 1272 1435; x_wconf 79' lang='lat' dir='ltr'>cellularum</span> <span class='ocrx_word' id='word_1_200' title='bbox 1290 1389 1499 1436; x_wconf 79' lang='lat' dir='ltr'>exiliores</span> <span class='ocrx_word' id='word_1_201' title='bbox 1527 1390 1653 1436; x_wconf 84' lang='lat' dir='ltr'>fiunt.</span> <span class='ocrx_word' id='word_1_202' title='bbox 1681 1395 1732 1436; x_wconf 91' lang='lat' dir='ltr'>In</span> <span class='ocrx_word' id='word_1_203' title='bbox 1760 1391 1898 1438; x_wconf 87' lang='lat' dir='ltr'>altero</span> <span class='ocrx_word' id='word_1_204' title='bbox 1925 1410 2010 1438; x_wconf 85' lang='lat' dir='ltr'>ne-</span> 
     </span>
     <span class='ocr_line' id='line_1_21' title="bbox 177 1451 2012 1520; baseline 0.004 -24"><span class='ocrx_word' id='word_1_205' title='bbox 177 1469 265 1515; x_wconf 87' lang='lat' dir='ltr'>que</span> <span class='ocrx_word' id='word_1_206' title='bbox 286 1452 449 1498; x_wconf 82' lang='lat' dir='ltr'>cellulae</span> <span class='ocrx_word' id='word_1_207' title='bbox 477 1469 625 1515; x_wconf 83' lang='lat' dir='ltr'>neque</span> <span class='ocrx_word' id='word_1_208' title='bbox 647 1451 779 1498; x_wconf 82' lang='lat' dir='ltr'>flocci</span> <span class='ocrx_word' id='word_1_209' title='bbox 797 1457 985 1515; x_wconf 80' lang='lat' dir='ltr'>majores</span> <span class='ocrx_word' id='word_1_210' title='bbox 1004 1452 1115 1498; x_wconf 86' lang='lat' dir='ltr'>fiunt</span> <span class='ocrx_word' id='word_1_211' title='bbox 1134 1486 1145 1504; x_wconf 85' lang='lat'>‚</span> <span class='ocrx_word' id='word_1_212' title='bbox 1168 1452 1243 1500; x_wconf 90' lang='lat' dir='ltr'>sed</span> <span class='ocrx_word' id='word_1_213' title='bbox 1264 1454 1521 1500; x_wconf 83' lang='lat' dir='ltr'>cellularum</span> <span class='ocrx_word' id='word_1_214' title='bbox 1543 1455 1731 1520; x_wconf 88' lang='lat' dir='ltr'>parietes</span> <span class='ocrx_word' id='word_1_215' title='bbox 1748 1455 1794 1500; x_wconf 88' lang='lat' dir='ltr'>in</span> <span class='ocrx_word' id='word_1_216' title='bbox 1812 1455 2012 1504; x_wconf 82' lang='lat' dir='ltr'>craffitu-</span> 
     </span>
     <span class='ocr_line' id='line_1_22' title="bbox 179 1516 2011 1584; baseline 0.003 -22"><span class='ocrx_word' id='word_1_217' title='bbox 179 1518 334 1563; x_wconf 83' lang='lat' dir='ltr'>dinem</span> <span class='ocrx_word' id='word_1_218' title='bbox 355 1521 570 1578; x_wconf 85' lang='lat' dir='ltr'>majorem</span> <span class='ocrx_word' id='word_1_219' title='bbox 590 1516 862 1562; x_wconf 79' lang='lat' dir='ltr'>excrescunt.</span> <span class='ocrx_word' id='word_1_220' title='bbox 895 1516 1157 1569; x_wconf 63' lang='lat' dir='ltr'>Demsunjn</span> <span class='ocrx_word' id='word_1_221' title='bbox 1185 1518 1320 1564; x_wconf 91' lang='lat' dir='ltr'>tertio</span> <span class='ocrx_word' id='word_1_222' title='bbox 1339 1553 1350 1570; x_wconf 90' lang='lat'>,</span> <span class='ocrx_word' id='word_1_223' title='bbox 1367 1520 1444 1582; x_wconf 87' lang='lat' dir='ltr'>qui</span> <span class='ocrx_word' id='word_1_224' title='bbox 1464 1519 1834 1584; x_wconf 87' lang='lat' dir='ltr'>frequentiffimus</span> <span class='ocrx_word' id='word_1_225' title='bbox 1851 1540 2011 1568; x_wconf 71' lang='lat' dir='ltr'>occur-⁴</span> 
     </span>
     <span class='ocr_line' id='line_1_23' title="bbox 181 1580 2013 1652; baseline 0.004 -26"><span class='ocrx_word' id='word_1_226' title='bbox 181 1581 240 1626; x_wconf 82' lang='lat' dir='ltr'>rit</span> <span class='ocrx_word' id='word_1_227' title='bbox 257 1614 268 1633; x_wconf 84' lang='lat'>‚</span> <span class='ocrx_word' id='word_1_228' title='bbox 296 1581 388 1647; x_wconf 89' lang='lat' dir='ltr'>pari</span> <span class='ocrx_word' id='word_1_229' title='bbox 408 1581 523 1645; x_wconf 67' lang='lat' dir='ltr'>passu</span> <span class='ocrx_word' id='word_1_230' title='bbox 545 1580 676 1626; x_wconf 86' lang='lat' dir='ltr'>flocci</span> <span class='ocrx_word' id='word_1_231' title='bbox 701 1581 820 1627; x_wconf 88' lang='lat' dir='ltr'>mole</span> <span class='ocrx_word' id='word_1_232' title='bbox 848 1582 1049 1628; x_wconf 86' lang='lat' dir='ltr'>crescunt</span> <span class='ocrx_word' id='word_1_233' title='bbox 1066 1615 1077 1634; x_wconf 85' lang='lat'>‚</span> <span class='ocrx_word' id='word_1_234' title='bbox 1107 1583 1373 1647; x_wconf 79' lang='lat' dir='ltr'>ampliantur</span> <span class='ocrx_word' id='word_1_235' title='bbox 1397 1584 1563 1630; x_wconf 81' lang='lat' dir='ltr'>cellulae</span> <span class='ocrx_word' id='word_1_236' title='bbox 1590 1590 1635 1631; x_wconf 74' lang='grc' dir='ltr'>δε</span> <span class='ocrx_word' id='word_1_237' title='bbox 1656 1584 1915 1633; x_wconf 85' lang='lat' dir='ltr'>cellularum</span> <span class='ocrx_word' id='word_1_238' title='bbox 1930 1605 2013 1652; x_wconf 83' lang='lat' dir='ltr'>pa·</span> 
     </span>
     <span class='ocr_line' id='line_1_24' title="bbox 183 1644 609 1692; baseline -0.005 0"><span class='ocrx_word' id='word_1_239' title='bbox 183 1646 314 1692; x_wconf 85' lang='lat' dir='ltr'>rietes</span> <span class='ocrx_word' id='word_1_240' title='bbox 334 1644 609 1692; x_wconf 78' lang='lat' dir='ltr'>crassescunt.</span> 
     </span>
    </p>

    <p class='ocr_par' dir='ltr' id='par_1_6' title="bbox 182 1707 2010 1904">
     <span class='ocr_line' id='line_1_25' title="bbox 245 1707 2010 1778; baseline 0.002 -22"><span class='ocrx_word' id='word_1_241' title='bbox 245 1710 365 1756; x_wconf 88' lang='lat' dir='ltr'>Hinc</span> <span class='ocrx_word' id='word_1_242' title='bbox 395 1727 503 1773; x_wconf 80' lang='lat' dir='ltr'>ergo</span> <span class='ocrx_word' id='word_1_243' title='bbox 528 1707 725 1773; x_wconf 79' lang='lat' dir='ltr'>sequitur</span> <span class='ocrx_word' id='word_1_244' title='bbox 751 1718 812 1756; x_wconf 87' lang='lat'>1⁰.</span> <span class='ocrx_word' id='word_1_245' title='bbox 843 1709 1004 1773; x_wconf 82' lang='lat' dir='ltr'>Capita</span> <span class='ocrx_word' id='word_1_246' title='bbox 1030 1709 1184 1756; x_wconf 85' lang='lat' dir='ltr'>ossium</span> <span class='ocrx_word' id='word_1_247' title='bbox 1203 1744 1214 1762; x_wconf 91' lang='lat'>‚</span> <span class='ocrx_word' id='word_1_248' title='bbox 1235 1710 1394 1773; x_wconf 87' lang='lat' dir='ltr'>quibus</span> <span class='ocrx_word' id='word_1_249' title='bbox 1415 1711 1589 1758; x_wconf 88' lang='lat' dir='ltr'>articuli</span> <span class='ocrx_word' id='word_1_250' title='bbox 1610 1714 1836 1766; x_wconf 84' lang='lat' dir='ltr'>constant,</span> <span class='ocrx_word' id='word_1_251' title='bbox 1865 1713 2010 1778; x_wconf 83' lang='lat' dir='ltr'>hype-&#39;</span> 
     </span>
     <span class='ocr_line' id='line_1_26' title="bbox 183 1774 2009 1841; baseline 0.002 -19"><span class='ocrx_word' id='word_1_252' title='bbox 183 1775 334 1822; x_wconf 82' lang='lat' dir='ltr'>rostofi</span> <span class='ocrx_word' id='word_1_253' title='bbox 371 1774 670 1839; x_wconf 76' lang='lat' dir='ltr'>saepenumerb</span> <span class='ocrx_word' id='word_1_254' title='bbox 691 1775 752 1820; x_wconf 65' lang='lat' dir='ltr'>zin</span> <span class='ocrx_word' id='word_1_255' title='bbox 787 1776 860 1821; x_wconf 92' lang='lat' dir='ltr'>lue</span> <span class='ocrx_word' id='word_1_256' title='bbox 894 1775 1083 1821; x_wconf 67' lang='lat' dir='ltr'>venerea</span> <span class='ocrx_word' id='word_1_257' title='bbox 1111 1774 1441 1821; x_wconf 79' lang='lat' dir='ltr'>tumefacienda</span> <span class='ocrx_word' id='word_1_258' title='bbox 1472 1776 1556 1824; x_wconf 82' lang='lat' dir='ltr'>effe</span> <span class='ocrx_word' id='word_1_259' title='bbox 1574 1811 1586 1829; x_wconf 93' lang='lat'>,</span> <span class='ocrx_word' id='word_1_260' title='bbox 1613 1777 1828 1841; x_wconf 87' lang='lat' dir='ltr'>quoniam</span> <span class='ocrx_word' id='word_1_261' title='bbox 1853 1778 2009 1828; x_wconf 84' lang='lat' dir='ltr'>ossium</span> 
     </span>
     <span class='ocr_line' id='line_1_27' title="bbox 182 1837 1771 1904; baseline -0.002 -17"><span class='ocrx_word' id='word_1_262' title='bbox 182 1840 327 1904; x_wconf 83' lang='lat' dir='ltr'>capita</span> <span class='ocrx_word' id='word_1_263' title='bbox 345 1840 495 1885; x_wconf 86' lang='lat' dir='ltr'>omnia</span> <span class='ocrx_word' id='word_1_264' title='bbox 523 1838 620 1884; x_wconf 86' lang='lat' dir='ltr'>sunt</span> <span class='ocrx_word' id='word_1_265' title='bbox 644 1840 667 1884; x_wconf 79' lang='grc' dir='ltr'>ὲ</span> <span class='ocrx_word' id='word_1_266' title='bbox 690 1856 855 1901; x_wconf 78' lang='lat' dir='ltr'>genere</span> <span class='ocrx_word' id='word_1_267' title='bbox 881 1837 1034 1884; x_wconf 80' lang='lat' dir='ltr'>ossium</span> <span class='ocrx_word' id='word_1_268' title='bbox 1065 1838 1090 1882; x_wconf 87' lang='lat' dir='ltr'>s</span> <span class='ocrx_word' id='word_1_269' title='bbox 1112 1840 1416 1902; x_wconf 84' lang='lat' dir='ltr'>ongiosorum.</span> <span class='ocrx_word' id='word_1_270' title='bbox 1767 1848 1771 1851; x_wconf 78' lang='grc'><strong>“</strong></span> 
     </span>
    </p>

    <p class='ocr_par' dir='ltr' id='par_1_7' title="bbox 181 1901 2014 2473">
     <span class='ocr_line' id='line_1_28' title="bbox 253 1901 2011 1967; baseline 0.002 -18"><span class='ocrx_word' id='word_1_271' title='bbox 253 1913 310 1949; x_wconf 82' lang='lat'>20.</span> <span class='ocrx_word' id='word_1_272' title='bbox 333 1909 450 1949; x_wconf 86' lang='lat' dir='ltr'>Inter</span> <span class='ocrx_word' id='word_1_273' title='bbox 475 1918 628 1949; x_wconf 59' lang='lat' dir='ltr'>attera</span> <span class='ocrx_word' id='word_1_274' title='bbox 651 1904 740 1949; x_wconf 80' lang='lat' dir='ltr'>offa</span> <span class='ocrx_word' id='word_1_275' title='bbox 769 1901 1003 1967; x_wconf 63' lang='lat' dir='ltr'>spongiosa</span> <span class='ocrx_word' id='word_1_276' title='bbox 1019 1909 1062 1949; x_wconf 73' lang='lat' dir='ltr'>oi</span> <span class='ocrx_word' id='word_1_277' title='bbox 1083 1921 1231 1949; x_wconf 86' lang='lat' dir='ltr'>iumve</span> <span class='ocrx_word' id='word_1_278' title='bbox 1249 1904 1391 1967; x_wconf 81' lang='lat' dir='ltr'>capita</span> <span class='ocrx_word' id='word_1_279' title='bbox 1413 1937 1425 1956; x_wconf 86' lang='grc'>,</span> <span class='ocrx_word' id='word_1_280' title='bbox 1444 1919 1540 1950; x_wconf 89' lang='lat' dir='ltr'>tum</span> <span class='ocrx_word' id='word_1_281' title='bbox 1559 1920 1611 1950; x_wconf 89' lang='lat' dir='ltr'>ea</span> <span class='ocrx_word' id='word_1_282' title='bbox 1631 1904 1899 1967; x_wconf 83' lang='lat' dir='ltr'>hyperostosi</span> <span class='ocrx_word' id='word_1_283' title='bbox 1917 1924 2011 1952; x_wconf 81' lang='lat' dir='ltr'>ma·</span> 
     </span>
     <span class='ocr_line' id='line_1_29' title="bbox 184 1967 2010 2033; baseline 0.001 -19"><span class='ocrx_word' id='word_1_284' title='bbox 184 1968 302 2015; x_wconf 67' lang='lat' dir='ltr'>»xime</span> <span class='ocrx_word' id='word_1_285' title='bbox 335 1968 533 2014; x_wconf 70' lang='lat' dir='ltr'>obnoxia</span> <span class='ocrx_word' id='word_1_286' title='bbox 568 1968 652 2014; x_wconf 77' lang='lat' dir='ltr'>effe</span> <span class='ocrx_word' id='word_1_287' title='bbox 673 2002 686 2021; x_wconf 87' lang='grc'>,</span> <span class='ocrx_word' id='word_1_288' title='bbox 713 1986 806 2032; x_wconf 81' lang='lat' dir='ltr'>quae</span> <span class='ocrx_word' id='word_1_289' title='bbox 835 1985 967 2013; x_wconf 82' lang='lat' dir='ltr'>carne</span> <span class='ocrx_word' id='word_1_290' title='bbox 1002 1967 1252 2032; x_wconf 63' lang='lat' dir='ltr'>paucissima</span> <span class='ocrx_word' id='word_1_291' title='bbox 1286 1971 1488 2014; x_wconf 61' lang='lat' dir='ltr'>contecta</span> <span class='ocrx_word' id='word_1_292' title='bbox 1518 1968 1717 2015; x_wconf 73' lang='lat' dir='ltr'>citissime</span> <span class='ocrx_word' id='word_1_293' title='bbox 1745 1969 1976 2033; x_wconf 84' lang='lat' dir='ltr'>frigefiunt</span> <span class='ocrx_word' id='word_1_294' title='bbox 1996 2004 2010 2024; x_wconf 87' lang='lat'>,</span> 
     </span>
     <span class='ocr_line' id='line_1_30' title="bbox 181 2031 2011 2097; baseline 0.001 -18"><span class='ocrx_word' id='word_1_295' title='bbox 181 2049 230 2080; x_wconf 88' lang='lat' dir='ltr'>ut</span> <span class='ocrx_word' id='word_1_296' title='bbox 255 2033 477 2079; x_wconf 72' lang='lat' dir='ltr'>claviculae</span> <span class='ocrx_word' id='word_1_297' title='bbox 494 2067 505 2086; x_wconf 86' lang='grc'>,</span> <span class='ocrx_word' id='word_1_298' title='bbox 526 2034 647 2078; x_wconf 84' lang='lat' dir='ltr'>costae</span> <span class='ocrx_word' id='word_1_299' title='bbox 668 2066 680 2085; x_wconf 87' lang='lat'>,</span> <span class='ocrx_word' id='word_1_300' title='bbox 700 2032 966 2079; x_wconf 83' lang='lat' dir='ltr'>coxendices</span> <span class='ocrx_word' id='word_1_301' title='bbox 981 2066 993 2084; x_wconf 87' lang='lat'>,</span> <span class='ocrx_word' id='word_1_302' title='bbox 1033 2038 1076 2078; x_wconf 69' lang='grc' dir='ltr'>ὃς</span> <span class='ocrx_word' id='word_1_303' title='bbox 1095 2031 1184 2077; x_wconf 86' lang='lat' dir='ltr'>offa</span> <span class='ocrx_word' id='word_1_304' title='bbox 1201 2050 1294 2095; x_wconf 86' lang='lat' dir='ltr'>quae</span> <span class='ocrx_word' id='word_1_305' title='bbox 1315 2032 1480 2097; x_wconf 85' lang='lat' dir='ltr'>pedum</span> <span class='ocrx_word' id='word_1_306' title='bbox 1497 2064 1528 2093; x_wconf 32' lang='grc' dir='ltr'>,ἡ</span> <span class='ocrx_word' id='word_1_307' title='bbox 1547 2050 1742 2097; x_wconf 84' lang='lat' dir='ltr'>genuum</span> <span class='ocrx_word' id='word_1_308' title='bbox 1761 2069 1773 2087; x_wconf 91' lang='lat'>‚</span> <span class='ocrx_word' id='word_1_309' title='bbox 1804 2036 2011 2082; x_wconf 87' lang='lat' dir='ltr'>ulnarum</span> 
     </span>
     <span class='ocr_line' id='line_1_31' title="bbox 185 2098 2011 2161; baseline 0.002 -17"><span class='ocrx_word' id='word_1_310' title='bbox 185 2103 273 2144; x_wconf 56' lang='lat' dir='ltr'>&amp;a</span> <span class='ocrx_word' id='word_1_311' title='bbox 294 2098 503 2144; x_wconf 87' lang='lat' dir='ltr'>articulos</span> <span class='ocrx_word' id='word_1_312' title='bbox 531 2098 799 2144; x_wconf 82' lang='lat' dir='ltr'>constituunt</span> <span class='ocrx_word' id='word_1_313' title='bbox 816 2131 828 2150; x_wconf 88' lang='lat'><em>,</em></span> <span class='ocrx_word' id='word_1_314' title='bbox 853 2113 947 2143; x_wconf 86' lang='lat' dir='ltr'>tum</span> <span class='ocrx_word' id='word_1_315' title='bbox 966 2114 1018 2144; x_wconf 87' lang='lat' dir='ltr'>ea</span> <span class='ocrx_word' id='word_1_316' title='bbox 1045 2115 1238 2161; x_wconf 81' lang='lat' dir='ltr'>quorum</span> <span class='ocrx_word' id='word_1_317' title='bbox 1260 2113 1433 2144; x_wconf 84' lang='lat' dir='ltr'>textura</span> <span class='ocrx_word' id='word_1_318' title='bbox 1461 2098 1549 2144; x_wconf 65' lang='lat' dir='ltr'>istu</span> <span class='ocrx_word' id='word_1_319' title='bbox 1564 2132 1578 2151; x_wconf 85' lang='lat'>‚</span> <span class='ocrx_word' id='word_1_320' title='bbox 1601 2098 1702 2144; x_wconf 88' lang='lat' dir='ltr'>casu</span> <span class='ocrx_word' id='word_1_321' title='bbox 1717 2134 1726 2150; x_wconf 94' lang='lat'>,</span> <span class='ocrx_word' id='word_1_322' title='bbox 1751 2099 2011 2148; x_wconf 82' lang='lat' dir='ltr'>contufione</span> 
     </span>
     <span class='ocr_line' id='line_1_32' title="bbox 182 2162 533 2210; baseline -0.006 0"><span class='ocrx_word' id='word_1_323' title='bbox 182 2163 413 2210; x_wconf 84' lang='lat' dir='ltr'>debilitata</span> <span class='ocrx_word' id='word_1_324' title='bbox 434 2162 533 2209; x_wconf 78' lang='lat' dir='ltr'>fuir.⁰</span> 
     </span>
     <span class='ocr_line' id='line_1_33' title="bbox 188 2225 2012 2293; baseline 0.002 -21"><span class='ocrx_word' id='word_1_325' title='bbox 188 2252 191 2255; x_wconf 47' lang='lat'><strong>⁴</strong></span> <span class='ocrx_word' id='word_1_326' title='bbox 250 2237 311 2289; x_wconf 83' lang='lat'>3⁰.</span> <span class='ocrx_word' id='word_1_327' title='bbox 351 2228 462 2274; x_wconf 74' lang='lat' dir='ltr'>Ossa</span> <span class='ocrx_word' id='word_1_328' title='bbox 500 2226 735 2293; x_wconf 76' lang='lat' dir='ltr'>spongiosa</span> <span class='ocrx_word' id='word_1_329' title='bbox 767 2227 980 2274; x_wconf 80' lang='lat' dir='ltr'>osiiumve</span> <span class='ocrx_word' id='word_1_330' title='bbox 1020 2226 1163 2291; x_wconf 73' lang='lat' dir='ltr'>capita</span> <span class='ocrx_word' id='word_1_331' title='bbox 1193 2225 1462 2290; x_wconf 82' lang='lat' dir='ltr'>hyperostofi</span> <span class='ocrx_word' id='word_1_332' title='bbox 1495 2225 1712 2273; x_wconf 87' lang='lat' dir='ltr'>tumefieri</span> <span class='ocrx_word' id='word_1_333' title='bbox 1740 2245 1833 2274; x_wconf 88' lang='lat' dir='ltr'>non</span> <span class='ocrx_word' id='word_1_334' title='bbox 1862 2229 2012 2293; x_wconf 73' lang='lat' dir='ltr'>posse,</span> 
     </span>
     <span class='ocr_line' id='line_1_34' title="bbox 183 2291 2011 2357; baseline 0.001 -19"><span class='ocrx_word' id='word_1_335' title='bbox 183 2293 292 2357; x_wconf 87' lang='lat' dir='ltr'>quin</span> <span class='ocrx_word' id='word_1_336' title='bbox 308 2293 560 2356; x_wconf 79' lang='lat' dir='ltr'>periostium</span> <span class='ocrx_word' id='word_1_337' title='bbox 577 2327 589 2345; x_wconf 88' lang='lat'>,</span> <span class='ocrx_word' id='word_1_338' title='bbox 606 2291 790 2338; x_wconf 87' lang='lat' dir='ltr'>musculi</span> <span class='ocrx_word' id='word_1_339' title='bbox 807 2297 851 2338; x_wconf 88' lang='lat'>&amp;</span> <span class='ocrx_word' id='word_1_340' title='bbox 871 2293 1113 2355; x_wconf 85' lang='lat' dir='ltr'>ligamenta</span> <span class='ocrx_word' id='word_1_341' title='bbox 1131 2325 1143 2343; x_wconf 85' lang='lat'>,</span> <span class='ocrx_word' id='word_1_342' title='bbox 1161 2291 1321 2353; x_wconf 89' lang='lat' dir='ltr'>quibus</span> <span class='ocrx_word' id='word_1_343' title='bbox 1338 2291 1611 2337; x_wconf 83' lang='lat' dir='ltr'>circumdata</span> <span class='ocrx_word' id='word_1_344' title='bbox 1630 2291 1729 2336; x_wconf 92' lang='lat' dir='ltr'>sunt</span> <span class='ocrx_word' id='word_1_345' title='bbox 1743 2325 1754 2344; x_wconf 91' lang='lat'>‚</span> <span class='ocrx_word' id='word_1_346' title='bbox 1773 2292 2011 2340; x_wconf 67' lang='lat' dir='ltr'>dolosifice</span> 
     </span>
     <span class='ocr_line' id='line_1_35' title="bbox 185 2355 2014 2420; baseline 0.001 -16"><span class='ocrx_word' id='word_1_347' title='bbox 185 2357 481 2404; x_wconf 78' lang='lat' dir='ltr'>distrahantur</span> <span class='ocrx_word' id='word_1_348' title='bbox 498 2391 510 2409; x_wconf 93' lang='lat'><em>‚</em></span> <span class='ocrx_word' id='word_1_349' title='bbox 537 2358 675 2420; x_wconf 82' lang='lat' dir='ltr'>magis</span> <span class='ocrx_word' id='word_1_350' title='bbox 698 2355 898 2403; x_wconf 76' lang='lat' dir='ltr'>minusve</span> <span class='ocrx_word' id='word_1_351' title='bbox 919 2370 1051 2419; x_wconf 85' lang='lat' dir='ltr'>prout</span> <span class='ocrx_word' id='word_1_352' title='bbox 1071 2356 1265 2402; x_wconf 86' lang='lat' dir='ltr'>accretio</span> <span class='ocrx_word' id='word_1_353' title='bbox 1286 2355 1438 2400; x_wconf 78' lang='lat' dir='ltr'>ostium</span> <span class='ocrx_word' id='word_1_354' title='bbox 1468 2356 1657 2401; x_wconf 87' lang='lat' dir='ltr'>celerior</span> <span class='ocrx_word' id='word_1_355' title='bbox 1689 2356 1919 2405; x_wconf 87' lang='lat' dir='ltr'>tardiorve</span> <span class='ocrx_word' id='word_1_356' title='bbox 1939 2359 2014 2404; x_wconf 90' lang='lat' dir='ltr'>fu-</span> 
     </span>
     <span class='ocr_line' id='line_1_36' title="bbox 184 2419 1819 2473; baseline -0.001 -5"><span class='ocrx_word' id='word_1_357' title='bbox 184 2437 280 2468; x_wconf 84' lang='lat' dir='ltr'>tura</span> <span class='ocrx_word' id='word_1_358' title='bbox 297 2422 360 2468; x_wconf 84' lang='lat' dir='ltr'>est</span> <span class='ocrx_word' id='word_1_359' title='bbox 378 2454 389 2473; x_wconf 89' lang='lat'>,</span> <span class='ocrx_word' id='word_1_360' title='bbox 420 2422 541 2467; x_wconf 89' lang='lat' dir='ltr'>unde</span> <span class='ocrx_word' id='word_1_361' title='bbox 561 2421 742 2466; x_wconf 88' lang='lat' dir='ltr'>dolores</span> <span class='ocrx_word' id='word_1_362' title='bbox 761 2420 1126 2466; x_wconf 84' lang='lat' dir='ltr'>rheumatismum</span> <span class='ocrx_word' id='word_1_363' title='bbox 1147 2420 1217 2466; x_wconf 91' lang='lat' dir='ltr'>vel</span> <span class='ocrx_word' id='word_1_364' title='bbox 1237 2419 1517 2465; x_wconf 84' lang='lat' dir='ltr'>arthritidem</span> <span class='ocrx_word' id='word_1_365' title='bbox 1538 2419 1819 2467; x_wconf 88' lang='lat' dir='ltr'>mentientes.</span> 
     </span>
    </p>

    <p class='ocr_par' dir='ltr' id='par_1_8' title="bbox 180 2483 2012 2805">
     <span class='ocr_line' id='line_1_37' title="bbox 250 2483 2012 2549; baseline 0.002 -19"><span class='ocrx_word' id='word_1_366' title='bbox 250 2496 318 2544; x_wconf 79' lang='lat'>40.</span> <span class='ocrx_word' id='word_1_367' title='bbox 350 2485 668 2549; x_wconf 84' lang='lat' dir='ltr'>Hyperostoses</span> <span class='ocrx_word' id='word_1_368' title='bbox 698 2485 744 2529; x_wconf 90' lang='lat' dir='ltr'>in</span> <span class='ocrx_word' id='word_1_369' title='bbox 768 2484 862 2530; x_wconf 56' lang='lat' dir='ltr'>tota⁴</span> <span class='ocrx_word' id='word_1_370' title='bbox 888 2484 1084 2548; x_wconf 83' lang='lat' dir='ltr'>capitum</span> <span class='ocrx_word' id='word_1_371' title='bbox 1107 2483 1330 2530; x_wconf 82' lang='lat' dir='ltr'>offeorum</span> <span class='ocrx_word' id='word_1_372' title='bbox 1359 2484 1478 2529; x_wconf 89' lang='lat' dir='ltr'>mole</span> <span class='ocrx_word' id='word_1_373' title='bbox 1505 2485 1681 2543; x_wconf 71' lang='lat' dir='ltr'>raro&amp;</span> <span class='ocrx_word' id='word_1_374' title='bbox 1716 2485 1789 2530; x_wconf 86' lang='lat' dir='ltr'>vix</span> <span class='ocrx_word' id='word_1_375' title='bbox 1819 2503 2012 2548; x_wconf 85' lang='lat' dir='ltr'>unquam</span> 
     </span>
     <span class='ocr_line' id='line_1_38' title="bbox 185 2546 2012 2614; baseline -0.001 -17"><span class='ocrx_word' id='word_1_376' title='bbox 185 2548 419 2614; x_wconf 86' lang='lat' dir='ltr'>aequabiles</span> <span class='ocrx_word' id='word_1_377' title='bbox 446 2546 531 2595; x_wconf 83' lang='lat' dir='ltr'>esse</span> <span class='ocrx_word' id='word_1_378' title='bbox 551 2555 595 2594; x_wconf 88' lang='lat'>&amp;</span> <span class='ocrx_word' id='word_1_379' title='bbox 616 2547 863 2595; x_wconf 85' lang='lat' dir='ltr'>uniformes</span> <span class='ocrx_word' id='word_1_380' title='bbox 883 2583 896 2601; x_wconf 83' lang='grc'>,</span> <span class='ocrx_word' id='word_1_381' title='bbox 924 2548 999 2594; x_wconf 85' lang='lat' dir='ltr'>sed</span> <span class='ocrx_word' id='word_1_382' title='bbox 1017 2548 1275 2612; x_wconf 82' lang='lat' dir='ltr'>plerumque</span> <span class='ocrx_word' id='word_1_383' title='bbox 1299 2549 1416 2595; x_wconf 75' lang='lat' dir='ltr'>varie</span> <span class='ocrx_word' id='word_1_384' title='bbox 1438 2548 1592 2611; x_wconf 74' lang='lat' dir='ltr'>gibbas</span> <span class='ocrx_word' id='word_1_385' title='bbox 1611 2553 1659 2594; x_wconf 73' lang='grc' dir='ltr'>δε</span> <span class='ocrx_word' id='word_1_386' title='bbox 1678 2549 1878 2595; x_wconf 65' lang='lat' dir='ltr'>anomale</span> <span class='ocrx_word' id='word_1_387' title='bbox 1905 2551 2012 2595; x_wconf 84' lang='lat' dir='ltr'>inae-</span> 
     </span>
     <span class='ocr_line' id='line_1_39' title="bbox 182 2613 2010 2678; baseline 0 -18"><span class='ocrx_word' id='word_1_388' title='bbox 182 2615 332 2678; x_wconf 85' lang='lat' dir='ltr'>quales</span> <span class='ocrx_word' id='word_1_389' title='bbox 352 2647 363 2665; x_wconf 90' lang='lat'>,</span> <span class='ocrx_word' id='word_1_390' title='bbox 389 2629 523 2677; x_wconf 81' lang='lat' dir='ltr'>prout</span> <span class='ocrx_word' id='word_1_391' title='bbox 552 2614 776 2676; x_wconf 75' lang='lat' dir='ltr'>inaequalis</span> <span class='ocrx_word' id='word_1_392' title='bbox 807 2615 865 2659; x_wconf 87' lang='lat' dir='ltr'>est</span> <span class='ocrx_word' id='word_1_393' title='bbox 893 2613 1155 2659; x_wconf 89' lang='lat' dir='ltr'>eorumdem</span> <span class='ocrx_word' id='word_1_394' title='bbox 1181 2613 1336 2658; x_wconf 86' lang='lat' dir='ltr'>offium</span> <span class='ocrx_word' id='word_1_395' title='bbox 1357 2613 1543 2660; x_wconf 79' lang='lat' dir='ltr'>densitas</span> <span class='ocrx_word' id='word_1_396' title='bbox 1565 2613 1834 2676; x_wconf 84' lang='lat' dir='ltr'>firmitasque</span> <span class='ocrx_word' id='word_1_397' title='bbox 1863 2614 1909 2658; x_wconf 90' lang='lat' dir='ltr'>in</span> <span class='ocrx_word' id='word_1_398' title='bbox 1936 2615 2010 2660; x_wconf 89' lang='lat' dir='ltr'>di·-</span> 
     </span>
     <span class='ocr_line' id='line_1_40' title="bbox 184 2675 2008 2742; baseline 0 -17"><span class='ocrx_word' id='word_1_399' title='bbox 184 2679 317 2725; x_wconf 85' lang='lat' dir='ltr'>versis</span> <span class='ocrx_word' id='word_1_400' title='bbox 352 2678 475 2723; x_wconf 75' lang='lat' dir='ltr'>locis.</span> <span class='ocrx_word' id='word_1_401' title='bbox 506 2678 627 2723; x_wconf 78' lang='lat' dir='ltr'>Hinc</span> <span class='ocrx_word' id='word_1_402' title='bbox 661 2678 789 2723; x_wconf 68' lang='lat' dir='ltr'>varia:</span> <span class='ocrx_word' id='word_1_403' title='bbox 823 2677 1023 2742; x_wconf 86' lang='lat' dir='ltr'>corporis</span> <span class='ocrx_word' id='word_1_404' title='bbox 1059 2676 1411 2724; x_wconf 85' lang='lat' dir='ltr'>deformationes</span> <span class='ocrx_word' id='word_1_405' title='bbox 1433 2711 1445 2730; x_wconf 85' lang='lat'>‚</span> <span class='ocrx_word' id='word_1_406' title='bbox 1475 2692 1709 2724; x_wconf 85' lang='lat' dir='ltr'>artuumve</span> <span class='ocrx_word' id='word_1_407' title='bbox 1742 2675 2008 2740; x_wconf 87' lang='lat' dir='ltr'>ankyloses‚</span> 
     </span>
     <span class='ocr_line' id='line_1_41' title="bbox 180 2740 1336 2805; baseline -0.003 -16"><span class='ocrx_word' id='word_1_408' title='bbox 180 2743 301 2789; x_wconf 86' lang='lat' dir='ltr'>unde</span> <span class='ocrx_word' id='word_1_409' title='bbox 327 2741 499 2804; x_wconf 81' lang='lat' dir='ltr'>gibbosi</span> <span class='ocrx_word' id='word_1_410' title='bbox 515 2775 528 2795; x_wconf 83' lang='lat'>‚</span> <span class='ocrx_word' id='word_1_411' title='bbox 549 2741 714 2788; x_wconf 85' lang='lat' dir='ltr'>scambi</span> <span class='ocrx_word' id='word_1_412' title='bbox 729 2776 740 2794; x_wconf 86' lang='lat'>‚</span> <span class='ocrx_word' id='word_1_413' title='bbox 761 2743 856 2788; x_wconf 79' lang='lat' dir='ltr'>vari</span> <span class='ocrx_word' id='word_1_414' title='bbox 876 2776 888 2794; x_wconf 90' lang='lat'>‚</span> <span class='ocrx_word' id='word_1_415' title='bbox 907 2742 1025 2805; x_wconf 78' lang='lat' dir='ltr'>valgi</span> <span class='ocrx_word' id='word_1_416' title='bbox 1042 2774 1054 2793; x_wconf 87' lang='lat'>,</span> <span class='ocrx_word' id='word_1_417' title='bbox 1077 2740 1221 2789; x_wconf 81' lang='lat' dir='ltr'>sca-uri</span> <span class='ocrx_word' id='word_1_418' title='bbox 1247 2747 1336 2788; x_wconf 84' lang='lat' dir='ltr'>&amp;c.</span> 
     </span>
    </p>

    <p class='ocr_par' dir='ltr' id='par_1_9' title="bbox 181 2805 2007 3191">
     <span class='ocr_line' id='line_1_42' title="bbox 250 2805 2005 2868; baseline 0.001 -16"><span class='ocrx_word' id='word_1_419' title='bbox 250 2812 349 2852; x_wconf 84' lang='lat'>111.</span> <span class='ocrx_word' id='word_1_420' title='bbox 383 2806 677 2853; x_wconf 86' lang='lat' dir='ltr'>Medullarem</span> <span class='ocrx_word' id='word_1_421' title='bbox 707 2805 985 2852; x_wconf 82' lang='lat' dir='ltr'>substantiam</span> <span class='ocrx_word' id='word_1_422' title='bbox 1005 2840 1016 2857; x_wconf 92' lang='lat'>,</span> <span class='ocrx_word' id='word_1_423' title='bbox 1037 2823 1132 2868; x_wconf 82' lang='lat' dir='ltr'>qua:</span> <span class='ocrx_word' id='word_1_424' title='bbox 1158 2808 1203 2853; x_wconf 87' lang='lat' dir='ltr'>in</span> <span class='ocrx_word' id='word_1_425' title='bbox 1234 2806 1389 2852; x_wconf 80' lang='lat' dir='ltr'>ossium</span> <span class='ocrx_word' id='word_1_426' title='bbox 1414 2809 1632 2865; x_wconf 79' lang='lat' dir='ltr'>majorum</span> <span class='ocrx_word' id='word_1_427' title='bbox 1658 2805 1912 2852; x_wconf 87' lang='lat' dir='ltr'>meditullio</span> <span class='ocrx_word' id='word_1_428' title='bbox 1939 2807 2005 2853; x_wconf 81' lang='lat' dir='ltr'>la-</span> 
     </span>
     <span class='ocr_line' id='line_1_43' title="bbox 181 2869 2006 2934; baseline 0.003 -20"><span class='ocrx_word' id='word_1_429' title='bbox 181 2886 250 2917; x_wconf 72' lang='lat' dir='ltr'>tet</span> <span class='ocrx_word' id='word_1_430' title='bbox 270 2904 281 2922; x_wconf 85' lang='lat'>‚</span> <span class='ocrx_word' id='word_1_431' title='bbox 300 2869 459 2915; x_wconf 85' lang='lat' dir='ltr'>iisdem</span> <span class='ocrx_word' id='word_1_432' title='bbox 490 2871 656 2916; x_wconf 80' lang='lat' dir='ltr'>morbis</span> <span class='ocrx_word' id='word_1_433' title='bbox 681 2870 795 2916; x_wconf 83' lang='lat' dir='ltr'>affici</span> <span class='ocrx_word' id='word_1_434' title='bbox 825 2871 943 2934; x_wconf 82' lang='lat' dir='ltr'>posse</span> <span class='ocrx_word' id='word_1_435' title='bbox 976 2871 999 2915; x_wconf 66' lang='lat' dir='ltr'>a</span> <span class='ocrx_word' id='word_1_436' title='bbox 1030 2888 1208 2916; x_wconf 84' lang='lat' dir='ltr'>veneno</span> <span class='ocrx_word' id='word_1_437' title='bbox 1237 2888 1433 2916; x_wconf 87' lang='lat' dir='ltr'>venereo</span> <span class='ocrx_word' id='word_1_438' title='bbox 1453 2903 1465 2920; x_wconf 88' lang='lat'>‚</span> <span class='ocrx_word' id='word_1_439' title='bbox 1490 2869 1650 2932; x_wconf 85' lang='lat' dir='ltr'>quibus</span> <span class='ocrx_word' id='word_1_440' title='bbox 1676 2886 1837 2916; x_wconf 78' lang='lat' dir='ltr'>caeterae</span> <span class='ocrx_word' id='word_1_441' title='bbox 1865 2888 2006 2933; x_wconf 87' lang='lat' dir='ltr'>partes</span> 
     </span>
     <span class='ocr_line' id='line_1_44' title="bbox 186 2931 2005 2998; baseline 0 -17"><span class='ocrx_word' id='word_1_442' title='bbox 186 2935 342 2981; x_wconf 85' lang='lat' dir='ltr'>molles</span> <span class='ocrx_word' id='word_1_443' title='bbox 368 2932 616 2979; x_wconf 83' lang='lat' dir='ltr'>afficiuntur</span> <span class='ocrx_word' id='word_1_444' title='bbox 633 2968 645 2985; x_wconf 91' lang='lat'>,</span> <span class='ocrx_word' id='word_1_445' title='bbox 670 2934 810 2996; x_wconf 83' lang='lat' dir='ltr'>liquet</span> <span class='ocrx_word' id='word_1_446' title='bbox 842 2951 894 2979; x_wconf 84' lang='lat' dir='ltr'>ex</span> <span class='ocrx_word' id='word_1_447' title='bbox 928 2931 1125 2992; x_wconf 80' lang='lat' dir='ltr'>ejusdem</span> <span class='ocrx_word' id='word_1_448' title='bbox 1152 2933 1356 2979; x_wconf 59' lang='lat' dir='ltr'>structura</span> <span class='ocrx_word' id='word_1_449' title='bbox 1373 2966 1386 2984; x_wconf 87' lang='lat'>‚</span> <span class='ocrx_word' id='word_1_450' title='bbox 1414 2951 1507 2994; x_wconf 80' lang='lat' dir='ltr'>quae</span> <span class='ocrx_word' id='word_1_451' title='bbox 1540 2948 1794 2978; x_wconf 84' lang='lat' dir='ltr'>caeterarum</span> <span class='ocrx_word' id='word_1_452' title='bbox 1815 2936 2005 2998; x_wconf 86' lang='lat' dir='ltr'>partium</span> 
     </span>
     <span class='ocr_line' id='line_1_45' title="bbox 189 2996 2006 3060; baseline 0.001 -15"><span class='ocrx_word' id='word_1_453' title='bbox 189 3000 393 3046; x_wconf 85' lang='lat' dir='ltr'>mollium</span> <span class='ocrx_word' id='word_1_454' title='bbox 421 2999 637 3043; x_wconf 69' lang='lat' dir='ltr'>strusturae</span> <span class='ocrx_word' id='word_1_455' title='bbox 653 3015 838 3060; x_wconf 82' lang='lat' dir='ltr'>compar</span> <span class='ocrx_word' id='word_1_456' title='bbox 857 3014 911 3042; x_wconf 82' lang='lat' dir='ltr'>ex</span> <span class='ocrx_word' id='word_1_457' title='bbox 938 2996 1134 3042; x_wconf 77' lang='lat' dir='ltr'>vesiculis</span> <span class='ocrx_word' id='word_1_458' title='bbox 1162 2997 1459 3043; x_wconf 84' lang='lat' dir='ltr'>membraneis</span> <span class='ocrx_word' id='word_1_459' title='bbox 1475 3030 1486 3048; x_wconf 90' lang='lat'>‚</span> <span class='ocrx_word' id='word_1_460' title='bbox 1508 2997 1657 3043; x_wconf 87' lang='lat' dir='ltr'>nervis</span> <span class='ocrx_word' id='word_1_461' title='bbox 1672 3031 1682 3048; x_wconf 91' lang='lat'><strong>‚</strong></span> <span class='ocrx_word' id='word_1_462' title='bbox 1708 2998 1881 3044; x_wconf 87' lang='lat' dir='ltr'>arteriis</span> <span class='ocrx_word' id='word_1_463' title='bbox 1901 3033 1911 3051; x_wconf 89' lang='lat'>‚</span> <span class='ocrx_word' id='word_1_464' title='bbox 1930 3019 2006 3048; x_wconf 88' lang='lat' dir='ltr'>ve-</span> 
     </span>
     <span class='ocr_line' id='line_1_46' title="bbox 189 3059 2007 3129; baseline 0.001 -18"><span class='ocrx_word' id='word_1_465' title='bbox 189 3063 342 3127; x_wconf 82' lang='lat' dir='ltr'>nisque</span> <span class='ocrx_word' id='word_1_466' title='bbox 364 3062 548 3126; x_wconf 87' lang='lat' dir='ltr'>perinde</span> <span class='ocrx_word' id='word_1_467' title='bbox 572 3062 872 3125; x_wconf 86' lang='lat' dir='ltr'>componitur.</span> <span class='ocrx_word' id='word_1_468' title='bbox 906 3061 1081 3106; x_wconf 86' lang='lat' dir='ltr'>Morbis</span> <span class='ocrx_word' id='word_1_469' title='bbox 1102 3062 1209 3107; x_wconf 75' lang='lat' dir='ltr'>verb</span> <span class='ocrx_word' id='word_1_470' title='bbox 1231 3060 1388 3107; x_wconf 80' lang='lat' dir='ltr'>iisdem</span> <span class='ocrx_word' id='word_1_471' title='bbox 1414 3060 1554 3125; x_wconf 68' lang='lat' dir='ltr'>reipsa</span> <span class='ocrx_word' id='word_1_472' title='bbox 1583 3059 1696 3106; x_wconf 87' lang='lat' dir='ltr'>affici</span> <span class='ocrx_word' id='word_1_473' title='bbox 1716 3062 1856 3125; x_wconf 88' lang='lat' dir='ltr'>liquet</span> <span class='ocrx_word' id='word_1_474' title='bbox 1873 3082 2007 3129; x_wconf 81' lang='lat' dir='ltr'>expe-</span> 
     </span>
     <span class='ocr_line' id='line_1_47' title="bbox 185 3125 2005 3191; baseline 0.002 -17"><span class='ocrx_word' id='word_1_475' title='bbox 185 3128 346 3178; x_wconf 65' lang='lat' dir='ltr'>rientia</span> <span class='ocrx_word' id='word_1_476' title='bbox 365 3161 378 3179; x_wconf 93' lang='lat'><em>‚</em></span> <span class='ocrx_word' id='word_1_477' title='bbox 406 3131 490 3186; x_wconf 83' lang='lat' dir='ltr'>(a)</span> <span class='ocrx_word' id='word_1_478' title='bbox 513 3126 599 3190; x_wconf 64' lang='lat' dir='ltr'>qua</span> <span class='ocrx_word' id='word_1_479' title='bbox 617 3142 894 3191; x_wconf 88' lang='lat' dir='ltr'>compertum</span> <span class='ocrx_word' id='word_1_480' title='bbox 913 3127 971 3171; x_wconf 89' lang='lat' dir='ltr'>est</span> <span class='ocrx_word' id='word_1_481' title='bbox 994 3125 1285 3173; x_wconf 76' lang='lat' dir='ltr'>medullarem</span> <span class='ocrx_word' id='word_1_482' title='bbox 1313 3125 1466 3171; x_wconf 85' lang='lat' dir='ltr'>ossium</span> <span class='ocrx_word' id='word_1_483' title='bbox 1488 3130 1705 3188; x_wconf 86' lang='lat' dir='ltr'>majorum</span> <span class='ocrx_word' id='word_1_484' title='bbox 1724 3126 2005 3178; x_wconf 84' lang='lat' dir='ltr'>substantiam</span> 
     </span>
    </p>

    <p class='ocr_par' dir='ltr' id='par_1_10' title="bbox 242 3209 1936 3261">
     <span class='ocr_line' id='line_1_48' title="bbox 242 3209 1936 3261; baseline 0.001 -15"><span class='ocrx_word' id='word_1_485' title='bbox 242 3216 294 3260; x_wconf 59' lang='lat' dir='ltr'>fia</span> <span class='ocrx_word' id='word_1_486' title='bbox 314 3215 325 3260; x_wconf 75' lang='grc'><strong>)</strong></span> <span class='ocrx_word' id='word_1_487' title='bbox 358 3210 461 3259; x_wconf 75' lang='lat' dir='ltr'>joan.</span> <span class='ocrx_word' id='word_1_488' title='bbox 480 3210 550 3251; x_wconf 83' lang='lat' dir='ltr'>Ch.</span> <span class='ocrx_word' id='word_1_489' title='bbox 567 3212 709 3260; x_wconf 68' lang='lat' dir='ltr'>Heyue.</span> <span class='ocrx_word' id='word_1_490' title='bbox 738 3213 901 3247; x_wconf 67' lang='lat' dir='ltr'>Teutam.</span> <span class='ocrx_word' id='word_1_491' title='bbox 921 3209 1252 3259; x_wconf 76' lang='lat' dir='ltr'>Medico-Chirurg.</span> <span class='ocrx_word' id='word_1_492' title='bbox 1280 3213 1336 3245; x_wconf 87' lang='lat' dir='ltr'>De</span> <span class='ocrx_word' id='word_1_493' title='bbox 1349 3210 1519 3259; x_wconf 61' lang='lat' dir='ltr'>precipuis</span> <span class='ocrx_word' id='word_1_494' title='bbox 1532 3209 1648 3261; x_wconf 81' lang='lat' dir='ltr'>offium</span> <span class='ocrx_word' id='word_1_495' title='bbox 1664 3210 1799 3246; x_wconf 81' lang='lat' dir='ltr'>morbis.</span> <span class='ocrx_word' id='word_1_496' title='bbox 1823 3209 1860 3251; x_wconf 58' lang='grc' dir='ltr'>ὃ.</span> <span class='ocrx_word' id='word_1_497' title='bbox 1877 3225 1936 3255; x_wconf 80' lang='lat'>29.</span> 
     </span>
    </p>
   </div>
   <div class='ocr_carea' id='block_1_5' title="bbox 1623 3260 1793 3325">
    <p class='ocr_par' dir='ltr' id='par_1_11' title="bbox 1623 3260 1793 3325">
     <span class='ocr_line' id='line_1_49' title="bbox 1623 3260 1793 3325; baseline 0 0"><span class='ocrx_word' id='word_1_498' title='bbox 1623 3261 1720 3325; x_wconf 64' lang='lat' dir='ltr'>‚Qq</span> <span class='ocrx_word' id='word_1_499' title='bbox 1743 3260 1793 3325; x_wconf 69' lang='lat' dir='ltr'>iii·</span> 
     </span>
    </p>
   </div>
   <div class='ocr_carea' id='block_1_6' title="bbox 2055 565 2284 661">
    <p class='ocr_par' dir='ltr' id='par_1_12' title="bbox 2055 565 2284 661">
     <span class='ocr_line' id='line_1_50' title="bbox 2085 565 2284 618; baseline 0.02 -19"><span class='ocrx_word' id='word_1_500' title='bbox 2085 565 2122 600; x_wconf 89' lang='lat'>11</span> <span class='ocrx_word' id='word_1_501' title='bbox 2148 566 2187 604; x_wconf 90' lang='lat' dir='ltr'>H</span> <span class='ocrx_word' id='word_1_502' title='bbox 2194 575 2284 618; x_wconf 61' lang='lat' dir='ltr'>ypeq</span> 
     </span>
     <span class='ocr_line' id='line_1_51' title="bbox 2055 617 2216 661; baseline 0 -6"><span class='ocrx_word' id='word_1_503' title='bbox 2055 617 2216 661; x_wconf 73' lang='lat' dir='ltr'>rostosis,</span> 
     </span>
    </p>
   </div>
   <div class='ocr_carea' id='block_1_7' title="bbox 2052 2807 2282 3006">
    <p class='ocr_par' dir='ltr' id='par_1_13' title="bbox 2052 2807 2282 3006">
     <span class='ocr_line' id='line_1_52' title="bbox 2079 2807 2282 2852; baseline 0.02 -9"><span class='ocrx_word' id='word_1_504' title='bbox 2079 2807 2155 2850; x_wconf 81' lang='lat'>111,</span> <span class='ocrx_word' id='word_1_505' title='bbox 2184 2808 2282 2852; x_wconf 65' lang='lat' dir='ltr'>vidia</span> 
     </span>
     <span class='ocr_line' id='line_1_53' title="bbox 2052 2862 2282 2898; baseline 0.004 -1"><span class='ocrx_word' id='word_1_506' title='bbox 2052 2862 2151 2898; x_wconf 77' lang='lat' dir='ltr'>vaxia</span> <span class='ocrx_word' id='word_1_507' title='bbox 2198 2875 2282 2898; x_wconf 83' lang='lat' dir='ltr'>me-</span> 
     </span>
     <span class='ocr_line' id='line_1_54' title="bbox 2052 2913 2258 2952; baseline 0.019 -4"><span class='ocrx_word' id='word_1_508' title='bbox 2052 2913 2158 2952; x_wconf 85' lang='lat' dir='ltr'>dullae</span> <span class='ocrx_word' id='word_1_509' title='bbox 2190 2914 2258 2951; x_wconf 82' lang='lat' dir='ltr'>os-</span> 
     </span>
     <span class='ocr_line' id='line_1_55' title="bbox 2055 2964 2231 3006; baseline 0 -2"><span class='ocrx_word' id='word_1_510' title='bbox 2055 2964 2155 3006; x_wconf 78' lang='lat' dir='ltr'>sium.</span> <span class='ocrx_word' id='word_1_511' title='bbox 2229 2966 2231 2968; x_wconf 71' lang='grc'>’</span> 
     </span>
    </p>
   </div>
  </div>
 </body>
</html>
