2477 3643
603 128 970 184 Linum-1.
1041 129 1318 176 CAnu'r
1384 129 1541 175 XII.
1904 124 1972 191 ἒς

628 331 677 384 C
736 331 786 383 A
844 327 882 380 P
949 333 999 385 U
1057 329 1108 382 T
1236 329 1295 382 X
1355 327 1379 379 Ῑ
1440 326 1488 382 Ι.

138 464 213 514 De
240 453 461 531 periodis
480 492 496 515 ,
530 467 653 525 quas
686 451 790 501 lices
821 467 1030 502 venerea
1061 451 1116 500 in
1154 446 1346 522 Europ‘i
1380 452 1435 500 in
1465 445 1593 500 hunc
1619 444 1749 497 diem
1781 440 1971 497 habuit.

287 598 333 641 U
352 612 367 640 1
390 611 414 639 Β
434 608 462 637 U
485 607 502 635 s
538 608 729 638 venerea
755 590 848 636 lues
865 624 878 643 ,
912 589 1139 654 postquam
1175 591 1359 654 Europae
1392 590 1584 654 primum
1616 589 1819 636 incubuit
1839 622 1851 639 ,
1888 587 1969 634 fibi

143 603 260 727 Q
285 658 456 723 semper
485 655 634 702 similis
673 655 877 702 eamdem
917 654 1109 700 formam
1154 659 1200 700 δε
1230 656 1438 702 eumdem
1477 671 1682 703 tenorem
1719 655 1967 700 constanter

141 721 368 772 retinuisse
402 722 582 769 videtur
612 756 624 774 ‚
663 721 711 766 in
744 738 893 767 rerum
927 719 1082 765 natura
1116 719 1237 781 aeque
1267 720 1466 785 hospites
1496 720 1594 766 sunt
1628 726 1674 766 &
1710 718 1965 784 peregrini,

142 808 192 836 ac
223 789 300 853 qui
337 804 473 850 regna
506 785 760 851 oppidaque
782 818 795 838 ‚
828 802 921 849 quae
952 801 1070 830 nunc
1101 784 1259 830 vident
1293 790 1338 831 &
1368 785 1666 850 potentiffima
1696 790 1740 831 &
1778 785 1967 849 opulen-

141 854 299 900 tiffima
317 888 330 906 ,
358 853 452 918 pari
480 853 653 897 ratione
674 850 843 914 semper
862 847 1017 895 stetisse
1045 848 1379 896 arbitrarentur.
1414 853 1481 896 Ut
1496 854 1615 898 enim
1640 850 1967 896 Historicorum

140 918 230 965 fide
262 933 541 981 compertum
567 918 626 962 est
653 915 792 961 varias
819 913 927 960 olim
952 911 1079 959 fuisse
1105 931 1255 960 rerum
1281 915 1402 962 vices
1431 921 1477 962 ὃς
1504 933 1746 979 regnorum
1778 932 1969 961 conver-

142 983 283 1030 siones
302 1016 314 1035 ‚
344 982 398 1028 sic
420 999 602 1045 quoque
629 979 814 1027 evidens
841 980 901 1026 est
927 977 1045 1024 nuda
1071 979 1308 1026 collatione
1330 980 1678 1045 descriptionum
1696 1014 1707 1032 ,
1735 998 1830 1043 quae
1849 979 1970 1045 pros-⁴

141 1063 239 1093 tant
282 1048 397 1094 inter
426 1064 574 1093 rerum
602 1045 877 1091 medicatum
904 1060 1194 1090 monumenta
1224 1078 1236 1097 ‚
1271 1062 1510 1091 veneream
1550 1046 1670 1093 luem
1705 1046 1969 1110 symptoma-

144 1128 239 1158 tum
259 1146 272 1165 ,
308 1130 400 1176 quae
427 1110 578 1156 intulit
598 1143 611 1162 ,
641 1108 818 1155 diversa
842 1108 1124 1154 vehementia
1154 1114 1200 1154 δε
1227 1109 1410 1162 natura,
1442 1129 1490 1156 ac
1522 1111 1788 1156 circuituum
1808 1144 1820 1163 ‚
1858 1128 1970 1174 quos

142 1177 300 1224 habuit
320 1211 332 1229 ‚
363 1176 575 1223 varietate
603 1179 649 1220 &
679 1172 1030 1219 diffimilitudine
1057 1172 1220 1219 faciem
1243 1178 1330 1234 jam
1356 1177 1381 1201 ⁸<
1410 1173 1556 1239 saepius
1583 1175 1784 1221 mutass'e.

209 1241 297 1289 Sed
328 1258 376 1286 ut
407 1257 458 1287 ea
485 1239 661 1303 quaestio
691 1236 886 1283 dilucide
916 1253 1048 1300 atque
1078 1236 1308 1301 perspicue
1336 1239 1462 1302 poffit
1490 1241 1746 1293 enucleari,
1777 1257 1885 1303 opus
1911 1241 1971 1286 est

141 1306 226 1354 luis
243 1322 440 1352 venerea:
461 1319 664 1367 tempora
678 1302 725 1348 in
736 1301 944 1366 periodos
959 1301 1226 1365 distinguere
1242 1338 1255 1357 ,
1269 1321 1458 1368 quarum
1477 1322 1747 1368 unaquaeque
1762 1304 1880 1351 nova
1895 1323 1970 1351 cu-

141 1370 313 1434 jusdam
334 1368 637 1435 symptomatis
655 1366 894 1414 acceffione
910 1366 983 1414 vel
1000 1365 1249 1416 decessione
1265 1403 1278 1422 ‚
1313 1386 1394 1415 ceu
1421 1368 1497 1416 suo
1526 1372 1746 1418 &metere
1759 1403 1772 1423 ,
1793 1369 1972 1435 conspi-

107 1435 120 1441 ’
140 1453 223 1482 cua
247 1435 310 1480 sit.

205 1505 240 1546 Ι.
274 1499 467 1546 Primam
496 1497 681 1562 quidem
708 1496 944 1563 periodum
971 1495 1024 1543 ab
1052 1515 1170 1544 anno
1204 1517 1339 1557 1494.
1367 1499 1445 1546 ubi
1473 1499 1640 1564 primus
1666 1502 1813 1548 morbi
1842 1519 1972 1548 exor-

142 1579 211 1611 tus
230 1598 242 1617 ‚
276 1565 331 1611 ad
362 1582 524 1610 annum
562 1572 698 1625 1516.
729 1579 1026 1609 numeramus.
1070 1564 1256 1609 Constat
1283 1579 1430 1611 autem
1463 1561 1754 1629 symptomata
1785 1568 1936 1613 omnia
1957 1602 1971 1622 ,

142 1647 239 1692 quae
261 1629 284 1674 εὶ
308 1628 502 1677 Nicolao
531 1627 789 1674 Leoniceno
817 1626 872 1672 ad
900 1627 1066 1674 calcem
1085 1629 1208 1674 Libri
1236 1631 1285 1674 de
1303 1629 1460 1676 Morbo
1478 1633 1639 1677 Gallico
1657 1669 1670 1684 ,
1692 1649 1808 1677 anno
1835 1650 1970 1691 1497.

142 1694 335 1758 Gaspare
354 1691 547 1740 'Torella
571 1726 583 1744 ,
615 1696 657 1738 in
696 1694 863 1753 consiliis
895 1693 1214 1754 particularibus
1247 1695 1446 1739 adversim·
1476 1697 1786 1760 pitdendagram
1806 1736 1820 1752 ,
1854 1715 1970 1745 anuo

148 1775 285 1822 1500.
324 1761 497 1811 Ioanne
527 1756 740 1802 Almenar
766 1789 779 1808 ,
808 1755 967 1801 Libello
1000 1757 1047 1801 de
1074 1757 1233 1804 Morbo
1263 1761 1455 1812 Gallico,
1492 1775 1584 1824 cap.
1615 1783 1645 1820 3.
1680 1779 1797 1807 anno
1836 1771 1968 1825 1516.

141 1841 193 1869 ac
212 1824 393 1870 demum
414 1821 585 1874 Jacobo
604 1824 805 1867 Cataneo
821 1854 834 1872 ‚
856 1823 1059 1866 Trallatu
1076 1822 1124 1866 de
1140 1821 1300 1868 Morbo
1317 1825 1480 1869 Gallico
1495 1862 1508 1877 ,
1531 1840 1620 1888 cap.
1638 1847 1669 1886 3.
1693 1844 1808 1872 anno
1835 1845 1848 1871 1
1867 1848 1881 1890 5
1901 1837 1970 1874 16.

141 1887 356 1935 recensita
384 1888 511 1939 sunt,
543 1902 753 1948 tanquam
781 1885 843 1930 lui
871 1902 1070 1931 venereae
1101 1904 1156 1932 eo
1185 1902 1386 1950 tempore
1416 1889 1622 1952 propria,
1652 1889 1893 1953 diligenter
1926 1899 1973 1940 ὃς

141 1953 343 1998 accurate
387 1951 570 1998 collecta
605 1948 690 1997 effe
724 1955 770 1996 δέ
798 1950 1024 2012 eleganter
1051 1949 1246 2014 expressa
1277 1950 1330 1997 ab
1360 1953 1644 2013 Hieronymo
1676 1958 1971 2010 fracastorio,

141 2017 241 2065 Lib.
257 2035 294 2063 2.
319 2018 368 2062 de
385 2016 553 2063 Morbis
571 2016 798 2078 contagiosis
815 2053 830 2067 ,
848 2029 938 2078 cap.
968 2032 1020 2059 11.
1039 2016 1088 2060 de
1106 2015 1264 2061 ,Morbo
1285 2017 1446 2063 Gallico
1462 2057 1477 2071 ,
1502 2018 1580 2064 ubi
1600 2017 1655 2064 fic
1678 2019 1737 2065 ait
1759 2040 1767 2065 :
1797 2043 1818 2059 n
1842 2023 1972 2069 Frin-

143 2082 264 2146 cipio
293 2080 394 2127 curn
422 2081 456 2126 is
484 2079 600 2144 apud
619 2097 701 2125 nos
726 2078 985 2142 apparuiffet
1001 2113 1014 2131 ‚
1047 2079 1110 2125 hae
1137 2079 1232 2126 fere
1254 2097 1369 2126 notae
1391 2083 1779 2147 conspiciebantur
1797 2086 1845 2131 in
1870 2105 1925 2134 eo
1950 2115 1976 2134 «ι

140 2146 303 2193 morbo
309 2180 454 2190 ......
489 2145 703 2190 Animum
734 2143 905 2188 tristitia
942 2144 1140 2207 quaedam
1170 2145 1400 2192 detinebat
1431 2180 1444 2199 ,
1494 2165 1652 2212 corpus
1688 2150 1889 2198 laffitudo
1911 2187 1925 2205 ,
1949 2181 1975 2198 «ι

140 2211 282 2275 pallor
307 2210 499 2262 faciem3
527 2209 708 2256 tandem
726 2208 850 2271 quod
878 2209 926 2253 in
955 2210 1110 2268 majori
1131 2225 1256 2273 parte
1282 2211 1449 2265 inerat,
1482 2213 1703 2259 ulcuscula
1726 2217 1925 2278 quaedam
1949 2243 1975 2260 ε,-

143 2276 260 2322 circa
292 2274 500 2339 pudenda
530 2273 788 2320 oriebantur
794 2307 973 2318 .......
1008 2273 1097 2319 haec
1117 2280 1163 2320 &
1194 2276 1338 2321 emori
1371 2278 1653 2323 contumacia
1686 2296 1810 2325 erant
1831 2313 1844 2332 >
1877 2288 1924 2327 &
1947 2307 1973 2326 e«

141 2341 258 2387 viera
280 2339 364 2385 unzi
382 2354 505 2404 parte
521 2372 533 2391 ‚
563 2338 645 2384 alia
664 2337 1023 2400 regerminabant
1039 2338 1280 2384 immortali
1297 2341 1555 2404 propagine,
1595 2343 1783 2390 Posthaec
1803 2346 1924 2390 crus»
1946 2370 1972 2388 ee

141 2405 243 2450 tosa:
272 2405 470 2467 quaedam
495 2403 669 2467 pustulae
696 2420 774 2466 per
801 2418 944 2448 cutem
972 2403 1290 2467 erumpebant,
1319 2405 1365 2450 in
1392 2405 1657 2468 quibusdam
1685 2409 1870 2471 quidem
1899 2411 1922 2455 ὲ.
1946 2435 1973 2452 «ς

143 2469 335 2515 calvaria
357 2469 618 2532 incipientes
648 2466 798 2530 (quod
819 2483 865 2512 ut
889 2466 1127 2530 plurimum
1148 2475 1275 2526 erat)
1305 2469 1353 2514 in
1379 2469 1643 2533 quibusdam
1662 2472 1709 2517 in
1734 2475 1828 2519 aliis
1855 2475 1923 2520 lo·
1946 2500 1972 2516 c<

141 2534 233 2587 cis;
256 2551 401 2597 parvae
430 2532 621 2597 primum
651 2550 707 2578 eae
735 2531 1004 2596 apparebant
1022 2567 1035 2584 ,
1067 2552 1172 2578 mox
1204 2533 1477 2596 augebantur
1506 2537 1715 2600 paulatim
1747 2540 1802 2584 acl
1834 2557 1928 2585 ma-
1948 2563 1973 2582 e<

142 2598 427 2661 gnitudinem
460 2597 715 2660 cooperculi
749 2596 918 2659 glandis
948 2601 992 2641 ὃς
1023 2597 1356 2644 similitudinem
1390 2601 1569 2653 etiam·,
1603 2601 1655 2647 iis
1687 2620 1778 2647 non
1809 2604 1920 2649 absr-
1944 2629 1970 2648 a:

140 2663 268 2709 miles
296 2680 388 2726 quae
419 2663 467 2707 in
497 2661 642 2725 pueris
672 2660 855 2707 achotes
882 2677 1099 2708 vocantur
1121 2683 1130 2708 :
1150 2662 1423 2709 Differentiae
1454 2683 1605 2711 earum
1634 2667 1778 2713 multae
1809 2668 1923 2716 vise·
1944 2693 1969 2711 e«

141 2726 304 2772 bantur
320 2761 332 2779 ,
355 2726 620 2789 quibusdam
646 2744 789 2789 parvae
815 2731 860 2770 δε
885 2725 1112 2779 sicciores,
1137 2728 1401 2790 quibusdam
1426 2733 1614 2789 majores
1644 2737 1690 2777 &
1713 2732 1922 2796 pinguio-
1944 2756 1971 2773 <c

142 2809 212 2837 res
233 2825 244 2842 ‚
268 2792 489 2837 nonnullis
512 2790 656 2835 lividae
678 2824 689 2842 ‚
720 2790 813 2835 aliis
831 2790 1042 2836 exalbidae
1070 2793 1227 2838 leviter
1259 2795 1496 2855 pallentes,
1527 2794 1621 2840 aliis
1653 2797 1855 2843 duriores
1877 2803 1923 2843 δε
1946 2820 1972 2838 τι

142 2854 450 2901 subrubentes.
492 2859 663 2901 Omnes
696 2870 841 2900 autem
877 2856 1024 2917 paucis
1053 2858 1144 2920 post
1176 2857 1332 2903 diebus
1363 2858 1672 2914 aperiebantur
1692 2894 1705 2912 ‚
1740 2879 1789 2906 ac
1824 2879 1923 2906 mu-
1944 2882 1970 2899 κ

143 2937 247 2965 core
279 2919 474 2982 quodam
502 2918 799 2980 mucilagineo
828 2918 989 2965 foetido
1022 2921 1290 2973 manabant3
1325 2915 1411 2967 nec
1440 2922 1530 2967 dici
1562 2925 1702 2985 potest
1733 2941 1919 2987 quantus
1942 2947 1968 2965 κ

142 2983 217 3032 ille
257 3002 412 3030 mucor
448 2983 664 3048 perpetuo
699 2982 898 3029 efflueret
928 3016 940 3035 ,
978 3001 1143 3046 quanta
1177 2985 1396 3031 sordities.
1451 2987 1716 3034 Exulceratae
1754 2990 1920 3037 deinde
1943 3010 1968 3029 ‘s

195 3094 217 3115 *-
251 3088 326 3141 Ipse
342 3090 618 3127 Guicciardinus
644 3090 794 3126 testatur
822 3088 949 3136 Histor.
974 3091 1047 3128 Lib.
1072 3105 1105 3127 2.
1133 3095 1208 3143 jam
1239 3091 1304 3128 suo
1330 3106 1492 3146 tempore
1510 3123 1520 3139 ,
1553 3095 1624 3132 hoc
1648 3097 1696 3133 est
1726 3110 1808 3134 ante
1837 3110 1967 3135 arrum

136 3154 284 3189 5154».
311 3155 387 3194 quo
413 3143 506 3179 diem
535 3142 652 3184 obiit,
686 3142 854 3178 morbum
878 3141 944 3190 post
973 3145 1110 3193 aliquot
1137 3159 1309 3180 annorum
1338 3148 1526 3183 curricula.
1547 3175 1575 3183 ..
1598 3173 1606 3182 .
1624 3175 1633 3185 .
1665 3150 1769 3186 mule
1802 3154 1969 3189 ornarem

143 3194 205 3244 effe
232 3197 381 3245 coepifle:
403 3209 437 3234 m
461 3197 576 3244 plures
600 3198 704 3240 esiam
717 3197 864 3244 specics,
885 3204 989 3245 atque
1017 3195 1041 3233 ὰ
1061 3196 1174 3246 priami
1192 3198 1498 3253 diversassuzpte·
1513 3201 1646 3239 natm-si
1670 3211 1926 3240 commutatum,

1732 3257 1745 3287 Ῐ

2020 596 2145 635 varias
2161 609 2249 635 mu„

2019 650 2172 686 tationes
2187 677 2198 693 ‚

2016 702 2146 753 quibus
2176 702 2250 739 luce

2017 766 2166 790 vene-rea
2200 754 2248 791 ab

2015 805 2171 858 ingressu
2183 808 2248 844 ob—

2018 859 2125 896 noxia
2146 857 2216 896 fuit
2234 886 2250 904 2

2016 910 2062 948 ad
2079 912 2195 948 varias

2017 963 2183 1015 periodos
2200 976 2250 999 rea

2018 1017 2148 1055 vocari
2167 1017 2249 1070 pol}

2019 1067 2068 1108 se.

2020 1506 2177 1544 Primam
2203 1506 2250 1546 ab

2018 1572 2111 1596 anno
2127 1573 2139 1597 1
2148 1576 2170 1605 4
2181 1577 2198 1603 9
2210 1576 2252 1606 4·

2018 1611 2062 1648 ad
2087 1624 2221 1650 aunum

2021 1678 2063 1713 15
2078 1679 2085 1700 ι
2102 1672 2138 1702 6.
2161 1677 2223 1714 per

2017 1729 2129 1767 quam
2148 1729 2249 1752 mor-

2020 1769 2082 1805 bus
2127 1771 2250 1805 maxi..

2018 1823 2077 1859 me
2096 1819 2223 1859 [xviia
