2477 3643
413 117 488 178 {3³3
760 112 872 160 DE
937 109 1934 160 MORBISKVENEREISs

421 191 565 237 bitrer
597 188 706 238 inde
738 190 862 256 sequi
891 195 1114 247 Ioannem
1145 193 1202 240 de
1223 192 1472 246 Gandavo,
1504 209 1579 240 aut
1612 194 1795 240 Willum
1823 190 2264 242 Londinensem'lue

422 255 617 303 venerea
649 256 759 302 olim
794 255 1008 305 laborasse
1029 297 1044 313 ,
1079 258 1200 322 quod
1224 261 1288 305 illi
1313 262 1460 303 mortui
1476 260 1559 320 fint
1595 277 1647 304 ex
1669 260 1958 323 putrefab‘lione
1986 258 2250 306 membrorum

413 324 579 382 fhornm
599 325 836 384 genitalium
859 322 908 370 (θ’
940 329 1114 389 corporis
1133 326 1201 384 fici
1221 362 1235 378 ,
1260 337 1332 368 aut
1359 322 1482 386 quod
1511 326 1586 369 illa
1617 329 1816 389 corruptio
1839 331 1890 371 Θ
1918 324 2154 389 putrefafflio
2175 362 2189 377 ‚
2209 336 2257 368 ut

423 387 505 449 ipfi'
527 387 720 432 dixerunt
736 425 751 440 ,
771 388 934 448 caufizta
944 389 1071 448 fiterit
1085 403 1160 453 per
1176 391 1408 434 exercitium
1427 391 1570 452 copnlae
1599 394 1778 435 carnalis
1803 406 1893 435 cnm
1908 387 2154 434 mulieribus.
2186 390 2253 433 Ex

424 450 643 515 praedistis
673 451 793 497 enim
834 452 1011 498 abunde
1045 453 1186 516 liquet
1218 452 1527 516 corruptiones
1562 457 1606 498 δι’
1638 453 1980 516 putrefacCtiones
2010 450 2257 508 istiusmodi

422 515 688 578 genitalium
708 516 819 561 citra
835 534 1019 564 omnem
1043 533 1281 581 contagem
1305 535 1544 564 veneream
1560 550 1574 569 ‚
1598 519 1669 563 vel
1689 519 1742 564 ab
1763 518 1937 582 impura
1961 534 2126 563 venete
2152 533 2257 562 cum

424 579 689 626 mulieribus
714 598 901 643 quarum
930 598 1082 628 uterus
1101 583 1228 646 gravi
1255 583 1376 628 malo
1400 580 1576 628 affectus
1596 580 1726 635 esset,
1750 601 1851 628 cum
1875 581 2054 646 leprosis
2082 595 2156 626 aut
2187 581 2258 628 le·-

422 644 662 709 ptosorum
687 646 989 693 contubernio
1008 648 1320 693 contaminatis
1344 647 1497 694 induci
1526 645 1714 711 potuiffe
1738 648 1851 711 ³*vel
1881 647 1904 692 a
1930 662 2092 693 venere
2118 645 2258 692 etiam

422 709 536 774 pura
554 728 654 756 cum
673 708 782 756 sanis
800 711 1060 758 mulieribus
1076 737 1098 764 ,-
1110 712 1185 759 sed
1209 712 1346 758 nimia
1364 717 1410 758 ὃς
1427 711 1673 757 immodica
1689 712 1892 759 accidere
1912 712 2020 758 olim
2037 709 2264 776 potuisse,

425 774 1656 840 ficutenamnunipossunteffihnnradoneconfflngfflae.

170 845 304 895 Neque
321 840 379 903 al-
491 845 546 887 V.
575 839 711 886 Haud
741 842 929 888 meliore
961 846 1057 903 jure
1077 875 1090 894 ,
1118 860 1263 906 neque
1286 842 1398 889 adeo
1430 841 1624 888 successu
1651 838 1854 887 feliciore
1883 841 2117 887 attentavit
2148 845 2258 889 Bec-

148 909 269 956 terum
288 897 377 935 ‘⁷³¹¹‘
427 903 575 951 kettus
596 904 694 951 loca
721 905 822 958 illa,
848 924 943 969 quae
962 924 1016 952 ex
1047 907 1323 969 Chirurgicis
1350 907 1576 970 Operibus
1602 905 1785 959 Joannis
1810 906 1989 952 Ardern
2018 904 2147 953 affert
2166 940 2178 960 ‚
2209 912 2261 953 δε

147 949 227 988 ‘3¹⁰⁵
245 949 307 990 est.
427 969 505 1016 ubi
526 969 670 1033 agitur
690 970 747 1017 de
773 970 962 1035 phimosi
978 1005 990 1024 ,
1009 972 1328 1036 paraphimosi,
1359 972 1550 1018 urethrae
1578 969 1877 1035 hypersarcosi
1901 970 1990 1017 five
2020 972 2262 1018 caruncula

430 1040 519 1081 &c.
549 1050 597 1079 ut
624 1034 677 1080 ad
702 1033 826 1081 suam
849 1035 1139 1099 detorqueret
1166 1036 1445 1093 sententiam.
1476 1037 1588 1082 Sane
1607 1035 1793 1100 quidem
1820 1051 1945 1081 certo
1978 1036 2139 1082 certius
2167 1037 2255 1089 est,

427 1099 553 1163 quod
582 1100 606 1145 a
631 1101 811 1147 nemine
838 1102 993 1164 negari
1026 1118 1133 1166 puto
1149 1135 1161 1154 ,
1180 1100 1435 1148 affectiones
1454 1102 1548 1147 illas
1567 1135 1578 1153 ‚
1601 1118 1648 1147 ut
1680 1105 1828 1146 Graeca
1852 1100 2035 1147 nomina
2064 1098 2163 1146 satis
2188 1102 2259 1147 in-

428 1164 582 1210 dicant
600 1199 612 1217 ,
632 1165 655 1210 a
681 1165 842 1211 Graecis
874 1166 1067 1212 Medicis
1095 1167 1202 1213 olim
1233 1168 1433 1230 cognitas
1465 1172 1509 1211 &
1535 1165 1773 1229 descriptas
1798 1164 1923 1212 fuisse
1939 1200 1951 1218 ,
1971 1183 2019 1211 ac
2047 1165 2211 1212 deinde
2231 1165 2257 1211 ai

428 1230 620 1282 Latinis,
649 1229 704 1275 ab
736 1231 955 1277 Arabibus
986 1237 1031 1277 &t
1061 1232 1115 1277 ab
1145 1232 1197 1277 iis
1229 1234 1306 1295 qui
1331 1232 1378 1277 in
1408 1231 1583 1295 Europa
1616 1230 1894 1276 Medicinam
1918 1229 2175 1277 factitavere
2201 1231 2257 1276 ab

427 1294 632 1340 Arabum
660 1310 861 1359 tempore
890 1294 1025 1358 usque
1051 1297 1106 1342 ad
1134 1313 1283 1343 renata
1306 1295 1553 1343 litterarum
1585 1295 1737 1341 studia.
1768 1299 1929 1342 Praeter
1959 1295 2176 1342 Galenum
2209 1301 2256 1342 ὃς

430 1358 643 1411 Celsum,
662 1377 774 1422 quos
802 1360 926 1421 supra
946 1361 1247 1414 laudavimus,
1266 1362 1313 1408 in
1341 1376 1551 1426 promptu
1579 1360 1682 1407 elset
1699 1393 1712 1412 ,
1739 1358 1768 1404 fi
1795 1359 1856 1405 ita
1882 1360 2138 1413 videretur,
2159 1359 2257 1407 sex-

432 1439 586 1471 centos
612 1424 719 1470 alios
750 1425 931 1472 laudare
948 1460 960 1478 ‚
983 1427 1099 1490 apud
1118 1444 1228 1489 quos
1251 1426 1415 1489 singula
1440 1425 1674 1472 enucleate
1696 1429 1741 1470 δε
1769 1424 1936 1471 diserte
1963 1426 2260 1489 explicantur,

430 1491 496 1534 At
523 1488 636 1535 verbv
656 1488 907 1537 affectiones
927 1491 1009 1537 illae
1028 1491 1288 1554 genitalium
1316 1492 1372 1537 ab
1390 1491 1614 1537 ordinaria
1640 1488 1768 1535 caus&
1783 1490 1893 1535 olim·
1909 1489 2224 1554 dependebant
2241 1524 2256 1543 ,

430 1568 480 1598 ut
506 1554 770 1601 eorumdem
799 1558 1046 1601 Antitorum
1065 1557 1255 1602 lectione
1272 1556 1370 1602 satis
1397 1556 1564 1620 liquet,
1594 1555 1841 1601 nullatenus
1862 1555 1970 1601 vero
1989 1554 2013 1600 a
2039 1554 2164 1600 causti
2183 1572 2258 1602 ve-

429 1619 565 1665 nerea
591 1652 606 1672 ,
632 1619 719 1666 hoc
750 1622 810 1667 est
836 1618 1024 1666 seminio
1055 1639 1250 1668 venereo
1280 1640 1291 1675 3
1324 1639 1469 1684 neque
1498 1620 1610 1666 adeo
1635 1619 1727 1665 ullo
1758 1619 1897 1665 modo
1932 1617 2264 1666 confundenda:

428 1681 530 1728 funt
555 1701 654 1729 cum
681 1684 989 1732 affeetionibus
1008 1687 1211 1733 venereis
1230 1685 1427 1746 ejusdem
1448 1684 1607 1749 speciei
1628 1718 1639 1736 ‚
1660 1684 1809 1748 quales
1829 1684 1965 1730 hodie
1981 1683 2225 1747 grassantur
2241 1717 2255 1737 ‚

426 1763 479 1793 ut
504 1766 598 1811 quae
619 1783 632 1802 ‚
653 1749 758 1796 licet
788 1768 890 1796 cum
915 1750 1074 1797 iisdem
1101 1752 1256 1797 natura
1275 1756 1320 1798 δι’
1339 1750 1519 1797 laefionis
1538 1749 1677 1796 modo
1707 1765 1979 1812 congeneres
2009 1747 2117 1802 sint,
2135 1749 2259 1796 unde

425 1811 615 1860 similem
645 1832 827 1878 quoque
860 1816 1203 1880 appellationem
1232 1816 1393 1863 fortitae
1416 1814 1516 1861 sunt
1546 1848 1560 1868 ‚
1587 1813 1642 1861 ab
1669 1812 1828 1861 iisdem
1861 1829 2011 1861 tamen
2046 1814 2173 1861 causa
2209 1819 2257 1861 δεῖ

426 1878 608 1941 origine
628 1894 725 1926 toto
757 1898 923 1943 genere
944 1879 1169 1927 differant.

483 1946 680 1989 Demum
699 1945 840 1991 Tertib
859 1984 874 1998 ,
893 1944 1153 1992 Dissertatio
1181 1944 1385 1993 Becketti
1403 1945 1535 1992 tertia
1551 1979 1563 1998 ,
1584 1963 1678 2009 quae
1698 1945 1833 1992 exstat
1852 1943 1899 1988 in
1925 1943 2087 1990 eodem
2118 1943 2260 1992 Volu-

422 2007 546 2054 mine
568 2011 902 2068 Tranfafflomtm
922 2011 1296 2074 Philofhphicarnm
1315 2049 1329 2064 ‚
1359 2019 1425 2056 n0.
1455 2019 1556 2071 366.
1588 2010 1783 2057 versatur
1813 2008 1930 2054 circa
1948 2008 2119 2072 lepram
2148 2013 2262 2054 Ara-

420 2070 535 2118 bum
566 2105 580 2124 ‚
619 2090 752 2135 quam
782 2090 905 2138 putat
931 2075 1006 2121 ille
1037 2075 1223 2139 duplicis
1248 2077 1424 2138 generis
1451 2075 1562 2121 olim
1591 2074 1716 2121 fuisse
1742 2107 1754 2126 ‚
1791 2091 1869 2119 ceu
1899 2073 1946 2117 in
2010 2073 2261 2121 raecedente

422 2135 747 2183 Differ-tatione
766 2142 853 2197 jam
869 2139 1148 2186 indicaverat
1163 2158 1174 2192 3
1191 2158 1323 2186 unam
1344 2139 1508 2186 scilicet
1524 2174 1536 2192 ,
1553 2157 1648 2202 quae
1664 2139 1782 2203 lepra
1800 2138 1907 2184 vere
1921 2091 2024 2184 esslgt
2045 2138 2256 2191 3alteram

423 2202 563 2253 vero,
586 2219 681 2264 quae
716 2202 827 2248 falso
864 2205 1047 2250 nomine
1084 2204 1214 2269 leprae
1243 2222 1342 2251 cum
1381 2204 1602 2250 hodierna
1623 2204 1696 2251 lue
1724 2202 1915 2250 venerea
1934 2201 2092 2249 eadem
2120 2203 2260 2250 foret.

424 2266 513 2312 Sed
548 2266 639 2312 haec
676 2285 808 2314 merae
846 2267 944 2314 sunt
963 2268 1120 2315 fabulae
1139 2303 1150 2322 ‚
1179 2287 1284 2333 quas
1304 2268 1541 2317 Beckettus
1561 2270 1616 2315 ad
1642 2268 1877 2314 libidinem
1898 2266 2053 2330 fingit,
2075 2283 2125 2313 ut
2156 2269 2259 2333 opi-

423 2330 553 2377 nioni
576 2330 657 2377 suae
677 2333 980 2396 patrocinetur
996 2368 1009 2386 3
1034 2334 1108 2380 sed
1123 2352 1217 2397 quae
1234 2339 1323 2396 jam
1340 2334 1517 2381 abunde
1539 2332 1775 2380 confutatae
1795 2332 1891 2378 sunt
1911 2332 2037 2396 supra
2062 2347 2154 2397 cap.
2175 2355 2208 2396 3.

494 2400 598 2440 Huc
629 2413 739 2459 ergo
762 2398 924 2444 recidit
953 2399 1177 2445 rationum
1204 2399 1373 2445 summ-a
1402 2433 1415 2453 ,
1445 2398 1606 2463 quibus
1640 2396 1874 2445 Beckettus
1904 2395 2168 2443 sententiam
2199 2397 2262 2445 de

424 2460 628 2506 novitate
654 2461 736 2507 luis
763 2480 962 2510 venereae
982 2498 993 2516 ,
1010 2481 1104 2527 quae
1142 2482 1257 2510 nunc
1289 2463 1383 2511 fere
1420 2464 1624 2510 omnium
1643 2465 1702 2510 est
1719 2497 1731 2515 ,
1763 2468 1806 2509 &
1825 2480 1919 2526 quae
1954 2460 2184 2508 invalescit
2208 2464 2256 2510 in

424 2524 519 2570 dies
532 2558 545 2577 ,
565 2525 914 2589 impugnandam
934 2526 1152 2591 aggressus
1171 2531 1230 2575 est
1248 2548 1259 2582 3
1278 2547 1438 2594 nempe
1458 2544 1580 2593 putat
1594 2546 1689 2575 rem
1708 2527 1732 2572 a
1752 2526 1792 2574 se
1813 2525 2054 2591 plenissime
2071 2525 2255 2573 confec·

424 2603 516 2633 tam
548 2589 747 2636 adductis
781 2592 1038 2639 testimoniis
1071 2593 1243 2657 aliquot
1262 2628 1273 2646 ‚
1299 2612 1395 2657 quae
1413 2611 1466 2640 ex
1499 2592 1696 2639 obscuris
1719 2598 1764 2638 δα*
1782 2594 2044 2656 plerumque
2072 2591 2254 2636 ineditis

422 2654 610 2717 Scriptis
644 2655 915 2718 conquisita,
952 2657 1107 2705 mutila
1135 2692 1147 2711 ,
1182 2658 1317 2704 dubia
1345 2692 1358 2711 ,
1387 2658 1614 2721 aequivoca
1645 2658 1742 2702 funt
1762 2675 1773 2709 3
1794 2656 1889 2702 imo
1913 2656 2047 2701 etiam
2076 2673 2170 2718 quae
2196 2655 2253 2702 ad

419 2716 535 2763 ,alios
557 2718 740 2764 morbos
766 2720 994 2768 manifeste
1018 2722 1225 2786 specstant.
1268 2727 1350 2770 Nae
1384 2723 1565 2786 egregia
1589 2722 1644 2768 ad
1676 2737 1846 2766 tantum
1874 2719 2092 2765 molimen
2121 2736 2254 2783 argu-

420 2799 602 2834 menta,
630 2801 723 2846 quae
745 2784 774 2829 fi
810 2786 925 2849 apud
948 2804 1094 2849 :equos
1128 2805 1275 2833 rerum
1303 2788 1579 2834 aestimatores
1614 2787 1803 2832 valitura
1836 2783 2000 2835 essent,
2032 2781 2251 2847 spondete

421 2848 557 2892 ausim
592 2866 662 2894 me
699 2849 816 2894 haud
849 2850 1011 2914 dispari
1045 2852 1263 2898 methodo
1281 2851 1573 2916 probaturum
1603 2850 1854 2898 Americam
1873 2883 1884 2901 ,
1907 2863 2106 2912 quartam
2129 2849 2254 2895 illam

424 2912 563 2958 Orbis
578 2928 748 2976 partem
767 2948 778 2965 ,
801 2914 825 2960 23,
849 2914 1001 2961 Priscis
1024 2916 1129 2962 olim
1162 2933 1263 2963 ante
1285 2916 1596 2981 Christophori
1616 2914 1828 2961 Columbi
1850 2930 2051 2977 tempora
2079 2919 2123 2959 ὃς
2147 2931 2252 2976 cog-

424 2977 564 3022 nitam
596 2982 640 3023 &
672 2979 959 3041 navigatione
983 2982 1165 3046 petitam
1193 2981 1350 3034 fuiffe,
1373 2982 1497 3044 quod
1532 2998 1680 3028 tamen
1701 2978 1965 3025 falfiflimum
2000 2975 2083 3024 esse
2113 2994 2250 3041 puto3

422 3041 516 3086 imo
550 3041 658 3087 verb
680 3043 972 3104 probaturum
1007 3046 1089 3092 elle
1124 3046 1457 3092 auetoritatibus
1486 3046 1683 3111 pluribus
1711 3049 1754 3091 &
1773 3041 2093 3094 validioribus,
2113 3042 2254 3105 quam.

422 3119 481 3151 ea:
510 3105 591 3152 fint
614 3123 708 3170 quae
728 3125 810 3171 pro
829 3109 912 3157 luis
934 3128 1132 3159 venerea:
1154 3111 1420 3176 antiquitate
1439 3127 1749 3178 opponuntur..

1796 3236 2058 3285 CAPUT
2126 3239 2254 3285 VII,
