2477 3643
559 110 1683 166 tinnn111.CA1›u1-VI1'1:
1904 126 2008 190 '255⁴

169 199 241 248 -h'd
265 187 484 246 summum
501 198 665 246 fimole
688 196 826 245 nimia
853 212 1051 244 tumeant
1070 229 1083 250 ‚
1112 196 1282 244 obstant
1309 215 1367 245 ne
1400 198 1539 247 libera
1570 198 1621 246 fit
1646 203 1848 266 praeputii
1880 205 2005 272 super

184 264 392 312 balanum
411 263 622 312 deductio
639 263 722 310 'vel
751 262 960 310 adductio
977 295 989 315 ‚
1015 278 1147 328 atque
1169 262 1280 310 adeo
1298 263 1534 328 phimosim
1566 263 1638 314 vel
1664 267 2005 333 paraphimofim

182 329 456 379 habitualem
475 328 693 376 inferunt.

242 398 302 440 At
319 394 430 441 veto
457 393 619 440 accidit
651 393 876 440 interdum
894 426 907 446 ‚
940 409 988 439 ut
1018 392 1248 459 progressu
1274 394 1485 459 temporis
1505 394 1659 442 senfim
1678 396 1975 446 intumescant
1993 435 2006 456 ‚

180 458 450 506 incalescant
469 493 481 512 ‚
499 459 782 505 lancinent&
803 457 989 505 obscure
1019 459 1201 505 doleant
1228 458 1255 504 fi
1279 461 1627 524 comprimantur
1647 495 1659 514 ,
1684 461 1714 507 si
1740 479 1866 510 tento
1885 471 1930 510 &
1951 466 2006 511 ri-

181 539 317 588 gente
334 540 516 571 veretro
541 523 694 570 veneri
723 522 1006 568 militandum
1036 522 1113 576 sit,
1140 540 1213 569 aut
1232 524 1260 568 fi
1279 529 1365 586 jam
1394 525 1553 571 iterato
1573 526 1812 575 militatum
1839 527 2006 583 fuerit,

183 595 231 636 δε
261 605 364 635 tunc
392 589 447 634 ad
478 587 874 635 carcinomatoden
894 605 1094 633 naturam
1126 590 1325 652 proxime
1350 590 1639 653 degenerant.

241 653 381 710 Quod
399 652 427 698 si
446 654 690 718 periculum
717 652 823 699 inde
844 652 1082 698 imminens
1102 652 1306 700 celeriter
1328 671 1421 699 non
1442 671 1736 719 praecaveatur
1751 691 1764 710 ,
1796 659 1940 705 tractis
1958 660 2006 706 in

181 718 453 764 consortium
474 717 766 764 vicinioribus
784 717 978 782 partibus
994 750 1006 770 ,
1026 716 1235 782 auCtaque
1254 720 1301 764 in
1322 720 1415 766 dies
1433 721 1550 767 mole
1572 721 1799 769 manifeste
1821 723 1979 771 dolent
1993 759 2008 779 ‚

179 782 408 830 lancinant
426 816 440 836 ,
467 784 608 830 calent
627 817 639 835 ‚
676 782 931 845 mutataque
961 781 1098 844 figura
1125 783 1169 829 in
1207 785 1376 847 apicem
1401 784 1666 848 faffigiatum
1697 788 1962 836 extuberant
1993 824 2008 844 ,

184 865 320 912 quem
345 848 456 894 cutis
482 847 631 901 tensa,
671 847 785 893 laevis
803 880 815 899 ‚
842 847 991 892 lucens
1009 883 1021 898 ‚
1045 846 1179 893 rubra
1207 848 1382 912 obtegit
1402 869 1412 901 ς
1433 855 1476 895 δέ
1501 866 1603 896 tunc
1624 852 1877 899 carcinoma
1898 873 2009 902 con-

186 914 412 959 firmatum
434 915 492 960 est
511 948 524 966 ‚
542 912 664 976 quod
685 930 764 977 pro
786 910 966 957 diversis
986 910 1065 957 situ
1087 928 1160 958 aut
1181 914 1299 960 mole
1318 913 1576 976 phymatum
1605 917 1675 963 vel
1713 917 2008 975 chordarum,

180 977 206 1023 a
227 977 387 1040 quibus
407 978 584 1024 initium
606 977 730 1023 duxit
748 1010 760 1029 ,
791 975 930 1022 modo
954 975 1165 1022 balanum
1187 978 1509 1043 praeputiumve
1543 995 1684 1026 totum
1703 1016 1716 1035 ,
1735 984 1873 1031 modo
1902 1005 2009 1051 par->

177 1058 268 1090 tem
290 1042 460 1088 tantum
480 1042 624 1088 balani
656 1041 913 1106 praeputiive
933 1057 1135 1104 occupat.

237 1105 450 1165 Quandisi
471 1108 580 1153 cutis
599 1105 889 1152 carcinomati
917 1103 1157 1169 superJeAEta
1179 1105 1355 1169 integra
1373 1107 1431 1152 est
1447 1140 1458 1158 ‚
1480 1110 1672 1155 necdum
1694 1111 1863 1160 discissa
1878 1148 1889 1166 ‚
1910 1133 2007 1162 car-

177 1172 357 1217 cinoma
384 1173 520 1219 latens
552 1171 639 1218 five
657 1171 882 1218 occultum
910 1169 1276 1222 dicitur3vei·uin
1311 1171 1386 1216 ubi
1415 1172 1608 1236 primum
1642 1180 1828 1224 tumoris
1858 1180 2005 1226 incre-

176 1252 329 1282 mento
349 1237 458 1282 cutis
479 1236 716 1282 dilacerata
736 1235 783 1280 in
802 1234 922 1280 ulcus
944 1232 1052 1279 abiit
1066 1268 1078 1287 ,
1099 1235 1355 1282 carcinoma
1373 1252 1544 1285 mutato
1563 1240 1747 1288 nomine
1765 1247 1853 1305 jam
1874 1263 2003 1309 aper-

176 1316 270 1346 tum
290 1306 334 1346 8<
352 1302 653 1346 exulceratum
671 1299 928 1364 appellatur.

239 1366 548 1412 Carcinomati
574 1365 774 1429 praeputii
795 1363 1003 1410 balanive
1023 1397 1035 1416 ‚
1056 1363 1144 1411 five
1178 1365 1355 1411 occulto
1375 1399 1387 1418 ,
1418 1364 1504 1413 five
1537 1368 1790 1415 exulcerato
1812 1404 1824 1423 ,
1851 1373 2004 1419 omnia

174 1428 331 1476 eadem
359 1429 565 1475 accidunt
596 1429 890 1493 symptomata
922 1462 935 1481 ‚
965 1446 1059 1491 quae
1085 1429 1279 1475 bubonis
1306 1431 1680 1479 carcinomatodis
1707 1437 1884 1499 propria
1916 1438 2002 1484 esse

172 1493 301 1559 supra
323 1494 648 1559 dixiriiiis}Cap.
669 1502 708 1539 6.
731 1505 768 1552 ξ.
789 1515 821 1554 3.
842 1498 887 1540 δε
907 1494 1033 1539 tanti)
1051 1494 1233 1557 quidem
1256 1494 1523 1548 intensiora,
1546 1499 1713 1559 quanto
1735 1499 1878 1546 sensus
1895 1519 2003 1565 pra:-

176 1559 289 1623 putii
310 1565 355 1604 δέ
387 1558 622 1624 praesertim
647 1559 795 1605 balani
819 1557 990 1604 acutior
1013 1560 1071 1605 est
1105 1564 1150 1605 δε
1181 1561 1319 1623 magis
1340 1560 1573 1623 exquisitus
1600 1581 1685 1627 prae
1716 1563 1839 1611 sensu
1872 1569 2002 1629 glan-

172 1624 378 1669 dularum
408 1624 718 1687 inguinalium.

239 1692 346 1734 Haec
368 1688 525 1735 eadem
550 1689 600 1734 in
627 1688 888 1735 mulieribus
918 1686 1052 1735 etiam
1072 1687 1366 1735 observantur
1385 1689 1512 1735 simili
1544 1690 1600 1737 de
1624 1692 1750 1738 causa
1769 1727 1782 1745 ,
1813 1694 1860 1739 in
1896 1695 1999 1759 qui-

172 1751 252 1798 bus
282 1753 422 1799 vulvae
448 1753 570 1799 labra
588 1787 601 1805 ‚
629 1770 937 1817 pterygomata
965 1752 1052 1798 five
1092 1754 1321 1817 nymphae,
1356 1753 1523 1800 clitoris
1559 1756 1866 1821 clitoridisque
1890 1778 1999 1824 prae-

169 1817 345 1882 putium
366 1851 378 1869 ,
401 1822 445 1863 δέ
470 1817 770 1879 myrtiformes
801 1816 1046 1863 caruncula:
1067 1817 1286 1880 phymatis
1315 1818 1480 1864 callosis
1506 1819 1750 1867 istiusmodi
1771 1823 1997 1871 interdum

171 1881 339 1927 consita
364 1881 492 1934 sunt,
526 1875 618 1945 quae
652 1883 674 1927 τὶ
711 1881 944 1946 praegreffis
973 1880 1205 1927 ulcusculis
1234 1882 1302 1929 vel
1331 1883 1759 1933 inflammationibus
1797 1891 1999 1938 venereis

168 1945 400 2010 supersunt
422 1947 547 1993 :Iino
574 1947 679 1992 verb
698 1947 744 1991 in
763 1947 922 2010 quibus
949 1963 1043 1990 non
1064 1964 1209 1991 rarum
1240 1949 1297 1992 est
1318 1948 1486 2010 vaginae
1512 1950 1669 1995 ostium
1692 1950 1856 1998 chorda
1878 1953 1998 2002 skir-

167 2010 317 2057 -thode
338 2011 488 2057 annuli
515 2013 644 2057 instar
665 2014 876 2057 arctatum
905 2011 1118 2056 habituali
1138 2011 1254 2074 quasi
1290 2011 1477 2075 pliimofi
1501 2016 1738 2079 constringi
1757 2050 1768 2068 ,
1801 2019 1919 2067 unde
1949 2021 1998 2068 fit

167 2091 216 2121 ut
242 2075 436 2122 scortilla
464 2076 708 2122 diobolaria
729 2111 741 2128 ,
759 2093 853 2141 quae
872 2075 1018 2122 obviis
1037 2075 1390 2139 quibuscumque
1410 2095 1569 2141 corpus
1587 2083 1674 2140 jam
1695 2081 1869 2143 pridem
1897 2086 1996 2131 vul-

160 2156 328 2203 gavere
358 2175 372 2194 ,
411 2143 504 2206 post
540 2144 764 2188 contracta
797 2158 988 2189 venerea
1025 2140 1245 2187 ulcuscula
1282 2141 1543 2189 ementitam
1577 2144 1879 2208 virginitatem
1912 2151 1995 2197 ali-

165 2205 347 2270 quando
379 2223 463 2268 prae
500 2205 542 2252 se
568 2206 730 2252 ferant.

229 2270 350 2315 Sicut
378 2286 527 2316 autem
551 2270 599 2316 in
624 2272 731 2317 viris
749 2273 773 2323 ‚⁹
794 2271 849 2316 fic
880 2276 923 2318 δέ
949 2271 994 2316 in
1020 2271 1215 2318 fceminis
1235 2272 1395 2319 callosa
1415 2291 1467 2320 ea
1494 2273 1700 2338 phymata
1720 2281 1766 2322 δε
1784 2276 1992 2324 skirrlio-

160 2333 238 2380 des
275 2334 452 2380 chordae
477 2335 620 2382 solent
639 2335 863 2382 interdum
885 2337 932 2380 in
964 2353 1159 2383 tumores
1197 2339 1580 2385 carcinomatodes
1601 2346 1643 2385 ὃς
1673 2358 1775 2387 vera
1810 2342 1990 2389 demum

164 2398 471 2444 carcinomata
488 2399 641 2445 sensim
660 2399 784 2446 abire
809 2402 1035 2464 progressu
1055 2402 1216 2447 eodem
1236 2407 1281 2447 ὃ(
1299 2403 1418 2465 aeque
1443 2402 1614 2449 funesto
1631 2403 1834 2451 successu.

159 2484 161 2486 ·
224 2465 482 2525 Utrumque
511 2465 729 2509 catamitis
747 2464 881 2510 etiam
912 2465 1130 2512 familiare
1148 2468 1206 2512 est
1224 2499 1236 2517 ‚
1262 2467 1307 2513 in
1334 2467 1495 2530 quibus
1515 2471 1608 2532 post
1637 2469 1881 2516 ulcerosam
1916 2472 1988 2517 ani

160 2525 565 2573 “inflammationem
605 2545 768 2574 venere
813 2531 1082 2575 contractam
1112 2564 1125 2582 ‚
1167 2531 1396 2577 tubercula
1428 2533 1723 2596 pliymataque
1760 2535 1880 2580 varia
1914 2537 1984 2582 ani

162 2592 413 2654 marginem
439 2591 665 2637 interdum
695 2592 923 2645 obsident,
962 2595 1103 2647 dura,
1133 2595 1292 2641 callosa
1328 2601 1373 2642 ὅ(
1410 2597 1457 2642 in
1494 2598 1748 2643 cancrolam
1782 2616 1986 2648 naturam

162 2654 271 2718 saepe
298 2656 646 2719 degenerantia3
668 2662 712 2703 δέ
745 2659 791 2702 in
820 2658 979 2721 quibus
1008 2660 1031 2704 ii
1065 2660 1190 2705 causa
1217 2661 1375 2707 eadem
1408 2677 1527 2708 tanta
1557 2664 1615 2709 est
1645 2663 1886 2726 aliquando
1912 2667 1986 2712 ani

151 2720 495 2783 -arcstitudojseu
522 2721 728 2785 phimosis
763 2723 880 2784 quasi
910 2723 1144 2769 habitualis
1174 2759 1186 2776 ‚
1218 2726 1273 2770 ab
1302 2726 1517 2772 annullari
1545 2726 1713 2773 choi-da
1750 2728 1986 2777 sicirrhode

163 2783 343 2829 inducta
362 2818 373 2835 ‚
395 2802 441 2830 ut
459 2787 583 2831 faeces
609 2787 686 2831 nisi
717 2786 834 2850 prius
865 2786 1013 2833 solurae
1047 2794 1092 2834 δέ
1119 2805 1321 2836 enemate
1347 2791 1465 2853 quasi
1493 2791 1733 2854 liquefac&
1754 2791 1834 2838 lint
1855 2827 1866 2845 ,
1906 2811 1986 2841 ne-

156 2864 330 2910 queant
350 2849 472 2911 egeri
492 2882 503 2900 ,
533 2850 626 2895 imo
654 2851 787 2897 etiam
815 2869 897 2897 nec
927 2870 982 2897 eo
1002 2855 1129 2915 pacto
1149 2870 1384 2915 egerantur
1404 2873 1595 2919 unquam
1616 2856 1702 2902 fine
1721 2857 1892 2902 dolore.

228 2914 379 2971 Causa.
414 2912 531 2957 Calli
551 2932 705 2960 omnes
739 2916 991 2962 tumoresve
1020 2916 1164 2961 callosi
1193 2917 1305 2963 fiunt
1331 2919 1378 2964 in
1407 2937 1531 2982 parte
1560 2921 1686 2966 molli
1714 2920 1769 2966 ab
1795 2921 1985 2970 humore

2053 401 2153 457 Dum
2165 402 2198 439 ii:
2208 415 2283 442 eat-

2055 461 2239 494 clnomata

2051 501 2280 556 degenerant.

2077 663 2176 722 Dt'iin
2201 664 2281 702 sunt

2048 725 2273 756 carcinoma.

2051 767 2171 813 todea,

2072 1712 2279 1767 Descriptio
2301 1695 2307 1701 -

2040 1768 2250 1807 earumdem
2298 1788 2305 1799 .-

2041 1816 2241 1859 affectioni]

2041 1870 2074 1908 in
2098 1870 2271 1915 foeminis,

2058 2499 2153 2558 {It—in
2168 2500 2264 2540 cata-1

2033 2563 2146 2591 mltis.

2079 2948 2132 2988 Ph
2139 2967 2262 3003 ymata

165 2975 344 3024 viscido
381 2992 739 3040 praeternaturam
775 2979 1001 3025 indurato.
1043 2980 1223 3026 Debent
1266 2982 1401 3044 igitur
1445 2985 1670 3031 tubercula
1698 3018 1710 3036 ,
1743 2985 1983 3049 phymata,
2028 3005 2063 3038 ὅ(
2108 3001 2261 3050 chordae

158 3040 340 3088 chordae
374 3041 631 3087 fxit-rhodes
663 3042 756 3087 tum
777 3042 924 3090 balani
949 3077 961 3096 ,
988 3042 1080 3088 tuni
1099 3048 1328 3109 praeputii,
1350 3064 1445 3110 quae
1476 3048 1641 3113 singula
1670 3050 1725 3096 ad
1758 3051 1891 3097 callos
1918 3068 1985 3099 tu·-

162 3110 406 3169 moresque
432 3106 616 3176 call'osos
643 3106 896 3170 pertinent,
923 3107 977 3154 ab
998 3110 1187 3158 humore
1218 3109 1462 3165 istiusmodi
1479 3113 1525 3164 in
1544 3115 1746 3181 praeputii
1779 3115 1985 3167 balanive

158 3187 383 3235 *contextu
411 3169 683 3237 spisselcente
701 3171 970 3242 (16961ῑά6ῑῆ
1703 3247 1735 3293 L
1759 3245 1773 3294 ἱ

2030 3054 2246 3099 skltthodes

2031 3103 2121 3143 fiunt
2136 3108 2158 3147 a
2176 3112 2265 3155 lim«

1978 3214 1983 3218 ¹
2029 3156 2118 3207 pha.
