2477 3643
186 678 278 726 Qut'i
298 690 388 730 ptu-

161 730 285 768 denti&
326 731 394 768 de-

160 795 245 820 ceat
274 796 397 836 aegro-

163 847 284 873 tantes
312 847 397 886 per-

161 888 306 923 contati
330 889 373 924 de

163 939 301 976 morbis
331 946 397 977 ve-'

162 991 281 1028 nereis
297 1019 307 1033 ,
335 992 399 1041 qui

163 1041 291 1081 forsan
314 1056 401 1097 prae-

165 1094 311 1132 ceffere.

182 1167 399 1210 Viros,tum

166 1219 232 1268 qui
257 1217 398 1256 adoles-

166 1281 305 1314 centes,
321 1283 400 1307 tum

166 1334 270 1358 aetate
311 1335 399 1373 pto-

167 1373 348 1411 vee'tiores

170 1423 266 1462 suut.

188 1513 371 1552 Ifoeminas
388 1538 400 1557 ‚

171 1575 252 1601 turn
286 1578 364 1616 quae

169 1629 309 1666 nrrprae,
325 1628 404 1653 turn

170 1681 252 1718 qua·
270 1669 401 1720 innup-

170 1731 213 1759 1ae
240 1719 331 1759 fluit.

420 139 543 206 Ὧς,
768 112 1953 185 ΒΓΜΟΒΒῩΒὛΕΝΕΨΚΕΜ.

434 216 693 281 ambiguum
713 213 926 283 superesse
949 217 1088 283 posset
1108 233 1163 262 an
1184 215 1207 260 εὶ
1226 215 1299 261 lue
1325 211 1518 261 venerea
1538 247 1551 266 ,
1579 232 1632 261 an
1657 212 1680 258 a
1703 213 1828 274 causa
1862 214 1948 260 alia
1977 213 2133 277 quavis
2160 212 2266 262 sim-‘-

434 283 622 349 pliciore
642 282 904 328 advenerint
922 298 937 328 2
960 282 1048 329 Sed
1069 282 1143 327 vix
1162 280 1323 342 dignus
1345 279 1405 324 est
1426 277 1606 326 vindice
1637 279 1782 324 nodus
1809 278 1885 325 ille
1902 313 1914 333 ,
1945 278 2045 325 cum
2064 280 2110 328 in
2130 297 2261 326 utro·
2279 279 2286 287 ’

435 366 525 412 que
543 346 641 394 casu
659 346 991 410 hydrargyrosis
1009 345 1194 410 perinde
1214 342 1470 389 adhibenda
1494 342 1544 388 fit
1560 376 1573 395 ‚
1602 358 1652 388 ut
1677 344 1770 389 lues
1801 343 2010 390 radicitus
2031 343 2230 392 deleatur
2245 378 2261 398 ,
2281 387 2284 389 .

439 419 487 460 δε
513 413 562 459 ea
588 411 721 458 semel
755 411 905 458 curatzi
935 412 979 455 in
1016 425 1170 474 aperto
1201 407 1402 454 futurum
1424 406 1476 452 fit
1495 440 1507 459 ‚
1537 407 1564 452 fi
1591 406 1883 472 symptomata
1913 408 2037 454 fimul
2069 408 2260 457 cessave-

438 478 531 524 rint
547 511 559 532 ‚
586 476 770 523 morbos
788 510 801 529 ,
820 476 874 521 ad
888 492 1004 537 quos
1028 474 1312 539 pertinebant
1327 505 1340 525 ,
1369 471 1729 536 symptomaticos
1750 472 1876 519 fuisse
1896 479 1940 520 &
1961 474 1984 519 :l
2006 473 2078 520 lue
2105 475 2265 520 oriun-

438 541 600 595 dos3s1
632 540 739 587 vero
758 538 1042 604 perseverent
1062 573 1074 592 ‚
1105 537 1288 584 morbos
1316 537 1498 583 eosdem
1519 534 1762 582 essentiales
1793 537 1906 592 esse,
1936 539 2139 602 adeoque
2172 539 2267 604 post

444 622 640 654 curatam
666 606 783 650 luem
807 603 1018 668 specificis
1036 603 1242 650 remediis
1265 620 1316 650 ex
1336 618 1430 648 arte
1449 602 1772 666 oppugnandos
1786 600 1884 648 effe.
2266 621 2268 623 >

476 689 478 691 ’
505 675 592 717 Pro
614 668 830 715 coronide
854 669 1051 730 juniores
1069 667 1277 714 Medicos
1296 667 1493 713 monitos
1521 666 1657 711 velim
1678 698 1691 718 ,
1711 681 1759 710 ut
1789 665 1831 711 se
1861 666 2055 713 modeste
2079 684 2234 732 gerant
2252 702 2267 720 ‚

446 752 527 782 ceu
557 736 774 798 ingenuos
795 733 925 779 decet
943 767 955 785 ‚
975 747 1068 778 tum
1087 733 1135 777 in
1161 730 1426 777 sciscitando
1447 748 1501 776 an
1523 735 1567 776 &
1593 730 1742 792 quales
1774 729 1922 775 morbi
1942 734 2134 779 vvenerei
2164 750 2269 798 prae-

446 799 652 847 cefl'erint
667 831 679 850 ‚
700 814 793 843 tum
812 799 858 842 in
878 797 1187 863 patefaciendo
1208 797 1316 861 quid
1338 797 1393 842 de
1408 795 1634 860 praesentia
1654 794 1736 840 luis
1755 811 1948 840 venereae
1969 795 2044 859 ipfi
2063 796 2268 843 sentiant.

513 869 548 909 Ι.
573 863 706 910 Levis
734 862 919 926 quidem
950 865 1199 925 conjthura
1226 859 1384 908 sufficit
1411 860 1467 908 ad
1489 859 1792 906 adolescentes
1818 858 2056 921 juvenesve
2076 861 2271 908 interro-

448 927 617 991 gandos
635 961 647 979 ,
673 943 721 972 ut
738 929 815 991 qui
836 926 1018 991 gestiant
1038 926 1222 973 morbos
1242 943 1460 972 venereos
1477 958 1490 977 ,
1511 943 1623 988 quos
1649 929 1737 986 jam
1757 923 1858 988 passi
1876 922 1976 969 sunt
1993 958 2004 976 ‚
2034 924 2151 972 ultro
2169 943 2271 972 nar-

448 1010 546 1039 rare
563 1027 576 1045 ‚
598 991 716 1055 quasi
738 992 918 1056 egregia
937 992 1131 1039 totidem
1150 990 1378 1043 facinora,
1402 1007 1595 1053 quorum
1625 993 1745 1048 juvat
1777 986 2035 1035 meminisse.
2076 993 2134 1035 At
2162 990 2273 1038 verb

448 1058 709 1120 urgentiore
739 1057 1077 1121 praesumptione
1108 1073 1216 1121 opus
1251 1058 1311 1102 est
1329 1089 1341 1107 ,
1365 1054 1396 1101 fi
1429 1072 1528 1100 cum
1552 1054 1659 1099 viris
1680 1054 1971 1100 maturiorem
1993 1070 2164 1101 [etatem
2186 1060 2274 1116 jam

450 1122 647 1168 assecutis
678 1138 831 1185 agatur
845 1157 854 1172 ‚
882 1120 1151 1187 potissimum
1171 1120 1200 1165 si
1221 1119 1491 1167 severiorem
1524 1119 1622 1164 vitae
1643 1119 1863 1164 rationem
1885 1118 2059 1181 ingressi
2083 1119 2207 1172 sunt,
2227 1134 2275 1165 ut

450 1204 562 1251 quos
579 1221 591 1238 ‚
618 1186 646 1231 fi
668 1204 760 1232 non
781 1187 948 1250 pudet,
970 1187 1117 1250 pigeat
1134 1186 1287 1231 saltem
1304 1184 1509 1247 antiquos
1526 1200 1698 1230 errores
1727 1183 1938 1246 relegere.
1970 1183 2277 1231 Nihilominus

451 1267 600 1298 tamen
618 1269 674 1297 ne
693 1252 914 1297 cunEtatio
944 1251 1082 1298 nimia
1109 1251 1242 1314 culpae
1264 1248 1403 1296 affinis
1424 1248 1628 1295 videatur
1649 1281 1661 1299 ,
1682 1248 1913 1312 propositis
1932 1247 2111 1294 demum
2142 1266 2275 1312 argu-

450 1317 612 1366 mentis
636 1334 688 1363 ex
740 1316 927 1363 raesentis
957 1315 1105 1361 morbi
1136 1317 1245 1360 statu
1276 1313 1540 1364 manifestis,
1578 1329 1672 1375 quae
1709 1312 2015 1358 auotoritatem
2048 1312 2277 1377 quaestio'ni

452 1380 618 1427 addant
636 1415 648 1434 ,
674 1335 814 1428 libere
834 1380 1121 1444 quaerendum
1140 1381 1198 1427 est
1215 1398 1268 1424 an
1288 1384 1567 1441 juventutem
1591 1376 1701 1423 labis
1723 1394 1921 1422 venereae
1948 1378 2009 1422 ita
2027 1377 2275 1425 immunem

453 1446 628 1509 egerint
646 1480 658 1497 ‚
682 1462 729 1491 ut
752 1445 792 1492 se
816 1446 869 1492 ab
889 1445 1015 1491 omni
1036 1443 1284 1509 suspicione
1305 1460 1465 1489 vacuos
1482 1441 1566 1487 esse
1586 1445 1681 1502 jure
1709 1441 1917 1486 arbitrari
1938 1441 2105 1506 possint.

521 1515 586 1556 II.
619 1510 756 1568 Quod
777 1510 833 1555 ad
851 1509 1057 1555 foeminas
1078 1509 1238 1573 spestat
1257 1542 1268 1560 ,
1287 1526 1353 1554 res
1380 1506 1560 1570 quidem
1594 1505 1692 1551 satis
1719 1505 1859 1551 facilis
1886 1508 1945 1551 est
1972 1512 2017 1552 δε
2037 1506 2245 1571 expedita
2264 1540 2278 1558 ,

451 1572 483 1619 fi
506 1574 560 1621 de
579 1575 725 1638 nuptis
747 1575 947 1621 viduisve
973 1574 1145 1636 quaestio
1168 1573 1233 1618 sit.
1261 1576 1440 1634 Urgens
1468 1570 1587 1616 enim
1618 1570 1898 1634 praesumptio
1916 1604 1928 1620 ‚
1959 1571 2053 1616 imo
2083 1573 2191 1618 vero
2210 1571 2279 1617 le·-

453 1638 554 1685 vior
578 1642 830 1699 conjestura
852 1638 1009 1684 sufficit
1028 1671 1040 1690 ,
1074 1653 1122 1683 ut
1149 1641 1246 1700 jure
1278 1635 1556 1701 percunEmri
1577 1634 1708 1680 liceat
1724 1668 1735 1687 ,
1762 1652 1855 1679 non
1871 1634 1981 1697 quid
2009 1635 2106 1699 ipsae
2127 1635 2278 1682 forsan

454 1703 630 1767 egerint
646 1738 658 1755 ,
679 1703 803 1767 quod
825 1703 996 1768 semper
1016 1702 1137 1748 nefas
1151 1737 1163 1754 ,
1187 1702 1264 1748 sed
1285 1701 1393 1765 quid
1414 1715 1545 1763 agant
1565 1699 1795 1762 egerintve
1817 1700 1966 1744 mariti
1989 1719 1998 1745 :
2020 1700 2138 1746 Usus
2157 1701 2280 1747 enim

454 1768 644 1815 invaluit
663 1770 783 1814 viros
799 1802 812 1820 ,
834 1784 881 1813 ut
912 1773 1005 1830 jure
1035 1767 1312 1812 matrimonii
1332 1766 1580 1811 liberorum
1597 1764 1798 1809 omnium
1820 1797 1832 1816 ,
1866 1782 1976 1826 quos
2003 1783 2113 1811 uxor
2135 1782 2282 1830 partu-

453 1834 514 1880 rit
530 1866 543 1885 ‚
572 1849 776 1898 parentes
798 1832 895 1878 sunt
912 1866 923 1885 ,
953 1832 1008 1877 fic
1030 1832 1163 1877 etiam
1184 1830 1448 1876 morborum
1467 1829 1670 1875 omnium
1692 1846 1992 1874 venei-eorum
2009 1863 2020 1882 ,
2036 1848 2146 1893 quos
2168 1848 2280 1876 uxor

452 1897 620 1962 patitur
639 1931 651 1948 ‚
675 1900 873 1943 aucCtores
903 1896 988 1942 ess'e
1007 1900 1103 1956 jure
1121 1896 1192 1941 vel
1212 1896 1386 1955 injurii.
1425 1894 1496 1939 Sic
1518 1910 1626 1955 ergo
1648 1893 1750 1937 dat&
1769 1892 1904 1939 semel
1938 1895 2164 1940 occasione
2185 1928 2196 1946 ,
2233 1911 2283 1940 ut

453 1960 652 2008 soz-mium
689 1961 842 2006 naturai
864 1959 1104 2024 suspiciosae
1132 1959 1229 2004 sunt
1262 1965 1306 2005 δε
1343 1958 1585 2021 loquacula·
1608 1991 1620 2008 ‚
1654 1975 1940 2020 qua‘cumque
1975 1959 2031 2004 de
2060 1959 2165 2005 viris
2201 1959 2284 2005 suis

455 2026 672 2071 noverint
692 2058 703 2075 ,
733 2042 1020 2087 quascumque
1040 2024 1139 2086 ipsse
1160 2041 1354 2085 unquam
1372 2037 1559 2084 expertae
1584 2020 1749 2066 fuerint
1776 2021 1956 2067 illorum
1979 2023 2283 2070 contubernio

457 2089 615 2153 sponte
643 2089 848 2134 effutient
867 2123 878 2141 ,
896 2088 1016 2134 unde
1038 2088 1233 2148 judicatu
1250 2086 1380 2134 facile
1407 2085 1608 2132 futurum
1635 2086 1692 2130 est
1718 2085 1827 2148 quid
1854 2085 1910 2131 de
1943 2087 2022 2132 luis
2058 2088 2282 2151 praesentia

460 2153 736 2217 opinandum
754 2153 817 2198 fit.
843 2159 902 2199 At
922 2154 1030 2198 vero
1049 2152 1220 2197 lubrica
1241 2158 1284 2198 &
1306 2151 1522 2217 perardua
1547 2168 1616 2196 res
1642 2150 1702 2195 est
1719 2183 1730 2201 ‚
1761 2149 1789 2193 sl
1817 2151 1864 2194 in
1879 2152 2114 2212 quaestione
2136 2153 2284 2200 verse-

463 2234 533 2263 t-ur
559 2220 685 2263 status
716 2218 1028 2282 innuptarum,
1049 2216 1288 2280 prasertim
1323 2233 1416 2279 quae
1435 2214 1600 2260 famam
1623 2213 1711 2259 sine
1736 2213 1833 2260 labe
1855 2230 2033 2261 teneant
2054 2251 2065 2269 ,
2095 2223 2137 2262 δε
2159 2218 2285 2263 sanc-

464 2284 580 2328 tiore
617 2281 873 2346 superbiant
904 2284 1002 2328 vitae
1036 2282 1234 2326 instituto
1255 2300 1265 2335 3
1287 2299 1391 2326 tunc
1424 2279 1523 2325 sane
1544 2278 1622 2324 nisl
1641 2277 2113 2326 inconsiderantiffimae
2134 2288 2179 2327 &
2202 2283 2285 2328 de-

464 2346 734 2393 mentiffimae
755 2347 1015 2394 temeritatis
1034 2362 1187 2392 notam
1208 2346 1358 2410 parum
1385 2362 1508 2390 cures
1525 2342 1721 2405 effugere
1739 2376 1753 2395 ,
1779 2360 1923 2406 neque
1954 2344 2137 2409 suspicio
2165 2347 2286 2410 prius

464 2411 702 2475 aperienda
723 2414 781 2456 est
797 2445 807 2461 ,
830 2412 962 2474 quaim
986 2411 1109 2456 certo
1139 2411 1304 2473 liqueat
1336 2411 1391 2456 de
1412 2409 1484 2455 lue
1515 2407 1703 2453 venere&
1730 2426 1741 2460 ¹>
1776 2425 1920 2470 neque
1941 2425 2033 2454 tum
2066 2411 2176 2456 vero
2201 2430 2287 2458 un-

462 2492 597 2538 quam
626 2476 864 2538 aperienda
884 2510 895 2528 ,
930 2475 1008 2521 nisi
1031 2475 1125 2520 odii
1151 2475 1386 2538 mitigandi
1418 2473 1543 2518 causa
1574 2471 1722 2517 morbi
1752 2474 1975 2534 originem
2003 2475 2051 2519 in
2086 2492 2289 2538 parentes

463 2540 536 2586 vel
559 2540 751 2585 nutrices
778 2539 1078 2586 refundendo.
1116 2536 1223 2585 Vidi
1254 2539 1465 2603 equidem
1496 2555 1550 2583 eo
1580 2538 1705 2600 paffito
1740 2536 2024 2596 innuptarum
2058 2539 2286 2602 plerasque

462 2622 570 2667 quas
590 2604 928 2667 interrogandas
948 2603 1084 2650 habui
1105 2637 1117 2655 ,
1151 2622 1244 2649 rem
1267 2603 1365 2649 satis
1387 2602 1528 2648 libere
1552 2599 1765 2646 confessas
1794 2601 1877 2646 esse
1911 2622 1924 2656 ·,
1959 2602 2107 2648 saltem
2134 2604 2160 2647 fi
2193 2622 2287 2666 quae

464 2669 810 2715 verecundiores
842 2669 1009 2715 fuerint
1027 2700 1040 2719 ,
1068 2670 1161 2713 veri
1184 2668 1263 2713 sibi
1296 2666 1488 2714 conscias
1522 2683 1603 2712 nec
1632 2664 1799 2710 inficias
1823 2666 1948 2713 iviffe
1969 2701 1980 2719 ‚
2009 2685 2090 2713 nec
2122 2685 2289 2731 propo-

462 2731 551 2777 fitis
572 2732 781 2779 remediis
800 2733 1001 2780 difficiles
1031 2731 1120 2777 sese
1152 2732 1375 2796 praebuisse
1394 2766 1406 2784 ,
1436 2731 1559 2792 quod
1592 2729 1778 2775 Medico
1809 2729 1905 2776 satis
1936 2731 2019 2777 esse
2039 2731 2175 2778 debet
2197 2767 2210 2783 ,
2238 2748 2288 2779 ut

461 2796 542 2861 qui
562 2796 617 2845 de
639 2797 788 2845 morbi
811 2799 986 2863 origine
1012 2796 1167 2860 parum
1188 2796 1403 2845 sollicitus
1423 2829 1437 2850 ‚
1456 2795 1586 2842 solius
1614 2793 1856 2841 curationis
1886 2795 2045 2843 debeat
2073 2796 2286 2863 satagere.

1273 2992 1460 3085 6ΰὲἳὲ

1918 3253 2176 3301 CAPUT
2226 3255 2283 3301 V.
