2477 3643
159 408 385 461 Contagium

159 476 243 501 cum
266 463 347 500 san·

157 517 264 568 guine
294 527 386 552 con-

158 568 280 606 fusum
309 566 383 604 hu·-

154 633 277 660 mores

156 672 336 732 qtiqsdam

155 724 278 778 potuis

152 779 264 829 quam
293 777 386 816 alios

155 829 341 875 affcQatc.

152 1845 161 1853 '
178 1858 213 1884 i.
232 1848 380 1889 Semen‚

154 1895 356 1935 humores-

153 1963 224 2001 que
249 1949 356 1988 semi-

153 2004 266 2049 males.

182 2621 389 2659 'mi-inmo-

156 2682 217 2709 tes
260 2671 389 2710 ambos

155 2735 249 2761 cutis
265 2752 276 2768 ‚
303 2737 388 2761 mu-

154 2776 288 2812 cosum
318 2774 387 2812 sci-

157 2826 248 2865 licet
272 2834 305 2866 &
331 2830 388 2866 st-

157 2878 324 2920 baccum.

194 3032 390 3076 3.Mucos,

160 3094 243 3120 tum
273 3093 343 3117 ons
360 3109 370 3125 ,

164 3145 244 3177 rum
255 3133 373 3172 nanti,

434 124 523 179 298
775 117 1946 170 DEMORBISVENEREis.

433 201 556 255 lare3
577 196 742 253 solida,
759 199 925 311 1quibus
948 200 1179 248 instillatur
1195 232 1207 253 ,
1230 197 1390 247 rodere
1411 202 1456 246 δε
1475 198 1730 249 exulcerare
1750 219 1762 257 3
1784 204 1831 249 &
1858 217 2052 269 utroque
2078 204 2265 254 nomine

436 263 718 313 numerosam
778 282 1104 332 ymptomatum
1134 299 1148 320 ,
1191 281 1286 330 quae
1335 262 1546 312 recensita
1590 264 1691 314 sunt
1723 298 1735 320 ,
1785 281 2012 317 catervam
2048 268 2262 318 inducere

437 330 598 379 valeat.

502 395 671 444 Verum
698 412 846 444 tamen
863 429 874 447 ,
895 393 1100 458 quamvis
1131 391 1406 457 experientia
1435 410 1716 459 compertum
1739 394 1789 442 sit
1815 395 2025 444 humores
2051 398 2232 463 quosvis
2250 433 2268 453 .

434 462 513 525 qui
543 462 598 508 ab
624 461 791 509 infecto
827 459 1039 522 sanguine
1075 457 1314 511 secedunt,
1341 457 1531 505 seminio
1561 459 1805 507 istiusmodi
1826 460 1940 509 affici
1959 464 2079 527 posse
2112 469 2158 511 ὃς
2187 465 2263 511 in·

433 527 534 580 fici,
564 544 708 591 neque
731 526 868 572 ullum
896 523 1068 587 penitus
1090 523 1176 570 effe
1193 558 1205 576 ‚
1232 524 1311 587 qui
1336 523 1641 588 integritatem
1669 524 1789 572 suam
1811 544 1943 590 queat
1965 529 2183 593 perpetuo
2206 529 2265 576 il-

433 592 615 640 libatam
635 591 750 638 tuei·i
768 624 780 643 ‚
801 589 1034 636 fatendum
1055 590 1114 635 est
1132 589 1392 653 contagium
1413 606 1657 635 venereum
1684 590 1894 638 humores
1926 592 2142 657 quosdam
2175 613 2264 659 po-

433 657 518 705 tius
537 658 669 721 quam
688 656 796 701 alios
821 672 874 701 ex
896 652 936 699 se
955 652 1160 701 affectare
1179 688 1191 707 ,
1211 672 1312 700 cum
1333 654 1399 700 his
1420 653 1590 700 facilius
1623 654 1957 720 promptiusque
1989 658 2124 721 quzim
2158 677 2261 706 cum

432 723 525 771 aliis
545 721 755 769 affinitate
790 720 1003 783 conjungi
1030 737 1042 772 3
1075 719 1279 783 adeoque
1299 736 1443 785 partes
1466 719 1707 784 peculiares
1725 753 1737 771 ‚
1762 720 1923 783 quibus
1951 722 2015 768 illi
2035 723 2261 770 destinan-

429 806 498 836 tur
515 822 528 841 ‚
550 787 788 850 muniaque
807 784 966 849 quibus
987 785 1248 832 exercendis
1275 801 1434 831 vacant
1456 819 1468 837 ,
1494 783 1722 849 specialius
1754 790 1798 830 ὃ(
1831 783 2106 850 frequentius
2139 789 2262 836 labe-

427 853 606 901 fastue.
639 851 778 898 Unde
799 850 874 902 fit,
902 867 950 896 ut
979 850 1083 896 licet
1118 848 1364 916 symptoma
1384 849 1644 897 morbosum
1674 849 1845 897 nullum
1874 850 1925 897 fit
1944 885 1956 902 ‚
1979 853 2101 914 quod
2134 853 2159 898 ὲ
2187 855 2262 902 lue

427 917 620 968 venerea
640 916 922 982 dependere,
949 915 1074 980 quod
1098 933 1200 961 cum
1219 919 1290 964 lue
1314 915 1499 962 venerea
1533 916 1745 978 conjungi
1773 933 1865 962 non
1899 915 2052 981 poffit‚
2082 916 2165 964 sint
2192 935 2261 965 ta-

431 1001 537 1032 men
562 983 704 1046 aliqua
720 1017 733 1035 ,
761 999 855 1046 quae
889 982 944 1028 ad
978 981 1101 1027 illam
1133 980 1252 1029 luem
1285 978 1563 1045 frequentius
1581 1014 1595 1034 ,
1620 986 1665 1027 δε
1689 998 1736 1028 ut
1755 980 1818 1027 ita
1837 980 1985 1028 dicam
2004 979 2269 1030 effentialius

430 1049 658 1115 pertinere
679 1047 930 1094 videantur.

496 1120 548 1160 In
582 1130 749 1178 genere
766 1112 948 1176 quidem
977 1112 1143 1158 constat
1174 1109 1296 1157 virus
1327 1127 1600 1163 venereum,
1621 1110 1721 1157 cum
1755 1109 1912 1157 natura
1942 1109 2106 1175 pingue
2132 1108 2182 1156 fit
2218 1116 2267 1158 &

431 1178 655 1228 viscosum
675 1214 686 1231 ,
706 1196 808 1224 cum
830 1177 1068 1243 pinguibus
1088 1211 1101 1229 ‚
1123 1176 1297 1223 viscosis
1316 1181 1360 1222 <Sc
1381 1175 1546 1222 insulsis
1571 1175 1719 1222 fluidis
1738 1174 1949 1222 facillime
1964 1175 2266 1231 commisceri,

431 1245 637 1309 adeoque
660 1244 869 1290 humores
895 1243 1012 1289 istius
1038 1242 1214 1306 generis
1230 1275 1241 1294 ‚
1265 1257 1312 1287 ut
1339 1240 1419 1286 sibi
1442 1242 1632 1288 maxime
1655 1241 1864 1305 analogos
1882 1275 1894 1293 ‚
1928 1240 2128 1287 citissime
2150 1246 2194 1287 δε
2216 1258 2265 1289 ut

464 1309 675 1356 lurimiim
705 1309 908 1355 omnium
941 1309 1109 1372 primos
1138 1307 1456 1354 contaminare.
1490 1307 1576 1353 Sed
1604 1305 1705 1352 cuni
1731 1306 1783 1353 ea
1817 1306 1863 1352 in
1895 1324 1940 1352 re
1967 1324 2021 1353 ex
2049 1307 2266 1370 peculiari

432 1329 674 1421 iiiimorum
699 1374 855 1420 naturzi
877 1379 922 1419 δε
945 1373 1100 1420 indole
1118 1406 1130 1426 ,
1159 1390 1253 1435 quae
1280 1372 1538 1436 plerumque
1565 1372 1672 1417 latet
1693 1404 1705 1423 ‚
1731 1387 1825 1416 non
1891 1388 1998 1416 auca
2035 1370 2265 1418 diversitas

432 1439 684 1487 intercedat
702 1474 714 1492 ‚
740 1457 790 1485 ac
811 1437 1033 1504 proposita
1052 1437 1189 1483 modo
1216 1437 1367 1500 regula
1390 1435 1729 1500 exceptionibus
1748 1389 1946 1500 pluribus
1962 1435 2068 1482 inde
2087 1451 2235 1500 pateat
2249 1469 2266 1491 ,

432 1523 577 1570 operae
598 1505 790 1570 pretium
812 1503 953 1551 visum
977 1505 1036 1550 est
1065 1502 1224 1548 scalam
1242 1500 1331 1548 five
1352 1500 1561 1547 tabellam
1581 1501 1806 1547 harumce.
1819 1498 2083 1546 affinitatum
2104 1518 2157 1547 ex
2179 1500 2267 1547 ob-

432 1569 758 1617 servationibus
787 1569 920 1633 quzlm
938 1568 1129 1615 maxime
1150 1567 1281 1614 certis
1308 1566 1531 1612 conficere
1548 1599 1560 1618 ,
1589 1570 1709 1627 cujus
1727 1583 1813 1629 ope
1842 1583 1932 1611 uno
1953 1563 2071 1628 quasi
2099 1566 2267 1613 intuitu

431 1635 679 1701 perspicere
698 1633 829 1681 liceat
861 1651 955 1698 quae
974 1630 1325 1696 frequentissima
1343 1630 1429 1678 effe
1460 1630 1628 1676 soleant
1658 1631 1741 1676 luis
1761 1646 1961 1676 venereae
1993 1628 2267 1694 symptoma-

432 1716 476 1747 ta
494 1734 506 1753 ,
533 1717 665 1764 atque
688 1699 795 1746 inde
820 1698 953 1745 tutius
979 1697 1209 1762 praesagire
1241 1714 1336 1761 quae
1367 1695 1570 1761 proxime
1603 1690 1925 1762 impendeant,
1951 1700 1996 1741 ὃ(
2027 1711 2123 1759 quae
2154 1712 2267 1761 prae-

430 1764 627 1813 sentibus
647 1764 887 1811 successura
909 1763 1005 1809 sint.

496 1836 651 1894 Itaque
688 1837 750 1875 10.
783 1833 945 1876 Senien
982 1825 1265 1892 prolificum‚
1297 1825 1421 1890 quod
1453 1824 1501 1871 in
1533 1823 1712 1872 testibus
1745 1823 1946 1871 virilibus
1975 1824 2269 1879 elaboratur}

430 1894 732 1958 humoresque
759 1892 991 1940 seminales
1010 1891 1155 1938 caeteri
1174 1924 1187 1942 ‚
1206 1891 1283 1953 qui
1310 1892 1356 1938 in
1377 1891 1482 1937 viris
1507 1890 1692 1954 quidem
1717 1889 1764 1934 in
1786 1889 1986 1954 prostatis
2003 1924 2016 1943 ,
2045 1890 2268 1954 glandulis

433 1959 751 2025 Cowperianis
781 1963 827 2005 δε
847 1957 1014 2004 lacunis
1033 1954 1250 2008 urethrae3
1278 1955 1325 2001 in
1353 1955 1548 2002 foeminis
1574 1955 1684 2002 vero
1715 1954 1761 1999 in
1784 1955 1985 2018 prostatis
2001 1988 2016 2008 ,
2044 1955 2267 2019 glandulis

432 2024 749 2087 Cowperianis
767 2057 780 2076 ,
807 2028 853 2069 δε
888 2020 1243 2083 botryformibus
1272 2020 1489 2083 glandulis
1522 2020 1690 2083 vaginae
1711 2019 2040 2071 conficiuntur,
2068 2020 2265 2084 primum

434 2089 793 2156 potissimumque
826 2085 1048 2133 affinitatis
1082 2083 1270 2149 gradum
1304 2084 1384 2130 fibi
1414 2084 1647 2131 vindicant
1678 2102 1690 2137 3
1722 2101 1805 2130 nec
1839 2084 2100 2131 immerito:
2130 2085 2266 2132 Virus

431 2157 556 2203 enim
578 2171 818 2201 venereum
835 2187 848 2206 ‚
871 2151 995 2216 quod
1015 2151 1039 2196 ὲ
1060 2164 1272 2213 corrupto
1301 2148 1468 2196 semine
1490 2147 1690 2214 primitiis
1720 2149 1922 2211 genitum
1947 2151 2007 2196 est
2023 2183 2034 2201 ‚
2064 2149 2268 2213 origina-

432 2221 508 2267 riae
536 2219 699 2266 indolis
729 2218 926 2265 retinens
954 2214 1091 2262 debet
1121 2232 1222 2260 cum
1250 2212 1534 2261 seminalibus
1560 2213 1708 2260 fluidis
1736 2213 1933 2277 proxime
1966 2213 2266 2277 homogeneis

428 2283 557 2332 facili
580 2283 809 2331 connubio
832 2281 968 2345 jungi.
996 2280 1117 2327 Hinc
1141 2294 1404 2344 perpetuum
1435 2280 1494 2325 est
1521 2279 1568 2324 in
1603 2278 1863 2343 syphiliticis
1892 2277 2040 2325 semen
2064 2284 2109 2324 &
2132 2278 2266 2325 semi-

429 2351 553 2397 nales
576 2350 784 2396 humores
815 2344 1113 2394 contaminari
1130 2378 1143 2397 ,
1165 2344 1445 2408 quacumque
1475 2344 1548 2390 via
1569 2361 1662 2390 non
1682 2342 1944 2407 genitalium
1963 2343 2104 2389 modo
2123 2377 2133 2395 ,
2156 2360 2267 2390 con-

432 2414 719 2468 cumbend03
746 2413 823 2460 sed
850 2413 984 2460 etiam
1012 2428 1336 2462 mammarum,
1365 2409 1568 2455 latitando
1587 2427 1598 2462 3
1619 2408 1708 2454 oris
1725 2442 1738 2461 ,
1767 2407 1966 2471 sugendo
1994 2409 2065 2455 vel
2092 2406 2267 2454 bastan-

432 2481 494 2528 do
514 2500 525 2534 3
545 2481 655 2527 cutis
672 2514 684 2532 ,
706 2478 913 2525 cubando
934 2483 1021 2523 &c.
1049 2475 1306 2538 contagium
1332 2490 1600 2539 conceptum
1615 2472 1751 2520 fuerit
1766 2507 1779 2526 ‚
1797 2472 1919 2519 unde
1939 2489 2029 2520 tam
2050 2473 2263 2537 frequen·-

434 2561 499 2595 tes
527 2546 623 2593 sunt
641 2545 688 2590 in
708 2542 968 2591 confirmata
992 2543 1065 2589 lue
1082 2540 1274 2587 venerea
1302 2539 1460 2586 locales
1479 2538 1741 2602 genitalium
1763 2537 1928 2584 morbi.

498 2621 562 2659 20.
592 2610 796 2657 Alterum
818 2607 1040 2655 affinitatis
1064 2606 1252 2669 gradum
1272 2604 1480 2650 obtinent
1499 2604 1710 2650 humores
1731 2602 1865 2649 ambo
1894 2601 2053 2649 viscidi
2071 2605 2116 2647 δέ
2134 2600 2266 2647 oleo-

435 2677 466 2723 fi
482 2711 493 2729 ,
523 2677 600 2740 qui
622 2676 676 2721 ad
694 2691 844 2721 cutem
881 2674 1106 2738 pertinent
1123 2703 1136 2722 ‚
1165 2671 1335 2729 mucofhs
1369 2668 1562 2721 scilicet,
1587 2668 1665 2732 qui
1687 2668 1854 2714 cellulis
1884 2665 2128 2714 reticulatis
2162 2683 2266 2711 cor-

438 2743 554 2808 poris
584 2742 700 2786 inter
731 2755 877 2785 cutem
900 2743 947 2784 δε
981 2734 1218 2782 cuticulam
1251 2734 1530 2779 intermediis
1561 2732 1849 2784 reconditur,
1877 2736 1921 2777 &
1942 2730 2160 2791 ftbaceus,
2185 2730 2275 2794 qui,

438 2804 729 2874 peculiaribus
756 2803 866 2849 cutis
890 2801 1111 2865 glandulis
1130 2802 1201 2845 seu
1221 2796 1365 2864 potius
1383 2798 1548 2845 lacunis
1566 2797 1822 2844 secernitur.
1843 2796 1962 2842 Hinc
1981 2794 2130 2842 morbi
2147 2796 2267 2841 mul·

440 2872 610 2936 tiplices
637 2869 746 2916 cutis
765 2903 776 2922 ‚
799 2867 1023 2919 cuticulae,
1040 2866 1235 2932 pilorum
1253 2898 1267 2918 ‚
1287 2863 1549 2929 capillorum
1567 2896 1580 2916 ,
1606 2867 1652 2909 &
1682 2862 1900 2926 unguium
1928 2861 1977 2907 in
2003 2858 2266 2926 syphiliticis

437 2939 551 2986 adeo
568 2936 837 2999 frequentes.

504 3011 566 3065 30.
597 3000 776 3047 Tertius
796 2999 917 3045 locus
937 2995 1057 3044 cedit
1077 2993 1214 3042 tribus
1234 2992 1497 3040 humoribus
1520 2990 1705 3038 mucosis
1723 2994 1768 3038 δε
1788 2987 2003 3056 pituitosis
2019 3021 2030 3039 ,
2052 2987 2128 3051 qui
2160 2985 2260 3033 fau-

436 3067 556 3114 cium
594 3065 855 3127 nariumque
883 3062 1052 3127 proprii
1077 3061 1204 3112 sunt,
1233 3077 1393 3123 nempe
1429 3067 1489 3103 10.
1520 3061 1691 3109 Muco,
1715 3056 1793 3120 qui
1824 3056 1847 3101 ὲ
1879 3051 2139 3119 paristhmiis
2169 3050 2258 3121 sive

439 3130 621 3178 tonsillis
639 3164 652 3183 ,
670 3134 715 3176 &
732 3127 967 3173 columella
986 3126 1074 3173 sive
1094 3124 1253 3178 uvu153
1275 3131 1334 3171 20.
1357 3126 1497 3169 Muco
1512 3156 1524 3175 ‚
1539 3122 1617 3186 qui
1638 3122 1662 3167 ὲ
1678 3119 1897 3184 glandulis
1915 3116 2113 3183 palatinis
2127 3148 2140 3167 ,
2160 3130 2260 3185 gin·-

437 3196 551 3259 g‘iv'is
579 3201 667 3245 &c.
699 3193 761 3260 3⁰.
787 3194 928 3242 Muco
941 3224 955 3246 ‚
972 3191 1090 3256 quie
1107 3188 1327 3256 glandulis
1343 3187 1611 3241 membranae
1627 3185 1863 3252 pituitariae
1877 3183 2112 3234 eructatur·
2132 3182 2259 3237 Hinc
