<?xml version="1.0" encoding="UTF-8"?>
<!DOCTYPE html PUBLIC "-//W3C//DTD XHTML 1.0 Transitional//EN"
    "http://www.w3.org/TR/xhtml1/DTD/xhtml1-transitional.dtd">
<html xmlns="http://www.w3.org/1999/xhtml" xml:lang="en" lang="en">
 <head>
  <title>
</title>
<meta http-equiv="Content-Type" content="text/html;charset=utf-8" />
  <meta name='ocr-system' content='tesseract 3.04.00' />
  <meta name='ocr-capabilities' content='ocr_page ocr_carea ocr_par ocr_line ocrx_word'/>
</head>
<body>
  <div class='ocr_page' id='page_1' title='image "./demorbisvenereis00astr_0204.png"; bbox 0 0 2477 3643; ppageno 0'>
   <div class='ocr_carea' id='block_1_1' title="bbox 343 128 1860 181">
    <p class='ocr_par' dir='ltr' id='par_1_1' title="bbox 343 128 1860 181">
     <span class='ocr_line' id='line_1_1' title="bbox 343 128 1860 181; baseline -0.004 0"><span class='ocrx_word' id='word_1_1' title='bbox 343 132 469 181; x_wconf 56' lang='lat'>‚51&#39;68&#39;</span> <span class='ocrx_word' id='word_1_2' title='bbox 707 130 820 177; x_wconf 89' lang='lat' dir='ltr'>DE</span> <span class='ocrx_word' id='word_1_3' title='bbox 884 130 1267 178; x_wconf 88' lang='lat' dir='ltr'>MORBIS</span> <span class='ocrx_word' id='word_1_4' title='bbox 1335 128 1860 178; x_wconf 82' lang='lat' dir='ltr'><strong>VENEREIS.</strong></span> 
     </span>
    </p>
   </div>
   <div class='ocr_carea' id='block_1_2' title="bbox 376 208 2229 3283">
    <p class='ocr_par' dir='ltr' id='par_1_2' title="bbox 376 208 2213 535">
     <span class='ocr_line' id='line_1_2' title="bbox 377 208 2213 276; baseline 0.001 -17"><span class='ocrx_word' id='word_1_5' title='bbox 377 211 460 259; x_wconf 85' lang='lat' dir='ltr'>mis</span> <span class='ocrx_word' id='word_1_6' title='bbox 484 209 641 258; x_wconf 81' lang='lat' dir='ltr'>diebus</span> <span class='ocrx_word' id='word_1_7' title='bbox 659 211 820 276; x_wconf 86' lang='lat' dir='ltr'>pluries</span> <span class='ocrx_word' id='word_1_8' title='bbox 837 212 989 259; x_wconf 85' lang='lat' dir='ltr'>iterari</span> <span class='ocrx_word' id='word_1_9' title='bbox 1007 245 1019 265; x_wconf 89' lang='grc'>,</span> <span class='ocrx_word' id='word_1_10' title='bbox 1041 228 1121 276; x_wconf 85' lang='lat' dir='ltr'>pro</span> <span class='ocrx_word' id='word_1_11' title='bbox 1139 208 1453 273; x_wconf 82' lang='lat' dir='ltr'>aegrotantibus</span> <span class='ocrx_word' id='word_1_12' title='bbox 1481 210 1651 259; x_wconf 89' lang='lat' dir='ltr'>viribus</span> <span class='ocrx_word' id='word_1_13' title='bbox 1683 229 1732 257; x_wconf 86' lang='lat' dir='ltr'>ac</span> <span class='ocrx_word' id='word_1_14' title='bbox 1752 226 2133 274; x_wconf 81' lang='lat' dir='ltr'>temperamento,</span> <span class='ocrx_word' id='word_1_15' title='bbox 2157 213 2213 260; x_wconf 67' lang='grc' dir='ltr'>δέ</span> 
     </span>
     <span class='ocr_line' id='line_1_3' title="bbox 381 272 2209 340; baseline 0.001 -18"><span class='ocrx_word' id='word_1_16' title='bbox 381 275 727 340; x_wconf 84' lang='lat' dir='ltr'>symptomatum</span> <span class='ocrx_word' id='word_1_17' title='bbox 750 277 1045 324; x_wconf 60' lang='lat' dir='ltr'>vehementia.</span> <span class='ocrx_word' id='word_1_18' title='bbox 1083 275 1156 322; x_wconf 83' lang='lat' dir='ltr'>Sic</span> <span class='ocrx_word' id='word_1_19' title='bbox 1188 274 1310 320; x_wconf 88' lang='lat' dir='ltr'>enim</span> <span class='ocrx_word' id='word_1_20' title='bbox 1331 272 1516 339; x_wconf 87' lang='lat' dir='ltr'>depletis</span> <span class='ocrx_word' id='word_1_21' title='bbox 1545 276 1650 322; x_wconf 81' lang='lat' dir='ltr'>vasis</span> <span class='ocrx_word' id='word_1_22' title='bbox 1677 275 1962 338; x_wconf 84' lang='lat' dir='ltr'>sanguiferis‚</span> <span class='ocrx_word' id='word_1_23' title='bbox 1989 283 2035 324; x_wconf 72' lang='grc' dir='ltr'>δε</span> <span class='ocrx_word' id='word_1_24' title='bbox 2055 277 2209 324; x_wconf 86' lang='lat' dir='ltr'>immi-</span> 
     </span>
     <span class='ocr_line' id='line_1_4' title="bbox 380 338 2208 405; baseline 0.001 -19"><span class='ocrx_word' id='word_1_25' title='bbox 380 356 491 386; x_wconf 91' lang='lat' dir='ltr'>nuto</span> <span class='ocrx_word' id='word_1_26' title='bbox 515 341 735 405; x_wconf 85' lang='lat' dir='ltr'>sanguinis</span> <span class='ocrx_word' id='word_1_27' title='bbox 755 342 1008 388; x_wconf 83' lang='lat' dir='ltr'>circulantis</span> <span class='ocrx_word' id='word_1_28' title='bbox 1034 354 1266 386; x_wconf 85' lang='lat' dir='ltr'>momento</span> <span class='ocrx_word' id='word_1_29' title='bbox 1283 372 1296 391; x_wconf 92' lang='lat'>,</span> <span class='ocrx_word' id='word_1_30' title='bbox 1319 339 1468 386; x_wconf 87' lang='lat' dir='ltr'>minor</span> <span class='ocrx_word' id='word_1_31' title='bbox 1485 338 1635 387; x_wconf 86' lang='lat' dir='ltr'>futura</span> <span class='ocrx_word' id='word_1_32' title='bbox 1654 342 1713 386; x_wconf 91' lang='lat' dir='ltr'>est</span> <span class='ocrx_word' id='word_1_33' title='bbox 1728 339 2021 389; x_wconf 87' lang='lat' dir='ltr'>inflammatio</span> <span class='ocrx_word' id='word_1_34' title='bbox 2040 348 2086 388; x_wconf 90' lang='lat'>&amp;</span> <span class='ocrx_word' id='word_1_35' title='bbox 2106 359 2208 390; x_wconf 88' lang='lat' dir='ltr'>ten-</span> 
     </span>
     <span class='ocr_line' id='line_1_5' title="bbox 376 403 2208 470; baseline 0.002 -19"><span class='ocrx_word' id='word_1_36' title='bbox 376 405 439 452; x_wconf 81' lang='lat' dir='ltr'>sio</span> <span class='ocrx_word' id='word_1_37' title='bbox 457 439 471 458; x_wconf 88' lang='lat'>,</span> <span class='ocrx_word' id='word_1_38' title='bbox 494 405 695 470; x_wconf 83' lang='lat' dir='ltr'>adeoque</span> <span class='ocrx_word' id='word_1_39' title='bbox 724 407 844 452; x_wconf 85' lang='lat' dir='ltr'>calor</span> <span class='ocrx_word' id='word_1_40' title='bbox 872 411 917 452; x_wconf 64' lang='lat' dir='ltr'>Sc</span> <span class='ocrx_word' id='word_1_41' title='bbox 945 405 1077 451; x_wconf 85' lang='lat' dir='ltr'>dolor</span> <span class='ocrx_word' id='word_1_42' title='bbox 1105 420 1200 449; x_wconf 87' lang='lat' dir='ltr'>tum</span> <span class='ocrx_word' id='word_1_43' title='bbox 1219 403 1643 468; x_wconf 78' lang='lat' dir='ltr'>conceptaculorum</span> <span class='ocrx_word' id='word_1_44' title='bbox 1665 404 1841 452; x_wconf 86' lang='lat' dir='ltr'>seminis</span> <span class='ocrx_word' id='word_1_45' title='bbox 1861 438 1874 458; x_wconf 87' lang='lat'>,</span> <span class='ocrx_word' id='word_1_46' title='bbox 1897 422 1992 455; x_wconf 82' lang='lat' dir='ltr'>tum</span> <span class='ocrx_word' id='word_1_47' title='bbox 2017 407 2208 457; x_wconf 81' lang='lat' dir='ltr'>urethrae</span> 
     </span>
     <span class='ocr_line' id='line_1_6' title="bbox 379 469 526 535; baseline -0.02 -18"><span class='ocrx_word' id='word_1_48' title='bbox 379 469 526 535; x_wconf 82' lang='lat' dir='ltr'>ipsius.</span> 
     </span>
    </p>

    <p class='ocr_par' dir='ltr' id='par_1_3' title="bbox 380 530 2214 922">
     <span class='ocr_line' id='line_1_7' title="bbox 392 530 2214 598; baseline 0.001 -18"><span class='ocrx_word' id='word_1_49' title='bbox 392 586 394 589; x_wconf 86' lang='lat'>.</span> <span class='ocrx_word' id='word_1_50' title='bbox 448 543 512 581; x_wconf 87' lang='lat'>20.</span> <span class='ocrx_word' id='word_1_51' title='bbox 544 534 667 580; x_wconf 85' lang='lat' dir='ltr'><strong>Licet</strong></span> <span class='ocrx_word' id='word_1_52' title='bbox 681 551 824 598; x_wconf 87' lang='lat' dir='ltr'>operae</span> <span class='ocrx_word' id='word_1_53' title='bbox 843 532 1035 598; x_wconf 83' lang='lat' dir='ltr'>pretium</span> <span class='ocrx_word' id='word_1_54' title='bbox 1053 530 1101 577; x_wconf 81' lang='lat' dir='ltr'>fit</span> <span class='ocrx_word' id='word_1_55' title='bbox 1122 531 1169 578; x_wconf 84' lang='lat' dir='ltr'>in</span> <span class='ocrx_word' id='word_1_56' title='bbox 1187 531 1312 578; x_wconf 78' lang='lat' dir='ltr'>omni</span> <span class='ocrx_word' id='word_1_57' title='bbox 1329 532 1601 597; x_wconf 60' lang='lat' dir='ltr'>gonorrhoess</span> <span class='ocrx_word' id='word_1_58' title='bbox 1617 533 1875 597; x_wconf 81' lang='lat' dir='ltr'>sanguinem</span> <span class='ocrx_word' id='word_1_59' title='bbox 1898 535 2103 588; x_wconf 76' lang='lat' dir='ltr'>mittere&gt;</span> <span class='ocrx_word' id='word_1_60' title='bbox 2122 535 2214 581; x_wconf 80' lang='lat' dir='ltr'>lat-¹</span> 
     </span>
     <span class='ocr_line' id='line_1_8' title="bbox 380 597 2210 663; baseline 0.002 -20"><span class='ocrx_word' id='word_1_61' title='bbox 380 598 476 663; x_wconf 76' lang='lat' dir='ltr'>gius</span> <span class='ocrx_word' id='word_1_62' title='bbox 507 615 655 644; x_wconf 87' lang='lat' dir='ltr'>tamen</span> <span class='ocrx_word' id='word_1_63' title='bbox 691 599 808 643; x_wconf 87' lang='lat' dir='ltr'>mitti</span> <span class='ocrx_word' id='word_1_64' title='bbox 839 598 975 644; x_wconf 90' lang='lat' dir='ltr'>debet</span> <span class='ocrx_word' id='word_1_65' title='bbox 999 597 1048 642; x_wconf 88' lang='lat' dir='ltr'>in</span> <span class='ocrx_word' id='word_1_66' title='bbox 1086 598 1147 643; x_wconf 86' lang='lat' dir='ltr'>eis</span> <span class='ocrx_word' id='word_1_67' title='bbox 1181 598 1464 660; x_wconf 81' lang='lat' dir='ltr'>gonorrhoeae</span> <span class='ocrx_word' id='word_1_68' title='bbox 1484 597 1740 663; x_wconf 84' lang='lat' dir='ltr'>speciebus,</span> <span class='ocrx_word' id='word_1_69' title='bbox 1759 616 1853 661; x_wconf 86' lang='lat' dir='ltr'>quae</span> <span class='ocrx_word' id='word_1_70' title='bbox 1881 600 1937 646; x_wconf 87' lang='lat' dir='ltr'>ab</span> <span class='ocrx_word' id='word_1_71' title='bbox 1959 600 2210 646; x_wconf 83' lang='lat' dir='ltr'>inflamma-</span> 
     </span>
     <span class='ocr_line' id='line_1_9' title="bbox 381 660 2212 727; baseline 0.001 -19"><span class='ocrx_word' id='word_1_72' title='bbox 381 665 505 709; x_wconf 83' lang='lat' dir='ltr'>tione</span> <span class='ocrx_word' id='word_1_73' title='bbox 529 662 883 726; x_wconf 62' lang='lat' dir='ltr'>eryfipelatodaefi</span> <span class='ocrx_word' id='word_1_74' title='bbox 907 680 955 707; x_wconf 90' lang='lat' dir='ltr'>ac</span> <span class='ocrx_word' id='word_1_75' title='bbox 974 660 1342 725; x_wconf 68' lang='lat' dir='ltr'>phlegmonodaezi</span> <span class='ocrx_word' id='word_1_76' title='bbox 1364 662 1623 727; x_wconf 87' lang='lat' dir='ltr'>dependent</span> <span class='ocrx_word' id='word_1_77' title='bbox 1638 697 1651 716; x_wconf 88' lang='lat'>,</span> <span class='ocrx_word' id='word_1_78' title='bbox 1674 663 1753 708; x_wconf 91' lang='lat' dir='ltr'>ubi</span> <span class='ocrx_word' id='word_1_79' title='bbox 1782 662 1972 710; x_wconf 88' lang='lat' dir='ltr'>summus</span> <span class='ocrx_word' id='word_1_80' title='bbox 2000 666 2058 711; x_wconf 90' lang='lat' dir='ltr'>est</span> <span class='ocrx_word' id='word_1_81' title='bbox 2082 664 2212 727; x_wconf 87' lang='lat' dir='ltr'>geni-</span> 
     </span>
     <span class='ocr_line' id='line_1_10' title="bbox 382 725 2213 792; baseline 0.001 -18"><span class='ocrx_word' id='word_1_82' title='bbox 382 729 539 774; x_wconf 84' lang='lat' dir='ltr'>talium</span> <span class='ocrx_word' id='word_1_83' title='bbox 570 727 713 779; x_wconf 87' lang='lat' dir='ltr'>calor,</span> <span class='ocrx_word' id='word_1_84' title='bbox 744 726 876 771; x_wconf 88' lang='lat' dir='ltr'>ardor</span> <span class='ocrx_word' id='word_1_85' title='bbox 893 759 907 778; x_wconf 86' lang='lat'>,</span> <span class='ocrx_word' id='word_1_86' title='bbox 942 726 1233 779; x_wconf 84' lang='lat' dir='ltr'>erethismus,</span> <span class='ocrx_word' id='word_1_87' title='bbox 1257 745 1358 772; x_wconf 90' lang='lat' dir='ltr'>cum</span> <span class='ocrx_word' id='word_1_88' title='bbox 1387 727 1637 791; x_wconf 68' lang='lat' dir='ltr'>graviffimei</span> <span class='ocrx_word' id='word_1_89' title='bbox 1665 725 1840 787; x_wconf 62' lang='lat' dir='ltr'>dysurifi</span> <span class='ocrx_word' id='word_1_90' title='bbox 1857 760 1870 778; x_wconf 85' lang='lat'>‚</span> <span class='ocrx_word' id='word_1_91' title='bbox 1903 734 1949 774; x_wconf 90' lang='lat'>&amp;</span> <span class='ocrx_word' id='word_1_92' title='bbox 1976 729 2023 774; x_wconf 93' lang='lat' dir='ltr'>in</span> <span class='ocrx_word' id='word_1_93' title='bbox 2049 728 2213 792; x_wconf 86' lang='lat' dir='ltr'>quibus</span> 
     </span>
     <span class='ocr_line' id='line_1_11' title="bbox 383 789 2213 858; baseline 0.001 -20"><span class='ocrx_word' id='word_1_94' title='bbox 383 791 573 857; x_wconf 76' lang='lat' dir='ltr'>proinde</span> <span class='ocrx_word' id='word_1_95' title='bbox 593 790 711 837; x_wconf 87' lang='lat' dir='ltr'>haud</span> <span class='ocrx_word' id='word_1_96' title='bbox 729 790 898 853; x_wconf 69' lang='lat' dir='ltr'>segnius</span> <span class='ocrx_word' id='word_1_97' title='bbox 916 824 928 842; x_wconf 85' lang='lat'>,</span> <span class='ocrx_word' id='word_1_98' title='bbox 948 789 1174 854; x_wconf 72' lang='lat' dir='ltr'>parciusve</span> <span class='ocrx_word' id='word_1_99' title='bbox 1197 808 1356 838; x_wconf 85' lang='lat' dir='ltr'>venam</span> <span class='ocrx_word' id='word_1_100' title='bbox 1376 791 1655 838; x_wconf 85' lang='lat' dir='ltr'>tundendam</span> <span class='ocrx_word' id='word_1_101' title='bbox 1674 790 1760 838; x_wconf 78' lang='lat' dir='ltr'>effe</span> <span class='ocrx_word' id='word_1_102' title='bbox 1782 790 1942 855; x_wconf 82' lang='lat' dir='ltr'>opinor</span> <span class='ocrx_word' id='word_1_103' title='bbox 1961 826 1975 845; x_wconf 86' lang='grc'>,</span> <span class='ocrx_word' id='word_1_104' title='bbox 2003 794 2138 858; x_wconf 67' lang='lat' dir='ltr'>quam</span> <span class='ocrx_word' id='word_1_105' title='bbox 2162 793 2213 840; x_wconf 87' lang='lat' dir='ltr'>in</span> 
     </span>
     <span class='ocr_line' id='line_1_12' title="bbox 383 854 1236 922; baseline -0.004 -19"><span class='ocrx_word' id='word_1_106' title='bbox 383 856 475 922; x_wconf 61' lang='lat' dir='ltr'>ipsa</span> <span class='ocrx_word' id='word_1_107' title='bbox 492 855 862 920; x_wconf 58' lang='lat' dir='ltr'>peripneumonia</span> <span class='ocrx_word' id='word_1_108' title='bbox 882 856 953 902; x_wconf 88' lang='lat' dir='ltr'>vel</span> <span class='ocrx_word' id='word_1_109' title='bbox 969 854 1236 917; x_wconf 67' lang='lat' dir='ltr'>dysenteria.</span> 
     </span>
    </p>

    <p class='ocr_par' dir='ltr' id='par_1_4' title="bbox 382 919 2220 1243">
     <span class='ocr_line' id='line_1_13' title="bbox 457 919 2214 985; baseline 0.002 -21"><span class='ocrx_word' id='word_1_110' title='bbox 457 928 519 980; x_wconf 85' lang='lat'>30.</span> <span class='ocrx_word' id='word_1_111' title='bbox 556 919 881 966; x_wconf 84' lang='lat' dir='ltr'>Praescribenda</span> <span class='ocrx_word' id='word_1_112' title='bbox 911 920 1035 966; x_wconf 83' lang='lat' dir='ltr'>simul</span> <span class='ocrx_word' id='word_1_113' title='bbox 1058 938 1139 984; x_wconf 88' lang='lat' dir='ltr'>pro</span> <span class='ocrx_word' id='word_1_114' title='bbox 1163 936 1271 985; x_wconf 88' lang='lat' dir='ltr'>potu</span> <span class='ocrx_word' id='word_1_115' title='bbox 1289 920 1523 967; x_wconf 83' lang='lat' dir='ltr'>ordinario</span> <span class='ocrx_word' id='word_1_116' title='bbox 1547 920 1716 985; x_wconf 84' lang='lat' dir='ltr'>ptisana</span> <span class='ocrx_word' id='word_1_117' title='bbox 1746 938 1800 968; x_wconf 85' lang='lat' dir='ltr'>ex</span> <span class='ocrx_word' id='word_1_118' title='bbox 1825 920 1917 968; x_wconf 86' lang='lat' dir='ltr'>levi</span> <span class='ocrx_word' id='word_1_119' title='bbox 1946 919 2214 967; x_wconf 70' lang='lat' dir='ltr'>decoffione</span> 
     </span>
     <span class='ocr_line' id='line_1_14' title="bbox 382 984 2214 1050; baseline 0.001 -21"><span class='ocrx_word' id='word_1_120' title='bbox 382 985 633 1050; x_wconf 85' lang='lat' dir='ltr'>plantarum</span> <span class='ocrx_word' id='word_1_121' title='bbox 651 984 819 1047; x_wconf 79' lang='lat' dir='ltr'>aliquot</span> <span class='ocrx_word' id='word_1_122' title='bbox 850 984 1212 1049; x_wconf 74' lang='lat' dir='ltr'>refrigerantium</span> <span class='ocrx_word' id='word_1_123' title='bbox 1236 992 1281 1032; x_wconf 59' lang='grc' dir='ltr'>ἅ</span> <span class='ocrx_word' id='word_1_124' title='bbox 1301 986 1653 1031; x_wconf 83' lang='lat' dir='ltr'>demulcentium</span> <span class='ocrx_word' id='word_1_125' title='bbox 1672 1020 1684 1038; x_wconf 86' lang='lat'>‚</span> <span class='ocrx_word' id='word_1_126' title='bbox 1712 1002 1761 1031; x_wconf 89' lang='lat' dir='ltr'>ut</span> <span class='ocrx_word' id='word_1_127' title='bbox 1793 986 1994 1032; x_wconf 86' lang='lat' dir='ltr'>radicum</span> <span class='ocrx_word' id='word_1_128' title='bbox 2022 985 2214 1031; x_wconf 87' lang='lat' dir='ltr'>cichorii</span> 
     </span>
     <span class='ocr_line' id='line_1_15' title="bbox 382 1049 2216 1115; baseline 0.001 -20"><span class='ocrx_word' id='word_1_129' title='bbox 382 1049 581 1096; x_wconf 66' lang='lat' dir='ltr'>silvestris</span> <span class='ocrx_word' id='word_1_130' title='bbox 598 1082 612 1102; x_wconf 85' lang='grc'>,</span> <span class='ocrx_word' id='word_1_131' title='bbox 636 1049 817 1096; x_wconf 85' lang='lat' dir='ltr'>acetosae</span> <span class='ocrx_word' id='word_1_132' title='bbox 838 1082 850 1102; x_wconf 89' lang='lat'>‚</span> <span class='ocrx_word' id='word_1_133' title='bbox 882 1049 1120 1113; x_wconf 79' lang='lat' dir='ltr'>nyrnphaeae</span> <span class='ocrx_word' id='word_1_134' title='bbox 1134 1084 1146 1102; x_wconf 91' lang='lat'><em>,</em></span> <span class='ocrx_word' id='word_1_135' title='bbox 1175 1050 1335 1096; x_wconf 75' lang='lat' dir='ltr'>althaeae</span> <span class='ocrx_word' id='word_1_136' title='bbox 1355 1055 1440 1095; x_wconf 60' lang='lat' dir='ltr'>&amp;a</span> <span class='ocrx_word' id='word_1_137' title='bbox 1476 1049 1780 1114; x_wconf 88' lang='lat' dir='ltr'>foliorumque</span> <span class='ocrx_word' id='word_1_138' title='bbox 1799 1050 2042 1115; x_wconf 80' lang='lat' dir='ltr'>parietariae</span> <span class='ocrx_word' id='word_1_139' title='bbox 2059 1083 2072 1102; x_wconf 83' lang='lat'>‚</span> <span class='ocrx_word' id='word_1_140' title='bbox 2093 1050 2216 1112; x_wconf 82' lang='lat' dir='ltr'>agri·-</span> 
     </span>
     <span class='ocr_line' id='line_1_16' title="bbox 383 1113 2220 1185; baseline 0 -25"><span class='ocrx_word' id='word_1_141' title='bbox 383 1113 545 1160; x_wconf 76' lang='lat' dir='ltr'>moniae</span> <span class='ocrx_word' id='word_1_142' title='bbox 563 1147 575 1166; x_wconf 90' lang='lat'>,</span> <span class='ocrx_word' id='word_1_143' title='bbox 597 1114 769 1160; x_wconf 55' lang='lat' dir='ltr'>laitucae</span> <span class='ocrx_word' id='word_1_144' title='bbox 789 1119 875 1160; x_wconf 89' lang='lat' dir='ltr'>&amp;c.</span> <span class='ocrx_word' id='word_1_145' title='bbox 910 1113 1119 1160; x_wconf 84' lang='lat' dir='ltr'>addendo</span> <span class='ocrx_word' id='word_1_146' title='bbox 1152 1133 1231 1185; x_wconf 80' lang='lat' dir='ltr'>pro</span> <span class='ocrx_word' id='word_1_147' title='bbox 1264 1113 1440 1177; x_wconf 70' lang='lat' dir='ltr'>singulis</span> <span class='ocrx_word' id='word_1_148' title='bbox 1460 1114 1634 1161; x_wconf 71' lang='lat' dir='ltr'>decoCti</span> <span class='ocrx_word' id='word_1_149' title='bbox 1665 1116 1790 1162; x_wconf 89' lang='lat' dir='ltr'>libris</span> <span class='ocrx_word' id='word_1_150' title='bbox 1819 1115 2220 1162; x_wconf 86' lang='lat' dir='ltr'>semi-drachmam·</span> 
     </span>
     <span class='ocr_line' id='line_1_17' title="bbox 383 1177 2156 1243; baseline -0.002 -17"><span class='ocrx_word' id='word_1_151' title='bbox 383 1178 456 1227; x_wconf 90' lang='lat' dir='ltr'>vel</span> <span class='ocrx_word' id='word_1_152' title='bbox 474 1177 731 1224; x_wconf 81' lang='lat' dir='ltr'>drachmam</span> <span class='ocrx_word' id='word_1_153' title='bbox 752 1196 884 1226; x_wconf 86' lang='lat' dir='ltr'>unam</span> <span class='ocrx_word' id='word_1_154' title='bbox 900 1179 1084 1240; x_wconf 84' lang='lat' dir='ltr'>crystalli</span> <span class='ocrx_word' id='word_1_155' title='bbox 1104 1179 1325 1226; x_wconf 81' lang='lat' dir='ltr'>mineralis</span> <span class='ocrx_word' id='word_1_156' title='bbox 1340 1213 1351 1230; x_wconf 83' lang='grc'>,</span> <span class='ocrx_word' id='word_1_157' title='bbox 1373 1177 1468 1224; x_wconf 81' lang='lat' dir='ltr'>salis</span> <span class='ocrx_word' id='word_1_158' title='bbox 1487 1179 1695 1243; x_wconf 74' lang='lat' dir='ltr'>prunellae</span> <span class='ocrx_word' id='word_1_159' title='bbox 1715 1180 1787 1227; x_wconf 91' lang='lat' dir='ltr'>vel</span> <span class='ocrx_word' id='word_1_160' title='bbox 1809 1180 1916 1225; x_wconf 86' lang='lat' dir='ltr'>nitri</span> <span class='ocrx_word' id='word_1_161' title='bbox 1934 1178 2156 1243; x_wconf 81' lang='lat' dir='ltr'>depurati.</span> 
     </span>
    </p>

    <p class='ocr_par' dir='ltr' id='par_1_5' title="bbox 386 1241 2223 1501">
     <span class='ocr_line' id='line_1_18' title="bbox 442 1241 2217 1308; baseline 0 -20"><span class='ocrx_word' id='word_1_162' title='bbox 442 1251 511 1300; x_wconf 84' lang='lat'>40.</span> <span class='ocrx_word' id='word_1_163' title='bbox 551 1244 690 1289; x_wconf 84' lang='lat' dir='ltr'>Alvus</span> <span class='ocrx_word' id='word_1_164' title='bbox 707 1242 738 1288; x_wconf 91' lang='lat' dir='ltr'>s1</span> <span class='ocrx_word' id='word_1_165' title='bbox 764 1243 920 1289; x_wconf 71' lang='lat' dir='ltr'>natura</span> <span class='ocrx_word' id='word_1_166' title='bbox 944 1260 1016 1289; x_wconf 88' lang='lat' dir='ltr'>aut</span> <span class='ocrx_word' id='word_1_167' title='bbox 1036 1243 1114 1289; x_wconf 90' lang='lat' dir='ltr'>usu</span> <span class='ocrx_word' id='word_1_168' title='bbox 1140 1242 1315 1308; x_wconf 71' lang='lat' dir='ltr'>ptisanae</span> <span class='ocrx_word' id='word_1_169' title='bbox 1336 1243 1506 1306; x_wconf 67' lang='lat' dir='ltr'>liquida</span> <span class='ocrx_word' id='word_1_170' title='bbox 1527 1262 1618 1290; x_wconf 85' lang='lat' dir='ltr'>non</span> <span class='ocrx_word' id='word_1_171' title='bbox 1648 1244 1697 1289; x_wconf 86' lang='lat' dir='ltr'>fit</span> <span class='ocrx_word' id='word_1_172' title='bbox 1713 1278 1725 1297; x_wconf 89' lang='lat'>‚</span> <span class='ocrx_word' id='word_1_173' title='bbox 1746 1244 1909 1290; x_wconf 73' lang='lat' dir='ltr'>blande</span> <span class='ocrx_word' id='word_1_174' title='bbox 1930 1241 2217 1289; x_wconf 77' lang='lat' dir='ltr'>subducenda</span> 
     </span>
     <span class='ocr_line' id='line_1_19' title="bbox 386 1307 2221 1373; baseline 0 -21"><span class='ocrx_word' id='word_1_175' title='bbox 386 1307 653 1372; x_wconf 63' lang='lat' dir='ltr'>quotidiana</span> <span class='ocrx_word' id='word_1_176' title='bbox 673 1309 915 1369; x_wconf 53' lang='lat' dir='ltr'>injectione</span> <span class='ocrx_word' id='word_1_177' title='bbox 950 1308 1137 1369; x_wconf 84' lang='lat' dir='ltr'>clysteris</span> <span class='ocrx_word' id='word_1_178' title='bbox 1164 1326 1216 1354; x_wconf 79' lang='lat' dir='ltr'>ex</span> <span class='ocrx_word' id='word_1_179' title='bbox 1239 1308 1401 1354; x_wconf 83' lang='lat' dir='ltr'>eodem</span> <span class='ocrx_word' id='word_1_180' title='bbox 1429 1309 1616 1354; x_wconf 62' lang='lat' dir='ltr'>decocto</span> <span class='ocrx_word' id='word_1_181' title='bbox 1645 1343 1657 1361; x_wconf 86' lang='lat'>,</span> <span class='ocrx_word' id='word_1_182' title='bbox 1691 1327 1781 1371; x_wconf 90' lang='lat' dir='ltr'>quo</span> <span class='ocrx_word' id='word_1_183' title='bbox 1815 1308 1982 1373; x_wconf 82' lang='lat' dir='ltr'>ptisana</span> <span class='ocrx_word' id='word_1_184' title='bbox 2009 1324 2221 1372; x_wconf 73' lang='lat' dir='ltr'>paratur,</span> 
     </span>
     <span class='ocr_line' id='line_1_20' title="bbox 389 1371 2219 1437; baseline -0.002 -17"><span class='ocrx_word' id='word_1_185' title='bbox 389 1373 464 1420; x_wconf 85' lang='lat' dir='ltr'>vel</span> <span class='ocrx_word' id='word_1_186' title='bbox 483 1371 653 1418; x_wconf 77' lang='lat' dir='ltr'>sincero</span> <span class='ocrx_word' id='word_1_187' title='bbox 671 1406 683 1425; x_wconf 85' lang='lat'>‚</span> <span class='ocrx_word' id='word_1_188' title='bbox 713 1373 784 1419; x_wconf 91' lang='lat' dir='ltr'>vel</span> <span class='ocrx_word' id='word_1_189' title='bbox 805 1391 903 1418; x_wconf 93' lang='lat' dir='ltr'>cum</span> <span class='ocrx_word' id='word_1_190' title='bbox 925 1373 1132 1418; x_wconf 83' lang='lat' dir='ltr'>instillato</span> <span class='ocrx_word' id='word_1_191' title='bbox 1148 1390 1289 1437; x_wconf 85' lang='lat' dir='ltr'>pauco</span> <span class='ocrx_word' id='word_1_192' title='bbox 1320 1388 1472 1424; x_wconf 83' lang='lat' dir='ltr'>aceto,</span> <span class='ocrx_word' id='word_1_193' title='bbox 1503 1376 1603 1419; x_wconf 87' lang='lat' dir='ltr'>cum</span> <span class='ocrx_word' id='word_1_194' title='bbox 1621 1372 1751 1419; x_wconf 90' lang='lat' dir='ltr'>soluti</span> <span class='ocrx_word' id='word_1_195' title='bbox 1782 1373 1876 1419; x_wconf 81' lang='lat' dir='ltr'>salis</span> <span class='ocrx_word' id='word_1_196' title='bbox 1909 1373 2117 1437; x_wconf 83' lang='lat' dir='ltr'>prunellae</span> <span class='ocrx_word' id='word_1_197' title='bbox 2143 1372 2219 1418; x_wconf 87' lang='lat' dir='ltr'>vel.</span> 
     </span>
     <span class='ocr_line' id='line_1_21' title="bbox 391 1436 2223 1501; baseline -0.001 -18"><span class='ocrx_word' id='word_1_198' title='bbox 391 1436 574 1499; x_wconf 84' lang='lat' dir='ltr'>crystalli</span> <span class='ocrx_word' id='word_1_199' title='bbox 593 1437 816 1484; x_wconf 85' lang='lat' dir='ltr'>mineralis</span> <span class='ocrx_word' id='word_1_200' title='bbox 837 1453 865 1500; x_wconf 74' lang='lat'>3</span> <span class='ocrx_word' id='word_1_201' title='bbox 880 1441 908 1498; x_wconf 79' lang='lat' dir='ltr'>j.</span> <span class='ocrx_word' id='word_1_202' title='bbox 939 1437 1011 1483; x_wconf 88' lang='lat' dir='ltr'>vel</span> <span class='ocrx_word' id='word_1_203' title='bbox 1033 1453 1061 1500; x_wconf 71' lang='lat' dir='ltr'>g</span> <span class='ocrx_word' id='word_1_204' title='bbox 1080 1438 1123 1497; x_wconf 84' lang='lat' dir='ltr'>ij.</span> <span class='ocrx_word' id='word_1_205' title='bbox 1144 1453 1216 1483; x_wconf 87' lang='lat' dir='ltr'>aut</span> <span class='ocrx_word' id='word_1_206' title='bbox 1234 1455 1332 1482; x_wconf 84' lang='lat' dir='ltr'>cum</span> <span class='ocrx_word' id='word_1_207' title='bbox 1347 1437 1486 1483; x_wconf 61' lang='lat' dir='ltr'>diluta</span> <span class='ocrx_word' id='word_1_208' title='bbox 1503 1437 1696 1484; x_wconf 66' lang='lat' dir='ltr'>medulla</span> <span class='ocrx_word' id='word_1_209' title='bbox 1715 1437 1847 1483; x_wconf 78' lang='lat' dir='ltr'>caffiae</span> <span class='ocrx_word' id='word_1_210' title='bbox 1868 1453 2045 1483; x_wconf 83' lang='lat' dir='ltr'>recente</span> <span class='ocrx_word' id='word_1_211' title='bbox 2067 1437 2120 1483; x_wconf 86' lang='lat' dir='ltr'>ad</span> <span class='ocrx_word' id='word_1_212' title='bbox 2140 1436 2169 1501; x_wconf 57' lang='grc' dir='ltr'><strong><em>ᾖ</em></strong></span> <span class='ocrx_word' id='word_1_213' title='bbox 2188 1440 2223 1499; x_wconf 64' lang='lat' dir='ltr'>j,</span> 
     </span>
    </p>

    <p class='ocr_par' dir='ltr' id='par_1_6' title="bbox 386 1501 2222 1889">
     <span class='ocr_line' id='line_1_22' title="bbox 457 1501 2221 1564; baseline 0.001 -19"><span class='ocrx_word' id='word_1_214' title='bbox 457 1510 516 1559; x_wconf 83' lang='lat'>50.</span> <span class='ocrx_word' id='word_1_215' title='bbox 552 1501 686 1559; x_wconf 71' lang='lat' dir='ltr'>Quod</span> <span class='ocrx_word' id='word_1_216' title='bbox 715 1501 743 1546; x_wconf 91' lang='lat' dir='ltr'>s1</span> <span class='ocrx_word' id='word_1_217' title='bbox 769 1502 1135 1546; x_wconf 84' lang='lat' dir='ltr'>inflammationis</span> <span class='ocrx_word' id='word_1_218' title='bbox 1165 1502 1301 1546; x_wconf 87' lang='lat' dir='ltr'>ardor</span> <span class='ocrx_word' id='word_1_219' title='bbox 1335 1516 1479 1547; x_wconf 81' lang='lat' dir='ltr'>tantus</span> <span class='ocrx_word' id='word_1_220' title='bbox 1510 1501 1559 1547; x_wconf 84' lang='lat' dir='ltr'>fit</span> <span class='ocrx_word' id='word_1_221' title='bbox 1585 1535 1596 1553; x_wconf 91' lang='lat'>‚</span> <span class='ocrx_word' id='word_1_222' title='bbox 1629 1518 1678 1547; x_wconf 88' lang='lat' dir='ltr'>ut</span> <span class='ocrx_word' id='word_1_223' title='bbox 1718 1502 1821 1547; x_wconf 89' lang='lat' dir='ltr'>huic</span> <span class='ocrx_word' id='word_1_224' title='bbox 1849 1502 2099 1564; x_wconf 85' lang='lat' dir='ltr'>mitigando</span> <span class='ocrx_word' id='word_1_225' title='bbox 2124 1519 2221 1548; x_wconf 61' lang='lat' dir='ltr'>nonu</span> 
     </span>
     <span class='ocr_line' id='line_1_23' title="bbox 390 1563 2221 1629; baseline 0.001 -18"><span class='ocrx_word' id='word_1_226' title='bbox 390 1563 576 1611; x_wconf 84' lang='lat' dir='ltr'>sufficiat</span> <span class='ocrx_word' id='word_1_227' title='bbox 602 1566 744 1628; x_wconf 82' lang='lat' dir='ltr'>largus</span> <span class='ocrx_word' id='word_1_228' title='bbox 769 1566 944 1629; x_wconf 82' lang='lat' dir='ltr'>ptisanae</span> <span class='ocrx_word' id='word_1_229' title='bbox 965 1565 1062 1611; x_wconf 88' lang='lat' dir='ltr'>usus</span> <span class='ocrx_word' id='word_1_230' title='bbox 1080 1599 1092 1618; x_wconf 86' lang='lat'>,</span> <span class='ocrx_word' id='word_1_231' title='bbox 1126 1583 1230 1611; x_wconf 87' lang='lat' dir='ltr'>tunc</span> <span class='ocrx_word' id='word_1_232' title='bbox 1250 1565 1510 1611; x_wconf 75' lang='lat' dir='ltr'>exhibendae</span> <span class='ocrx_word' id='word_1_233' title='bbox 1540 1566 1606 1612; x_wconf 83' lang='lat' dir='ltr'>bis</span> <span class='ocrx_word' id='word_1_234' title='bbox 1629 1566 1677 1610; x_wconf 85' lang='lat' dir='ltr'>in</span> <span class='ocrx_word' id='word_1_235' title='bbox 1709 1567 1782 1612; x_wconf 87' lang='lat' dir='ltr'>die</span> <span class='ocrx_word' id='word_1_236' title='bbox 1811 1566 1938 1611; x_wconf 57' lang='lat' dir='ltr'>mane=</span> <span class='ocrx_word' id='word_1_237' title='bbox 1974 1564 2140 1612; x_wconf 87' lang='lat' dir='ltr'>scilicet</span> <span class='ocrx_word' id='word_1_238' title='bbox 2171 1572 2221 1612; x_wconf 69' lang='grc' dir='ltr'>δι’,</span> 
     </span>
     <span class='ocr_line' id='line_1_24' title="bbox 389 1629 2221 1694; baseline 0 -17"><span class='ocrx_word' id='word_1_239' title='bbox 389 1630 563 1694; x_wconf 77' lang='lat' dir='ltr'>vesperi</span> <span class='ocrx_word' id='word_1_240' title='bbox 595 1630 856 1677; x_wconf 78' lang='lat' dir='ltr'>emulfiones</span> <span class='ocrx_word' id='word_1_241' title='bbox 882 1648 934 1676; x_wconf 82' lang='lat' dir='ltr'>ex</span> <span class='ocrx_word' id='word_1_242' title='bbox 965 1631 1168 1675; x_wconf 75' lang='lat' dir='ltr'>contritis</span> <span class='ocrx_word' id='word_1_243' title='bbox 1191 1630 1238 1674; x_wconf 82' lang='lat' dir='ltr'>in</span> <span class='ocrx_word' id='word_1_244' title='bbox 1266 1630 1484 1675; x_wconf 83' lang='lat' dir='ltr'>mortario</span> <span class='ocrx_word' id='word_1_245' title='bbox 1517 1648 1774 1677; x_wconf 82' lang='lat' dir='ltr'>marmoreo</span> <span class='ocrx_word' id='word_1_246' title='bbox 1806 1629 2045 1676; x_wconf 86' lang='lat' dir='ltr'>seminibus</span> <span class='ocrx_word' id='word_1_247' title='bbox 2073 1631 2221 1677; x_wconf 83' lang='lat' dir='ltr'>melo-</span> 
     </span>
     <span class='ocr_line' id='line_1_25' title="bbox 388 1694 2222 1759; baseline 0.001 -19"><span class='ocrx_word' id='word_1_248' title='bbox 388 1711 496 1740; x_wconf 87' lang='lat' dir='ltr'>num</span> <span class='ocrx_word' id='word_1_249' title='bbox 513 1729 525 1747; x_wconf 85' lang='lat'>,</span> <span class='ocrx_word' id='word_1_250' title='bbox 555 1694 657 1757; x_wconf 80' lang='lat' dir='ltr'>agni</span> <span class='ocrx_word' id='word_1_251' title='bbox 690 1695 819 1748; x_wconf 87' lang='lat' dir='ltr'>casti,</span> <span class='ocrx_word' id='word_1_252' title='bbox 854 1694 1091 1747; x_wconf 76' lang='lat' dir='ltr'>cannabis,</span> <span class='ocrx_word' id='word_1_253' title='bbox 1117 1695 1348 1758; x_wconf 83' lang='lat' dir='ltr'>papaveris</span> <span class='ocrx_word' id='word_1_254' title='bbox 1366 1694 1483 1747; x_wconf 75' lang='lat' dir='ltr'>albi,</span> <span class='ocrx_word' id='word_1_255' title='bbox 1509 1695 1591 1740; x_wconf 91' lang='lat' dir='ltr'>lini</span> <span class='ocrx_word' id='word_1_256' title='bbox 1618 1701 1705 1741; x_wconf 59' lang='lat' dir='ltr'>&amp;a</span> <span class='ocrx_word' id='word_1_257' title='bbox 1733 1713 1815 1741; x_wconf 78' lang='lat' dir='ltr'>ana</span> <span class='ocrx_word' id='word_1_258' title='bbox 1842 1695 1896 1741; x_wconf 83' lang='lat' dir='ltr'>ad</span> <span class='ocrx_word' id='word_1_259' title='bbox 1918 1710 1946 1757; x_wconf 73' lang='lat'>3</span> <span class='ocrx_word' id='word_1_260' title='bbox 1965 1694 2009 1740; x_wconf 78' lang='lat' dir='ltr'>ss.</span> <span class='ocrx_word' id='word_1_261' title='bbox 2044 1695 2114 1742; x_wconf 91' lang='lat' dir='ltr'>vel</span> <span class='ocrx_word' id='word_1_262' title='bbox 2144 1712 2172 1759; x_wconf 74' lang='lat'><strong>3</strong></span> <span class='ocrx_word' id='word_1_263' title='bbox 2190 1700 2222 1759; x_wconf 53' lang='lat' dir='ltr'>jv</span> 
     </span>
     <span class='ocr_line' id='line_1_26' title="bbox 391 1756 2222 1824; baseline 0.002 -19"><span class='ocrx_word' id='word_1_264' title='bbox 391 1765 437 1805; x_wconf 60' lang='grc' dir='ltr'>δέ</span> <span class='ocrx_word' id='word_1_265' title='bbox 475 1759 626 1805; x_wconf 85' lang='lat' dir='ltr'>dilutis</span> <span class='ocrx_word' id='word_1_266' title='bbox 659 1756 798 1805; x_wconf 81' lang='lat' dir='ltr'>affuso</span> <span class='ocrx_word' id='word_1_267' title='bbox 825 1760 881 1804; x_wconf 80' lang='lat' dir='ltr'>ad</span> <span class='ocrx_word' id='word_1_268' title='bbox 910 1759 987 1804; x_wconf 90' lang='lat' dir='ltr'>lib.</span> <span class='ocrx_word' id='word_1_269' title='bbox 1018 1764 1046 1821; x_wconf 80' lang='lat' dir='ltr'>j.</span> <span class='ocrx_word' id='word_1_270' title='bbox 1073 1759 1260 1804; x_wconf 54' lang='lat' dir='ltr'>decocto</span> <span class='ocrx_word' id='word_1_271' title='bbox 1286 1758 1447 1805; x_wconf 74' lang='lat' dir='ltr'>florum</span> <span class='ocrx_word' id='word_1_272' title='bbox 1480 1760 1715 1822; x_wconf 79' lang='lat' dir='ltr'>nymphaeae</span> <span class='ocrx_word' id='word_1_273' title='bbox 1732 1793 1744 1812; x_wconf 83' lang='lat'>,</span> <span class='ocrx_word' id='word_1_274' title='bbox 1764 1762 1858 1824; x_wconf 85' lang='lat' dir='ltr'>post</span> <span class='ocrx_word' id='word_1_275' title='bbox 1874 1761 2119 1807; x_wconf 82' lang='lat' dir='ltr'>colaturam</span> <span class='ocrx_word' id='word_1_276' title='bbox 2147 1762 2222 1808; x_wconf 85' lang='lat' dir='ltr'>di-</span> 
     </span>
     <span class='ocr_line' id='line_1_27' title="bbox 386 1824 1682 1889; baseline 0 -19"><span class='ocrx_word' id='word_1_277' title='bbox 386 1824 557 1871; x_wconf 82' lang='lat' dir='ltr'>luendo</span> <span class='ocrx_word' id='word_1_278' title='bbox 576 1824 721 1888; x_wconf 90' lang='lat' dir='ltr'>syrupi</span> <span class='ocrx_word' id='word_1_279' title='bbox 742 1824 797 1870; x_wconf 86' lang='lat' dir='ltr'>de</span> <span class='ocrx_word' id='word_1_280' title='bbox 828 1824 1055 1887; x_wconf 74' lang='lat' dir='ltr'>nymphaea</span> <span class='ocrx_word' id='word_1_281' title='bbox 1084 1824 1113 1889; x_wconf 59' lang='grc' dir='ltr'><strong>ἒ</strong></span> <span class='ocrx_word' id='word_1_282' title='bbox 1133 1826 1176 1885; x_wconf 89' lang='lat' dir='ltr'>ij.</span> <span class='ocrx_word' id='word_1_283' title='bbox 1199 1842 1281 1886; x_wconf 80' lang='lat' dir='ltr'>pro</span> <span class='ocrx_word' id='word_1_284' title='bbox 1302 1824 1471 1870; x_wconf 83' lang='lat' dir='ltr'>duabus</span> <span class='ocrx_word' id='word_1_285' title='bbox 1490 1824 1682 1870; x_wconf 82' lang='lat' dir='ltr'>doslbus.</span> 
     </span>
    </p>

    <p class='ocr_par' dir='ltr' id='par_1_7' title="bbox 388 1886 2224 2209">
     <span class='ocr_line' id='line_1_28' title="bbox 450 1886 2224 1951; baseline 0.001 -19"><span class='ocrx_word' id='word_1_286' title='bbox 450 1896 516 1933; x_wconf 87' lang='lat'>60.</span> <span class='ocrx_word' id='word_1_287' title='bbox 551 1888 675 1946; x_wconf 76' lang='lat' dir='ltr'>Qun</span> <span class='ocrx_word' id='word_1_288' title='bbox 716 1888 808 1933; x_wconf 76' lang='lat' dir='ltr'>imo</span> <span class='ocrx_word' id='word_1_289' title='bbox 839 1887 869 1932; x_wconf 80' lang='lat' dir='ltr'>si</span> <span class='ocrx_word' id='word_1_290' title='bbox 904 1888 1056 1933; x_wconf 83' lang='lat' dir='ltr'>omnia</span> <span class='ocrx_word' id='word_1_291' title='bbox 1083 1887 1362 1934; x_wconf 78' lang='lat' dir='ltr'>intenfiffime</span> <span class='ocrx_word' id='word_1_292' title='bbox 1397 1905 1612 1951; x_wconf 79' lang='lat' dir='ltr'>urgeant,</span> <span class='ocrx_word' id='word_1_293' title='bbox 1653 1888 1877 1935; x_wconf 82' lang='lat' dir='ltr'>conducet</span> <span class='ocrx_word' id='word_1_294' title='bbox 1909 1886 2094 1934; x_wconf 73' lang='lat' dir='ltr'>cuilibet</span> <span class='ocrx_word' id='word_1_295' title='bbox 2125 1886 2224 1933; x_wconf 76' lang='lat' dir='ltr'>dost</span> 
     </span>
     <span class='ocr_line' id='line_1_29' title="bbox 388 1950 2224 2016; baseline -0.001 -19"><span class='ocrx_word' id='word_1_296' title='bbox 388 1952 639 1998; x_wconf 84' lang='lat' dir='ltr'>emulfionis</span> <span class='ocrx_word' id='word_1_297' title='bbox 655 1985 666 2003; x_wconf 83' lang='lat'>‚</span> <span class='ocrx_word' id='word_1_298' title='bbox 691 1950 768 1997; x_wconf 86' lang='lat' dir='ltr'>sed</span> <span class='ocrx_word' id='word_1_299' title='bbox 793 1951 1034 2016; x_wconf 65' lang='lat' dir='ltr'>praesertim</span> <span class='ocrx_word' id='word_1_300' title='bbox 1054 1952 1311 2016; x_wconf 66' lang='lat' dir='ltr'>vespertinae</span> <span class='ocrx_word' id='word_1_301' title='bbox 1337 1954 1611 1998; x_wconf 71' lang='lat' dir='ltr'>narcoticum</span> <span class='ocrx_word' id='word_1_302' title='bbox 1629 1953 1761 2013; x_wconf 85' lang='lat' dir='ltr'>adjici</span> <span class='ocrx_word' id='word_1_303' title='bbox 1780 1987 1792 2005; x_wconf 86' lang='grc'>,</span> <span class='ocrx_word' id='word_1_304' title='bbox 1813 1971 1903 2015; x_wconf 89' lang='lat' dir='ltr'>quo</span> <span class='ocrx_word' id='word_1_305' title='bbox 1925 1952 2097 1997; x_wconf 81' lang='lat' dir='ltr'>acutior</span> <span class='ocrx_word' id='word_1_306' title='bbox 2117 1969 2224 2015; x_wconf 81' lang='lat' dir='ltr'>par-</span> 
     </span>
     <span class='ocr_line' id='line_1_30' title="bbox 389 2014 2224 2079; baseline -0.001 -18"><span class='ocrx_word' id='word_1_307' title='bbox 389 2016 502 2062; x_wconf 87' lang='lat' dir='ltr'>tium</span> <span class='ocrx_word' id='word_1_308' title='bbox 521 2016 774 2062; x_wconf 87' lang='lat' dir='ltr'>dolentium</span> <span class='ocrx_word' id='word_1_309' title='bbox 799 2015 941 2062; x_wconf 85' lang='lat' dir='ltr'>sensus</span> <span class='ocrx_word' id='word_1_310' title='bbox 972 2016 1165 2079; x_wconf 86' lang='lat' dir='ltr'>sopiatur</span> <span class='ocrx_word' id='word_1_311' title='bbox 1197 2017 1267 2062; x_wconf 88' lang='lat' dir='ltr'>vel</span> <span class='ocrx_word' id='word_1_312' title='bbox 1286 2016 1435 2062; x_wconf 75' lang='lat' dir='ltr'>saltem</span> <span class='ocrx_word' id='word_1_313' title='bbox 1453 2017 1726 2063; x_wconf 81' lang='lat' dir='ltr'>obtundatur</span> <span class='ocrx_word' id='word_1_314' title='bbox 1743 2051 1754 2069; x_wconf 80' lang='grc'>,</span> <span class='ocrx_word' id='word_1_315' title='bbox 1773 2033 1821 2062; x_wconf 90' lang='lat' dir='ltr'>ut</span> <span class='ocrx_word' id='word_1_316' title='bbox 1841 2017 1959 2062; x_wconf 81' lang='lat' dir='ltr'>verbi</span> <span class='ocrx_word' id='word_1_317' title='bbox 1978 2016 2122 2078; x_wconf 58' lang='lat' dir='ltr'>gratia}</span> <span class='ocrx_word' id='word_1_318' title='bbox 2150 2014 2224 2077; x_wconf 81' lang='lat' dir='ltr'>sy-</span> 
     </span>
     <span class='ocr_line' id='line_1_31' title="bbox 391 2079 2224 2144; baseline 0 -18"><span class='ocrx_word' id='word_1_319' title='bbox 391 2081 490 2144; x_wconf 80' lang='lat' dir='ltr'>rupi</span> <span class='ocrx_word' id='word_1_320' title='bbox 519 2080 576 2127; x_wconf 89' lang='lat' dir='ltr'>de</span> <span class='ocrx_word' id='word_1_321' title='bbox 603 2080 813 2126; x_wconf 82' lang='lat' dir='ltr'>diacodio</span> <span class='ocrx_word' id='word_1_322' title='bbox 842 2082 1016 2126; x_wconf 85' lang='lat' dir='ltr'>unciam</span> <span class='ocrx_word' id='word_1_323' title='bbox 1046 2079 1262 2127; x_wconf 66' lang='lat' dir='ltr'>semissem</span> <span class='ocrx_word' id='word_1_324' title='bbox 1282 2114 1294 2132; x_wconf 85' lang='lat'>‚</span> <span class='ocrx_word' id='word_1_325' title='bbox 1315 2081 1509 2126; x_wconf 66' lang='lat' dir='ltr'>tincturae</span> <span class='ocrx_word' id='word_1_326' title='bbox 1542 2081 1758 2142; x_wconf 80' lang='lat' dir='ltr'>anodynae</span> <span class='ocrx_word' id='word_1_327' title='bbox 1784 2097 1930 2143; x_wconf 79' lang='lat' dir='ltr'>guttas</span> <span class='ocrx_word' id='word_1_328' title='bbox 1953 2098 2024 2125; x_wconf 83' lang='lat' dir='ltr'>xv.</span> <span class='ocrx_word' id='word_1_329' title='bbox 2054 2096 2128 2125; x_wconf 76' lang='lat' dir='ltr'>aut</span> <span class='ocrx_word' id='word_1_330' title='bbox 2146 2098 2224 2126; x_wconf 46' lang='lat' dir='ltr'>xxv</span> 
     </span>
     <span class='ocr_line' id='line_1_32' title="bbox 392 2143 2187 2209; baseline -0.002 -18"><span class='ocrx_word' id='word_1_331' title='bbox 392 2144 570 2191; x_wconf 60' lang='lat' dir='ltr'>laudan}</span> <span class='ocrx_word' id='word_1_332' title='bbox 599 2144 793 2190; x_wconf 78' lang='lat' dir='ltr'>dilsoluti</span> <span class='ocrx_word' id='word_1_333' title='bbox 816 2162 883 2206; x_wconf 78' lang='lat' dir='ltr'>gr.</span> <span class='ocrx_word' id='word_1_334' title='bbox 901 2150 926 2202; x_wconf 76' lang='lat' dir='ltr'>j.</span> <span class='ocrx_word' id='word_1_335' title='bbox 947 2145 1184 2208; x_wconf 82' lang='lat' dir='ltr'>pilularum</span> <span class='ocrx_word' id='word_1_336' title='bbox 1204 2145 1261 2191; x_wconf 92' lang='lat' dir='ltr'>de</span> <span class='ocrx_word' id='word_1_337' title='bbox 1279 2143 1534 2208; x_wconf 76' lang='lat' dir='ltr'>cynogloffo</span> <span class='ocrx_word' id='word_1_338' title='bbox 1554 2144 1858 2191; x_wconf 75' lang='lat' dir='ltr'>dissolutarum</span> <span class='ocrx_word' id='word_1_339' title='bbox 1880 2161 2015 2209; x_wconf 81' lang='lat' dir='ltr'>grana</span> <span class='ocrx_word' id='word_1_340' title='bbox 2033 2162 2076 2190; x_wconf 85' lang='lat' dir='ltr'>v.</span> <span class='ocrx_word' id='word_1_341' title='bbox 2100 2150 2187 2190; x_wconf 82' lang='lat' dir='ltr'>&amp;c.</span> 
     </span>
    </p>

    <p class='ocr_par' dir='ltr' id='par_1_8' title="bbox 393 2208 2226 2531">
     <span class='ocr_line' id='line_1_33' title="bbox 463 2208 2224 2272; baseline -0.001 -18"><span class='ocrx_word' id='word_1_342' title='bbox 463 2219 530 2268; x_wconf 88' lang='lat'>70.</span> <span class='ocrx_word' id='word_1_343' title='bbox 569 2214 627 2255; x_wconf 85' lang='lat' dir='ltr'>At</span> <span class='ocrx_word' id='word_1_344' title='bbox 657 2210 765 2255; x_wconf 78' lang='lat' dir='ltr'>vero</span> <span class='ocrx_word' id='word_1_345' title='bbox 794 2208 823 2254; x_wconf 89' lang='lat' dir='ltr'>fi</span> <span class='ocrx_word' id='word_1_346' title='bbox 855 2210 1050 2256; x_wconf 84' lang='lat' dir='ltr'>debilior</span> <span class='ocrx_word' id='word_1_347' title='bbox 1078 2209 1321 2256; x_wconf 86' lang='lat' dir='ltr'>stomachus</span> <span class='ocrx_word' id='word_1_348' title='bbox 1352 2211 1542 2255; x_wconf 90' lang='lat' dir='ltr'>nimium</span> <span class='ocrx_word' id='word_1_349' title='bbox 1566 2210 1684 2255; x_wconf 88' lang='lat' dir='ltr'>hunc</span> <span class='ocrx_word' id='word_1_350' title='bbox 1714 2209 2074 2272; x_wconf 79' lang='lat' dir='ltr'>refrigerantium</span> <span class='ocrx_word' id='word_1_351' title='bbox 2095 2208 2224 2254; x_wconf 79' lang='lat' dir='ltr'>usum</span> 
     </span>
     <span class='ocr_line' id='line_1_34' title="bbox 393 2271 2222 2337; baseline 0.001 -18"><span class='ocrx_word' id='word_1_352' title='bbox 393 2290 489 2319; x_wconf 83' lang='lat' dir='ltr'>non</span> <span class='ocrx_word' id='word_1_353' title='bbox 513 2273 627 2319; x_wconf 84' lang='lat' dir='ltr'>ferat</span> <span class='ocrx_word' id='word_1_354' title='bbox 643 2307 655 2326; x_wconf 86' lang='lat'>,</span> <span class='ocrx_word' id='word_1_355' title='bbox 681 2290 728 2318; x_wconf 90' lang='lat' dir='ltr'>ut</span> <span class='ocrx_word' id='word_1_356' title='bbox 755 2271 900 2333; x_wconf 64' lang='lat' dir='ltr'>saepius</span> <span class='ocrx_word' id='word_1_357' title='bbox 926 2274 1089 2320; x_wconf 82' lang='lat' dir='ltr'>accidit</span> <span class='ocrx_word' id='word_1_358' title='bbox 1106 2309 1118 2326; x_wconf 88' lang='lat'>‚</span> <span class='ocrx_word' id='word_1_359' title='bbox 1143 2290 1248 2319; x_wconf 85' lang='lat' dir='ltr'>tunc</span> <span class='ocrx_word' id='word_1_360' title='bbox 1279 2273 1439 2319; x_wconf 77' lang='lat' dir='ltr'>omiffis</span> <span class='ocrx_word' id='word_1_361' title='bbox 1457 2273 1770 2320; x_wconf 81' lang='lat' dir='ltr'>emulfionibus</span> <span class='ocrx_word' id='word_1_362' title='bbox 1791 2272 1880 2318; x_wconf 63' lang='lat' dir='ltr'>sola</span> <span class='ocrx_word' id='word_1_363' title='bbox 1902 2273 2070 2337; x_wconf 65' lang='lat' dir='ltr'>ptisana</span> <span class='ocrx_word' id='word_1_364' title='bbox 2092 2290 2222 2320; x_wconf 91' lang='lat' dir='ltr'>uten-</span> 
     </span>
     <span class='ocr_line' id='line_1_35' title="bbox 395 2336 2222 2401; baseline -0.001 -18"><span class='ocrx_word' id='word_1_365' title='bbox 395 2339 504 2383; x_wconf 79' lang='lat' dir='ltr'>dum</span> <span class='ocrx_word' id='word_1_366' title='bbox 524 2339 641 2390; x_wconf 81' lang='lat' dir='ltr'>erit3</span> <span class='ocrx_word' id='word_1_367' title='bbox 672 2338 764 2383; x_wconf 71' lang='lat' dir='ltr'>imo</span> <span class='ocrx_word' id='word_1_368' title='bbox 790 2337 819 2382; x_wconf 90' lang='lat' dir='ltr'>fi</span> <span class='ocrx_word' id='word_1_369' title='bbox 846 2337 1014 2401; x_wconf 78' lang='lat' dir='ltr'>ptisana</span> <span class='ocrx_word' id='word_1_370' title='bbox 1031 2356 1211 2401; x_wconf 82' lang='lat' dir='ltr'>quoque</span> <span class='ocrx_word' id='word_1_371' title='bbox 1239 2339 1464 2384; x_wconf 84' lang='lat' dir='ltr'>stomacho</span> <span class='ocrx_word' id='word_1_372' title='bbox 1491 2339 1637 2400; x_wconf 85' lang='lat' dir='ltr'>gravis</span> <span class='ocrx_word' id='word_1_373' title='bbox 1662 2339 1738 2390; x_wconf 83' lang='lat' dir='ltr'>fit,</span> <span class='ocrx_word' id='word_1_374' title='bbox 1765 2337 1854 2384; x_wconf 61' lang='lat' dir='ltr'>sola</span> <span class='ocrx_word' id='word_1_375' title='bbox 1881 2336 1990 2400; x_wconf 63' lang='lat' dir='ltr'>aqua</span> <span class='ocrx_word' id='word_1_376' title='bbox 2017 2355 2222 2383; x_wconf 84' lang='lat' dir='ltr'>commu—</span> 
     </span>
     <span class='ocr_line' id='line_1_36' title="bbox 395 2401 2226 2467; baseline 0 -20"><span class='ocrx_word' id='word_1_377' title='bbox 395 2402 443 2447; x_wconf 84' lang='lat' dir='ltr'>ni</span> <span class='ocrx_word' id='word_1_378' title='bbox 464 2436 477 2454; x_wconf 83' lang='lat'>,</span> <span class='ocrx_word' id='word_1_379' title='bbox 514 2402 699 2448; x_wconf 65' lang='lat' dir='ltr'>fontana</span> <span class='ocrx_word' id='word_1_380' title='bbox 722 2402 792 2448; x_wconf 89' lang='lat' dir='ltr'>vel</span> <span class='ocrx_word' id='word_1_381' title='bbox 815 2401 1019 2448; x_wconf 78' lang='lat' dir='ltr'>fluviatili</span> <span class='ocrx_word' id='word_1_382' title='bbox 1042 2437 1054 2455; x_wconf 82' lang='lat'>‚</span> <span class='ocrx_word' id='word_1_383' title='bbox 1094 2402 1261 2448; x_wconf 84' lang='lat' dir='ltr'>affatim</span> <span class='ocrx_word' id='word_1_384' title='bbox 1292 2403 1437 2448; x_wconf 64' lang='lat' dir='ltr'>hausta</span> <span class='ocrx_word' id='word_1_385' title='bbox 1456 2437 1468 2455; x_wconf 76' lang='lat'>‚</span> <span class='ocrx_word' id='word_1_386' title='bbox 1490 2409 1535 2449; x_wconf 82' lang='lat'>&amp;</span> <span class='ocrx_word' id='word_1_387' title='bbox 1571 2404 1642 2449; x_wconf 91' lang='lat' dir='ltr'>cui</span> <span class='ocrx_word' id='word_1_388' title='bbox 1678 2402 2004 2467; x_wconf 80' lang='lat' dir='ltr'>aliquantulum</span> <span class='ocrx_word' id='word_1_389' title='bbox 2035 2402 2226 2464; x_wconf 76' lang='lat' dir='ltr'>crystalli</span> 
     </span>
     <span class='ocr_line' id='line_1_37' title="bbox 396 2466 1534 2531; baseline -0.001 -19"><span class='ocrx_word' id='word_1_390' title='bbox 396 2467 623 2513; x_wconf 79' lang='lat' dir='ltr'>mineralis</span> <span class='ocrx_word' id='word_1_391' title='bbox 642 2467 715 2512; x_wconf 88' lang='lat' dir='ltr'>vel</span> <span class='ocrx_word' id='word_1_392' title='bbox 734 2467 841 2513; x_wconf 83' lang='lat' dir='ltr'>nitri</span> <span class='ocrx_word' id='word_1_393' title='bbox 868 2467 1083 2531; x_wconf 81' lang='lat' dir='ltr'>purificati</span> <span class='ocrx_word' id='word_1_394' title='bbox 1111 2468 1357 2513; x_wconf 79' lang='lat' dir='ltr'>admixtum</span> <span class='ocrx_word' id='word_1_395' title='bbox 1379 2466 1534 2514; x_wconf 84' lang='lat' dir='ltr'>fuerit.</span> 
     </span>
    </p>

    <p class='ocr_par' dir='ltr' id='par_1_9' title="bbox 397 2528 2229 3239">
     <span class='ocr_line' id='line_1_38' title="bbox 456 2528 2221 2594; baseline -0.002 -17"><span class='ocrx_word' id='word_1_396' title='bbox 456 2537 520 2577; x_wconf 76' lang='lat'>80.</span> <span class='ocrx_word' id='word_1_397' title='bbox 558 2530 723 2578; x_wconf 74' lang='lat' dir='ltr'>Verum</span> <span class='ocrx_word' id='word_1_398' title='bbox 742 2530 771 2575; x_wconf 78' lang='lat' dir='ltr'>sl</span> <span class='ocrx_word' id='word_1_399' title='bbox 792 2532 974 2577; x_wconf 79' lang='lat' dir='ltr'>morbus</span> <span class='ocrx_word' id='word_1_400' title='bbox 996 2531 1190 2577; x_wconf 80' lang='lat' dir='ltr'>remedia</span> <span class='ocrx_word' id='word_1_401' title='bbox 1210 2532 1359 2577; x_wconf 84' lang='lat' dir='ltr'>vincat</span> <span class='ocrx_word' id='word_1_402' title='bbox 1379 2537 1424 2577; x_wconf 70' lang='grc' dir='ltr'>δε</span> <span class='ocrx_word' id='word_1_403' title='bbox 1446 2531 1648 2578; x_wconf 87' lang='lat' dir='ltr'>videatur</span> <span class='ocrx_word' id='word_1_404' title='bbox 1676 2531 1722 2576; x_wconf 86' lang='lat' dir='ltr'>in</span> <span class='ocrx_word' id='word_1_405' title='bbox 1751 2531 1844 2577; x_wconf 86' lang='lat' dir='ltr'>dies</span> <span class='ocrx_word' id='word_1_406' title='bbox 1872 2528 2184 2594; x_wconf 82' lang='lat' dir='ltr'>ingravescere</span> <span class='ocrx_word' id='word_1_407' title='bbox 2201 2563 2221 2583; x_wconf 26' lang='lat'>,1</span> 
     </span>
     <span class='ocr_line' id='line_1_39' title="bbox 397 2595 2228 2659; baseline 0 -18"><span class='ocrx_word' id='word_1_408' title='bbox 397 2597 522 2659; x_wconf 86' lang='lat' dir='ltr'>quod</span> <span class='ocrx_word' id='word_1_409' title='bbox 553 2611 698 2642; x_wconf 89' lang='lat' dir='ltr'>tamen</span> <span class='ocrx_word' id='word_1_410' title='bbox 728 2613 970 2659; x_wconf 81' lang='lat' dir='ltr'>numquam</span> <span class='ocrx_word' id='word_1_411' title='bbox 997 2596 1090 2641; x_wconf 69' lang='lat' dir='ltr'>fere</span> <span class='ocrx_word' id='word_1_412' title='bbox 1123 2597 1301 2648; x_wconf 87' lang='lat' dir='ltr'>evenit,</span> <span class='ocrx_word' id='word_1_413' title='bbox 1335 2595 1413 2641; x_wconf 80' lang='lat' dir='ltr'>nisi</span> <span class='ocrx_word' id='word_1_414' title='bbox 1445 2595 1632 2642; x_wconf 62' lang='lat' dir='ltr'>maxima</span> <span class='ocrx_word' id='word_1_415' title='bbox 1663 2595 1970 2658; x_wconf 67' lang='lat' dir='ltr'>aegrotantium</span> <span class='ocrx_word' id='word_1_416' title='bbox 1999 2595 2228 2658; x_wconf 80' lang='lat' dir='ltr'>intempe-</span> 
     </span>
     <span class='ocr_line' id='line_1_40' title="bbox 398 2658 2229 2723; baseline -0.001 -18"><span class='ocrx_word' id='word_1_417' title='bbox 398 2661 541 2706; x_wconf 62' lang='lat' dir='ltr'>rantia</span> <span class='ocrx_word' id='word_1_418' title='bbox 561 2679 571 2712; x_wconf 87' lang='lat'>·,</span> <span class='ocrx_word' id='word_1_419' title='bbox 594 2660 621 2704; x_wconf 91' lang='lat' dir='ltr'>s1</span> <span class='ocrx_word' id='word_1_420' title='bbox 643 2659 824 2705; x_wconf 83' lang='lat' dir='ltr'>urethra</span> <span class='ocrx_word' id='word_1_421' title='bbox 844 2661 1038 2722; x_wconf 78' lang='lat' dir='ltr'>graviter</span> <span class='ocrx_word' id='word_1_422' title='bbox 1058 2659 1357 2706; x_wconf 77' lang='lat' dir='ltr'>inflammetur</span> <span class='ocrx_word' id='word_1_423' title='bbox 1377 2694 1389 2712; x_wconf 82' lang='lat'>‚</span> <span class='ocrx_word' id='word_1_424' title='bbox 1409 2676 1458 2705; x_wconf 89' lang='lat' dir='ltr'>ut</span> <span class='ocrx_word' id='word_1_425' title='bbox 1478 2660 1525 2705; x_wconf 88' lang='lat' dir='ltr'>in</span> <span class='ocrx_word' id='word_1_426' title='bbox 1546 2660 1815 2723; x_wconf 67' lang='lat' dir='ltr'>gonorrhoezi</span> <span class='ocrx_word' id='word_1_427' title='bbox 1836 2658 2047 2704; x_wconf 50' lang='lat' dir='ltr'>chordam}</span> <span class='ocrx_word' id='word_1_428' title='bbox 2066 2677 2076 2710; x_wconf 81' lang='lat'>3</span> <span class='ocrx_word' id='word_1_429' title='bbox 2097 2658 2126 2703; x_wconf 87' lang='lat' dir='ltr'>si</span> <span class='ocrx_word' id='word_1_430' title='bbox 2147 2677 2229 2722; x_wconf 83' lang='lat' dir='ltr'>pu-</span> 
     </span>
     <span class='ocr_line' id='line_1_41' title="bbox 399 2722 2223 2788; baseline -0.001 -18"><span class='ocrx_word' id='word_1_431' title='bbox 399 2742 473 2770; x_wconf 75' lang='lat' dir='ltr'>rus</span> <span class='ocrx_word' id='word_1_432' title='bbox 496 2723 679 2788; x_wconf 90' lang='lat' dir='ltr'>putusve</span> <span class='ocrx_word' id='word_1_433' title='bbox 703 2723 874 2786; x_wconf 83' lang='lat' dir='ltr'>sanguis</span> <span class='ocrx_word' id='word_1_434' title='bbox 894 2742 947 2770; x_wconf 85' lang='lat' dir='ltr'>ex</span> <span class='ocrx_word' id='word_1_435' title='bbox 977 2723 1155 2769; x_wconf 81' lang='lat' dir='ltr'>disciffis</span> <span class='ocrx_word' id='word_1_436' title='bbox 1182 2724 1377 2788; x_wconf 86' lang='lat' dir='ltr'>ruptisve</span> <span class='ocrx_word' id='word_1_437' title='bbox 1400 2723 1597 2785; x_wconf 78' lang='lat' dir='ltr'>ejusdem&#39;</span> <span class='ocrx_word' id='word_1_438' title='bbox 1629 2725 1733 2770; x_wconf 59' lang='lat' dir='ltr'>vasis</span> <span class='ocrx_word' id='word_1_439' title='bbox 1760 2739 1995 2788; x_wconf 82' lang='lat' dir='ltr'>promanet</span> <span class='ocrx_word' id='word_1_440' title='bbox 2017 2742 2028 2775; x_wconf 77' lang='lat'>3</span> <span class='ocrx_word' id='word_1_441' title='bbox 2050 2722 2079 2766; x_wconf 88' lang='lat' dir='ltr'>fi</span> <span class='ocrx_word' id='word_1_442' title='bbox 2100 2724 2223 2786; x_wconf 87' lang='lat' dir='ltr'>peri-</span> 
     </span>
     <span class='ocr_line' id='line_1_42' title="bbox 400 2787 2227 2853; baseline 0.001 -20"><span class='ocrx_word' id='word_1_443' title='bbox 400 2805 542 2833; x_wconf 80' lang='lat' dir='ltr'>naeum</span> <span class='ocrx_word' id='word_1_444' title='bbox 577 2788 745 2839; x_wconf 84' lang='lat' dir='ltr'>caleat,</span> <span class='ocrx_word' id='word_1_445' title='bbox 774 2804 965 2840; x_wconf 87' lang='lat' dir='ltr'>tumeat,</span> <span class='ocrx_word' id='word_1_446' title='bbox 1001 2788 1236 2852; x_wconf 82' lang='lat' dir='ltr'>doleatque</span> <span class='ocrx_word' id='word_1_447' title='bbox 1271 2805 1423 2853; x_wconf 81' lang='lat' dir='ltr'>praeter</span> <span class='ocrx_word' id='word_1_448' title='bbox 1444 2788 1629 2833; x_wconf 85' lang='lat' dir='ltr'>modum</span> <span class='ocrx_word' id='word_1_449' title='bbox 1658 2807 1669 2838; x_wconf 66' lang='grc' dir='ltr'><strong>ς</strong></span> <span class='ocrx_word' id='word_1_450' title='bbox 1700 2788 1729 2833; x_wconf 88' lang='lat' dir='ltr'>fi</span> <span class='ocrx_word' id='word_1_451' title='bbox 1769 2787 1945 2848; x_wconf 82' lang='lat' dir='ltr'>dysuria</span> <span class='ocrx_word' id='word_1_452' title='bbox 1978 2787 2227 2834; x_wconf 73' lang='lat' dir='ltr'>miserrime</span> 
     </span>
     <span class='ocr_line' id='line_1_43' title="bbox 399 2851 2224 2917; baseline -0.001 -18"><span class='ocrx_word' id='word_1_453' title='bbox 399 2870 530 2906; x_wconf 56' lang='lat' dir='ltr'>urar,</span> <span class='ocrx_word' id='word_1_454' title='bbox 552 2868 656 2898; x_wconf 85' lang='lat' dir='ltr'>tunc</span> <span class='ocrx_word' id='word_1_455' title='bbox 680 2852 847 2898; x_wconf 84' lang='lat' dir='ltr'>iteratis</span> <span class='ocrx_word' id='word_1_456' title='bbox 869 2871 950 2917; x_wconf 89' lang='lat' dir='ltr'>pro</span> <span class='ocrx_word' id='word_1_457' title='bbox 970 2853 1142 2899; x_wconf 86' lang='lat' dir='ltr'>Medici</span> <span class='ocrx_word' id='word_1_458' title='bbox 1165 2853 1400 2917; x_wconf 64' lang='lat' dir='ltr'>prudentia</span> <span class='ocrx_word' id='word_1_459' title='bbox 1422 2871 1542 2899; x_wconf 71' lang='lat' dir='ltr'>venae</span> <span class='ocrx_word' id='word_1_460' title='bbox 1562 2851 1855 2904; x_wconf 58' lang='lat' dir='ltr'>sectionibus,</span> <span class='ocrx_word' id='word_1_461' title='bbox 1875 2870 1922 2897; x_wconf 75' lang='lat' dir='ltr'>ac</span> <span class='ocrx_word' id='word_1_462' title='bbox 1946 2867 2224 2916; x_wconf 78' lang='lat' dir='ltr'>temperato,</span> 
     </span>
     <span class='ocr_line' id='line_1_44' title="bbox 403 2915 2227 2980; baseline -0.002 -17"><span class='ocrx_word' id='word_1_463' title='bbox 403 2917 618 2979; x_wconf 66' lang='lat' dir='ltr'>quantum</span> <span class='ocrx_word' id='word_1_464' title='bbox 639 2916 736 2962; x_wconf 78' lang='lat' dir='ltr'>fieri</span> <span class='ocrx_word' id='word_1_465' title='bbox 755 2918 919 2980; x_wconf 85' lang='lat' dir='ltr'>poterit</span> <span class='ocrx_word' id='word_1_466' title='bbox 937 2951 949 2969; x_wconf 82' lang='lat'>‚</span> <span class='ocrx_word' id='word_1_467' title='bbox 971 2918 1233 2980; x_wconf 76' lang='lat' dir='ltr'>genitalium</span> <span class='ocrx_word' id='word_1_468' title='bbox 1258 2920 1354 2964; x_wconf 75' lang='lat' dir='ltr'>aestu</span> <span class='ocrx_word' id='word_1_469' title='bbox 1373 2917 1569 2964; x_wconf 85' lang='lat' dir='ltr'>internis</span> <span class='ocrx_word' id='word_1_470' title='bbox 1582 2916 1790 2963; x_wconf 85' lang='lat' dir='ltr'>remediis</span> <span class='ocrx_word' id='word_1_471' title='bbox 1808 2950 1819 2968; x_wconf 83' lang='grc'>.,</span> <span class='ocrx_word' id='word_1_472' title='bbox 1849 2915 2057 2962; x_wconf 70' lang='lat' dir='ltr'>nimirum</span> <span class='ocrx_word' id='word_1_473' title='bbox 2085 2915 2227 2962; x_wconf 81' lang='lat' dir='ltr'>emul-</span> 
     </span>
     <span class='ocr_line' id='line_1_45' title="bbox 403 2979 2228 3046; baseline -0.001 -21"><span class='ocrx_word' id='word_1_474' title='bbox 403 2980 595 3026; x_wconf 80' lang='lat' dir='ltr'>sionibus</span> <span class='ocrx_word' id='word_1_475' title='bbox 626 2986 671 3026; x_wconf 71' lang='grc' dir='ltr'>δε</span> <span class='ocrx_word' id='word_1_476' title='bbox 703 2981 869 3043; x_wconf 59' lang='lat' dir='ltr'>ptisana</span> <span class='ocrx_word' id='word_1_477' title='bbox 889 3015 900 3033; x_wconf 91' lang='lat'>,</span> <span class='ocrx_word' id='word_1_478' title='bbox 927 2998 976 3027; x_wconf 87' lang='lat' dir='ltr'>ut</span> <span class='ocrx_word' id='word_1_479' title='bbox 1006 2982 1132 3046; x_wconf 68' lang='lat' dir='ltr'>supra</span> <span class='ocrx_word' id='word_1_480' title='bbox 1163 2982 1330 3028; x_wconf 59' lang='lat' dir='ltr'>dictum</span> <span class='ocrx_word' id='word_1_481' title='bbox 1350 2984 1435 3033; x_wconf 82' lang='lat' dir='ltr'>est,</span> <span class='ocrx_word' id='word_1_482' title='bbox 1468 2983 1523 3028; x_wconf 81' lang='lat' dir='ltr'>ad</span> <span class='ocrx_word' id='word_1_483' title='bbox 1556 2998 1738 3028; x_wconf 70' lang='lat' dir='ltr'>externa</span> <span class='ocrx_word' id='word_1_484' title='bbox 1763 2999 1940 3044; x_wconf 86' lang='lat' dir='ltr'>quoque</span> <span class='ocrx_word' id='word_1_485' title='bbox 1960 2979 2047 3027; x_wconf 82' lang='lat' dir='ltr'>sive</span> <span class='ocrx_word' id='word_1_486' title='bbox 2073 2980 2228 3043; x_wconf 76' lang='lat' dir='ltr'>topica:</span> 
     </span>
     <span class='ocr_line' id='line_1_46' title="bbox 405 3043 2226 3110; baseline -0.001 -20"><span class='ocrx_word' id='word_1_487' title='bbox 405 3046 604 3092; x_wconf 79' lang='lat' dir='ltr'>remedia</span> <span class='ocrx_word' id='word_1_488' title='bbox 624 3044 974 3107; x_wconf 84' lang='lat' dir='ltr'>confugiendum</span> <span class='ocrx_word' id='word_1_489' title='bbox 1001 3048 1085 3093; x_wconf 92' lang='lat' dir='ltr'>erit</span> <span class='ocrx_word' id='word_1_490' title='bbox 1103 3066 1114 3099; x_wconf 80' lang='lat'>3</span> <span class='ocrx_word' id='word_1_491' title='bbox 1135 3047 1284 3110; x_wconf 85' lang='lat' dir='ltr'>itaque</span> <span class='ocrx_word' id='word_1_492' title='bbox 1316 3054 1375 3090; x_wconf 81' lang='lat'>1⁰.</span> <span class='ocrx_word' id='word_1_493' title='bbox 1407 3048 1612 3092; x_wconf 81' lang='lat' dir='ltr'>Mentula</span> <span class='ocrx_word' id='word_1_494' title='bbox 1633 3052 1679 3092; x_wconf 63' lang='grc' dir='ltr'>ὃ(</span> <span class='ocrx_word' id='word_1_495' title='bbox 1698 3046 1906 3109; x_wconf 82' lang='lat' dir='ltr'>genitalia</span> <span class='ocrx_word' id='word_1_496' title='bbox 1931 3045 2040 3090; x_wconf 64' lang='lat' dir='ltr'>laste</span> <span class='ocrx_word' id='word_1_497' title='bbox 2069 3043 2226 3106; x_wconf 80' lang='lat' dir='ltr'>tepido</span> 
     </span>
     <span class='ocr_line' id='line_1_47' title="bbox 407 3108 2224 3160; baseline 0 -8"><span class='ocrx_word' id='word_1_498' title='bbox 407 3108 631 3160; x_wconf 81' lang='lat' dir='ltr'>fovenda,</span> <span class='ocrx_word' id='word_1_499' title='bbox 657 3108 750 3152; x_wconf 71' lang='lat' dir='ltr'>imo</span> <span class='ocrx_word' id='word_1_500' title='bbox 778 3115 823 3153; x_wconf 84' lang='lat'>&amp;</span> <span class='ocrx_word' id='word_1_501' title='bbox 853 3111 950 3156; x_wconf 60' lang='lat' dir='ltr'>laeti</span> <span class='ocrx_word' id='word_1_502' title='bbox 976 3110 1182 3156; x_wconf 78' lang='lat' dir='ltr'>immersa</span> <span class='ocrx_word' id='word_1_503' title='bbox 1203 3111 1473 3156; x_wconf 80' lang='lat' dir='ltr'>continenda</span> <span class='ocrx_word' id='word_1_504' title='bbox 1510 3110 1607 3155; x_wconf 89' lang='lat' dir='ltr'>sunt</span> <span class='ocrx_word' id='word_1_505' title='bbox 1637 3111 1683 3155; x_wconf 91' lang='lat' dir='ltr'>in</span> <span class='ocrx_word' id='word_1_506' title='bbox 1713 3109 1901 3156; x_wconf 87' lang='lat' dir='ltr'>insessu:</span> <span class='ocrx_word' id='word_1_507' title='bbox 1934 3116 1996 3154; x_wconf 82' lang='lat'>2⁰.</span> <span class='ocrx_word' id='word_1_508' title='bbox 2028 3108 2224 3153; x_wconf 82' lang='lat' dir='ltr'>Perinaeo</span> 
     </span>
     <span class='ocr_line' id='line_1_48' title="bbox 404 3171 2221 3239; baseline -0.002 -21"><span class='ocrx_word' id='word_1_509' title='bbox 404 3172 737 3221; x_wconf 77' lang='lat' dir='ltr'>admovendtun</span> <span class='ocrx_word' id='word_1_510' title='bbox 762 3174 1021 3237; x_wconf 80' lang='lat' dir='ltr'>cataplasma</span> <span class='ocrx_word' id='word_1_511' title='bbox 1044 3175 1100 3222; x_wconf 87' lang='lat' dir='ltr'>de</span> <span class='ocrx_word' id='word_1_512' title='bbox 1126 3175 1240 3233; x_wconf 57' lang='lat' dir='ltr'>micci</span> <span class='ocrx_word' id='word_1_513' title='bbox 1258 3174 1380 3239; x_wconf 77' lang='lat' dir='ltr'>pan-is</span> <span class='ocrx_word' id='word_1_514' title='bbox 1399 3192 1500 3221; x_wconf 88' lang='lat' dir='ltr'>cum</span> <span class='ocrx_word' id='word_1_515' title='bbox 1526 3174 1635 3222; x_wconf 65' lang='lat' dir='ltr'>laete</span> <span class='ocrx_word' id='word_1_516' title='bbox 1657 3180 1703 3220; x_wconf 84' lang='lat'>&amp;</span> <span class='ocrx_word' id='word_1_517' title='bbox 1718 3191 1855 3221; x_wconf 86' lang='lat' dir='ltr'>croco</span> <span class='ocrx_word' id='word_1_518' title='bbox 1873 3191 1885 3227; x_wconf 80' lang='lat'>3</span> <span class='ocrx_word' id='word_1_519' title='bbox 1909 3172 1978 3220; x_wconf 89' lang='lat' dir='ltr'>vel</span> <span class='ocrx_word' id='word_1_520' title='bbox 2004 3172 2059 3220; x_wconf 89' lang='lat' dir='ltr'>de</span> <span class='ocrx_word' id='word_1_521' title='bbox 2080 3171 2221 3235; x_wconf 49' lang='lat' dir='ltr'>oryza</span> 
     </span>
    </p>

    <p class='ocr_par' dir='ltr' id='par_1_10' title="bbox 2117 3252 2223 3283">
     <span class='ocr_line' id='line_1_49' title="bbox 2117 3252 2223 3283; baseline 0.028 -3"><span class='ocrx_word' id='word_1_522' title='bbox 2117 3252 2223 3283; x_wconf 65' lang='lat' dir='ltr'>cuin·</span> 
     </span>
    </p>
   </div>
  </div>
 </body>
</html>
