2477 3643
643 89 1461 139 LGnn111.CA1³u-r
1528 89 1584 134 V.
1934 102 2028 149 2119

187 174 329 244 'potest
346 177 394 221 &
412 170 628 219 cumulari
646 205 660 226 ,
680 172 759 219 nisi
785 170 918 218 solito
939 171 1115 219 craffior
1134 205 1147 224 ‚
1168 168 1334 236 spiffior
1351 203 1364 222 ‚
1393 167 1696 230 viscidiorque
1715 169 1781 215 fit.
1813 171 2025 235 Sequitur

187 259 239 291 er
274 258 301 287 o
328 256 382 287 ex
407 238 587 302 impuro
613 237 859 287 concubitu
893 237 1106 302 limpham
1135 269 1149 289 ,
1177 252 1271 299 quae
1306 252 1385 300 per
1414 232 1644 297 glandulas
1670 233 1907 297 inguinum
1935 237 2027 284 cir-

192 257 364 352 culatur
391 335 405 356 ,
439 302 688 349 craffiorem
708 308 753 348 ὅ(
773 301 1062 349 viscidiorem
1088 299 1232 354 effici,
1262 315 1394 364 atque
1417 298 1522 346 ideo
1553 296 1728 346 ibidem
1760 300 2028 349 cumulatam

193 371 360 417 haerere
384 373 429 414 &
447 367 652 414 bubones
675 384 891 415 venereos
915 367 1024 415 inde
1044 366 1309 431 producere.

249 436 311 480 At
338 433 448 480 verb
470 432 583 479 nihil
611 432 720 478 novi
751 433 933 497 corpori
959 433 1120 479 accidit
1138 449 1191 478 ex
1212 428 1457 477 concubitu
1478 427 1656 493 impuro
1680 442 1834 492 praeter
1859 426 2027 494 simpli-

194 515 295 546 cem
322 497 518 562 contagii
551 497 737 545 venerei
769 497 1090 544 admistionem.
1126 496 1276 543 Debet
1306 511 1414 558 ergo
1447 493 1568 541 virus
1598 492 1711 539 illud
1732 493 1848 540 intra
1871 511 2030 557 corpus

195 563 468 628 susceptum,
495 580 544 608 ac
564 580 668 609 cum
687 562 978 626 inguinalium
1004 561 1310 625 glandularum
1328 557 1494 622 limpha
1511 557 1805 604 commixtum
1823 591 1835 610 ‚
1861 557 2029 623 spissio-

194 645 291 676 rem
323 627 443 674 illam
469 645 518 674 ac
549 627 798 675 crassiorem
826 625 1004 675 efficere
1023 660 1035 679 ‚
1056 626 1127 672 cui
1159 625 1343 689 quidem
1373 622 1550 671 effestui
1569 622 1865 688 producendo
1897 641 1952 670 ex
1985 621 2029 670 se

193 691 698 739 accommodatissimum
725 694 785 740 est
806 726 819 745 ,
838 692 939 738 cum
963 691 1071 738 salso
1089 720 1107 726 -
1122 687 1528 736 acidam'naturam
1560 688 1795 741 obtineat,
1816 691 1938 751 cujus
1972 687 2031 736 ad

196 757 500 819 coagulandos
523 757 743 804 sulfureos
767 756 976 803 humores
997 790 1010 809 ‚
1040 755 1181 820 qualis
1202 757 1261 802 est
1281 754 1450 818 limpha
1467 788 1481 808 ‚
1511 752 1746 800 efficacitas
1768 769 1877 799 nota
1895 754 1969 799 est.

231 824 404 869 aPotest
428 838 577 871 autem
606 822 725 870 virus
752 820 1049 868 intromissum
1080 839 1180 866 cum
1199 819 1367 884 limpha
1383 818 1695 883 glandularum
1725 817 2027 882 inguinalium

200 886 485 934 commisceri
512 887 682 952 duplici
708 886 779 933 via
795 921 807 939 ‚
834 886 1039 950 longiore
1062 885 1198 932 altera
1214 890 1259 931 &
1274 884 1557 931 intricatiore
1577 916 1591 935 ‚
1614 882 1826 929 nimirum
1841 883 2033 930 circula-

199 951 325 999 tione
359 951 609 1015 sanguinis3
630 952 842 999 breviore
873 951 1009 998 altera
1042 955 1088 996 &
1126 950 1264 1013 magis
1291 948 1526 1013 expedita,
1554 965 1638 1012 ope
1667 947 1880 996 videlicet
1899 947 2034 995 vaso-

195 1033 297 1063 rum
320 1016 685 1082 limphaticorum
704 1050 716 1069 ‚
748 1033 842 1079 quae
872 1016 918 1063 in
948 1015 1177 1078 glandulas
1196 1013 1441 1077 inguinales
1463 1012 1666 1060 tendunt.
1707 1012 2033 1077 Priorem-qui-

2101 436 2298 476 Deducen-

2076 486 2127 525 dae
2145 489 2163 526 ὲ
2180 503 2305 529 conta-

2076 540 2140 591 gio
2175 541 2261 577 lim-

2077 591 2192 643 pham
2227 593 2302 631 ins-

2078 643 2243 697 piss'ante.

195 1080 305 1128 dem
326 1115 338 1134 ‚
360 1098 407 1127 ut
433 1082 658 1145 quaestioui
686 1081 885 1145 praelenti
915 1080 1188 1126 resolvendae
1216 1078 1370 1143 parum
1399 1078 1608 1124 idoneam
1641 1077 1863 1139 rejicimus
1880 1112 1892 1130 ‚
1919 1091 2036 1140 quo*-
2067 1131 2070 1134 p

196 1146 322 1192 niam
342 1145 392 1192 ea
414 1145 548 1193 semel
568 1144 755 1193 admissa
774 1162 929 1191 omnes
950 1144 1141 1191 universi
1171 1143 1375 1208 corporis
1401 1142 1616 1206 glandulae
1646 1142 1924 1205 conglobata:
1946 1141 2034 1189 sive

201 1209 469 1275 limphaticae
508 1211 602 1275 pari
637 1210 777 1257 modo
808 1210 1028 1257 deberent
1057 1206 1172 1255 affici
1199 1226 1247 1254 ac
1280 1207 1528 1271 inguinales
1547 1241 1559 1259 ,
1596 1206 1696 1253 cum
1726 1207 1943 1271 limpham
1976 1207 2034 1253 ab

199 1275 364 1321 eodeni
393 1274 607 1338 sanguine
636 1275 825 1340 perinde
853 1275 1085 1322 haurirent
1103 1307 1115 1326 ‚
1149 1272 1275 1337 quod
1311 1289 1460 1320 tamen
1487 1272 1770 1335 experientiae
1801 1288 2034 1336 repugnat.

197 1339 496 1386 Posteriorem
527 1340 677 1404 itaque
705 1340 841 1385 solam
860 1340 908 1385 in
939 1357 986 1385 re
1045 1337 1214 1384 raesenti
1243 1336 1566 1384 admittendam
1593 1336 1678 1382 esse
1698 1335 1939 1382 censemus.

262 1403 432 1451 Verum
448 1438 460 1457 ,
487 1403 588 1450 cum
623 1404 784 1468 triplex
810 1404 860 1450 sit
879 1438 892 1457 ,
918 1419 965 1450 ut
997 1358 1126 1468 (ζμ-εὶ
1148 1402 1340 1449 diximus
1358 1437 1370 1456 ‚
1390 1401 1624 1448 bubonum
1662 1399 1827 1465 species
1860 1401 2037 1447 ratione

198 1466 434 1515 invasionis
453 1502 466 1523 ,
490 1487 577 1516 una
604 1468 839 1515 bubonum
858 1502 870 1521 ‚
898 1469 977 1533 qui
1006 1468 1143 1514 coitui
1177 1468 1355 1533 impuro
1388 1467 1479 1512 cito
1511 1472 1556 1512 &
1589 1465 1851 1528 immediate
1883 1464 2035 1512 succe-

200 1532 314 1579 dunt
339 1552 353 1586 3
384 1533 521 1581 altera
545 1534 780 1580 bubonum
801 1567 812 1585 ,
841 1535 919 1597 qui
953 1531 1180 1597 suppreffae
1211 1533 1285 1580 vel
1321 1531 1492 1597 parcius
1525 1531 1682 1578 fluenti
1721 1531 2002 1594 gonorrhoeae
2021 1562 2036 1583 ,

202 1613 278 1642 aut
298 1598 513 1645 cancro'fis
534 1599 657 1663 penis
677 1597 909 1644 ulcusculis
937 1597 1257 1661 superveniunt
1277 1616 1287 1650 3
1310 1597 1442 1644 tertia
1470 1595 1651 1642 demum
1668 1594 1903 1641 bubonum
1924 1627 1937 1645 ,
1959 1595 2036 1658 qui

201 1661 227 1707 εὶ
244 1660 409 1709 latente
423 1662 495 1709 lue
512 1662 703 1709 venerea
720 1662 928 1708 accidunt
960 1661 1049 1708 sine
1073 1661 1198 1707 causei
1213 1660 1301 1707 ulla
1321 1659 1547 1707 manifesta
1564 1693 1576 1712 ,
1600 1659 1735 1706 debet
1770 1658 2000 1706 diversitas
2018 1692 2033 1712 ‚

198 1743 297 1790 quae
334 1726 442 1774 inde
479 1744 613 1792 penes
652 1727 1072 1774 communicationis
1096 1725 1286 1773 modum
1313 1725 1588 1778 intercedit,
1623 1723 1756 1789 paulo
1791 1722 1922 1770 fufius
1959 1741 2037 1771 ex-

203 1790 375 1856 plicari.

271 1863 332 1900 10.
367 1860 418 1901 In
439 1853 561 1900 coitu
580 1886 592 1906 ,
616 1868 798 1901 externa
819 1854 1058 1901 mulierum
1092 1853 1300 1918 pudenda
1319 1887 1331 1906 ‚
1354 1853 1487 1900 vulva
1523 1851 1737 1898 nimirum
1759 1885 1771 1904 ,
1799 1851 1940 1899 vulvae
1974 1851 2036 1898 la-

201 1919 277 1966 bia
294 1954 306 1972 ‚
332 1925 378 1966 86
401 1918 559 1981 vagina
591 1917 759 1966 semine
778 1920 802 1964 a
820 1919 920 1966 viro
949 1920 1112 1980 inje&o
1137 1919 1402 1966 irrorantur.
1440 1917 1580 1980 Igitur
1615 1917 1646 1962 fi
1677 1916 1827 1964 semen
1848 1934 2034 1982 corrup-

202 2000 297 2031 tum
316 1983 366 2030 sit
380 2018 392 2036 ,
408 1984 544 2030 debet
563 1984 823 2047 contagium
838 1984 883 2030 in
899 1983 1178 2030 substantiam
1190 1984 1383 2048 partium
1396 1981 1554 2029 imbibi
1574 1986 1618 2027 &
1635 1999 1735 2027 cum
1751 1980 1919 2046 limpha
1933 1981 2035 2028 illac

201 2049 447 2095 circulante
474 2047 769 2096 commisceri.
804 2048 892 2096 Sed
913 2049 988 2095 illa
1009 2048 1304 2113 peculiaribus
1330 2048 1506 2113 limphae
1533 2046 1739 2093 ductibus
1763 2046 1819 2092 ad
1846 2046 2034 2111 glandu-

204 2114 264 2161 las
284 2112 532 2178 inguinales
554 2113 714 2160 tendit.
752 2113 903 2160 Debet
922 2131 1032 2177 ergo
1052 2112 1284 2161 admissum
1304 2112 1563 2176 contagium
1588 2128 1833 2160 venereum
1857 2111 1913 2158 ad
1939 2110 2034 2159 eas-

205 2179 308 2227 dem
341 2178 568 2242 glandulas
597 2177 685 2224 una
703 2177 831 2224 fimul
853 2179 1103 2225 transferri.

272 2244 374 2290 Pari
399 2244 537 2289 modo
558 2243 644 2289 viri
667 2243 869 2290 coeuntis
897 2244 1137 2306 genitalia,
1158 2243 1282 2306 glans
1298 2276 1310 2296 ‚
1330 2240 1530 2290 mentula
1548 2274 1561 2294 ,
1591 2244 1637 2286 δε
1661 2238 1801 2304 pubes
1817 2238 1908 2304 ipsa
1943 2257 2036 2285 ma·-

205 2307 377 2354 defiunt
403 2307 575 2354 viscido
605 2307 686 2354 illo
707 2312 753 2353 &
770 2306 972 2354 seminali
992 2308 1182 2355 humore
1200 2341 1212 2360 ,
1232 2325 1368 2371 quem
1392 2307 1600 2353 mulieres
1628 2304 1746 2351 inter
1778 2304 2036 2352 coeundum

206 2372 400 2418 ubertim
418 2374 618 2419 erucCtant
637 2390 649 2425 3
672 2371 967 2436 quamobrem
987 2372 1017 2417 fi
1036 2373 1199 2419 humor
1217 2372 1298 2419 ille
1330 2386 1564 2436 corruptus
1585 2368 1722 2415 fuerit
1740 2403 1753 2420 ,
1777 2369 2035 2432 contagium

207 2454 285 2500 per
304 2437 564 2499 genitalium
587 2454 720 2499 poros
752 2434 1019 2483 insinuatum
1041 2437 1254 2501 limpham
1283 2436 1381 2483 illac
1416 2437 1630 2482 fluentem
1656 2433 1888 2498 pervadet.
1926 2436 2035 2478 Haec

205 2517 355 2547 autem
383 2500 550 2564 limpha
575 2500 667 2563 jugi
697 2500 818 2546 fluxu
841 2501 895 2546 ad
929 2501 1178 2564 inguinales
1208 2501 1437 2564 glandulas
1465 2499 1573 2547 inde
1608 2497 1854 2544 contendit.
1894 2497 2035 2558 Igitur

204 2565 368 2613 eodem
387 2582 566 2629 quoque
591 2564 835 2611 contendet
852 2566 1111 2629 contagium
1132 2566 1430 2631 syphiliticum
1463 2582 1563 2611 cum
1578 2561 1745 2626 limpha
1765 2561 2033 2623 permistum.

272 2639 335 2676 2⁰.
370 2635 418 2676 ln
439 2628 707 2692 gonorrhoezi
727 2627 951 2693 suppressa
973 2630 1201 2695 parciusve
1228 2631 1395 2678 fluente
1410 2665 1422 2684 ,
1443 2631 1638 2693 prostatae
1657 2661 1669 2678 ‚
1691 2624 1885 2673 veficulae
1905 2623 2036 2672 serni-

210 2695 339 2740 nariae
355 2728 367 2747 ‚
393 2694 610 2757 glandulae
631 2694 942 2758 Cowperiauae
973 2701 1019 2741 &
1054 2697 1178 2742 testes
1203 2697 1251 2742 in
1279 2695 1385 2742 viris
1403 2714 1414 2748 ·‚
1434 2696 1482 2740 in
1515 2691 1711 2739 foeminis
1735 2691 1845 2737 verb
1868 2691 2033 2754 prosta-

210 2774 261 2804 τῖε
280 2792 291 2810 ,
319 2759 534 2821 glandulae
556 2760 868 2822 Cowperianae
885 2793 896 2811 ‚
918 2765 964 2805 &
992 2760 1209 2823 glaniulae
1238 2758 1541 2820 botryformes
1569 2757 1738 2819 vaginae
1759 2754 1941 2820 putrido
1967 2770 2034 2800 at-

208 2840 297 2884 que
325 2839 533 2886 corrupto
560 2823 724 2869 semine
757 2839 952 2885 turgent.
989 2825 1169 2870 Debent
1203 2842 1313 2887 ergo
1337 2824 1512 2870 seminis
1546 2821 1755 2868 virulenti
1777 2835 1921 2883 partes
1955 2818 2037 2863 ali-

207 2904 302 2951 quae
322 2886 428 2932 inde
447 2887 698 2932 exhalantes
716 2887 889 2950 limphae
911 2888 965 2934 ab
985 2888 1142 2934 iisdem
1162 2887 1485 2953 conceptaculis
1505 2886 1575 2933 vel
1592 2885 1617 2930 a
1643 2884 1910 2948 superstratis
1937 2900 2036 2946 par-

211 2952 356 3004 tibus,
380 2950 527 2996 scroto
549 2951 761 2996 videlicet
791 2957 837 2995 &
867 2953 1059 3015 perinaeo
1090 2953 1138 2997 in
1170 2953 1305 3004 viris,
1339 2953 1529 3015 perinaeo
1556 2950 1664 2996 vero
1694 2947 1875 3010 totaque
1902 2947 2035 2993 vulva

209 3015 259 3063 in
287 3014 482 3061 foeminis
514 3014 720 3061 refluenti
744 3013 947 3079 inspirari
965 3049 977 3068 ,
995 3032 1126 3079 atque
1145 3019 1230 3063 unzi
1251 3016 1305 3064 ad
1323 3015 1570 3080 inguinales
1586 3012 1815 3078 glandulas
1836 3010 2034 3064 deferri,

209 3081 301 3144 quo
329 3079 512 3145 ipstlmet
529 3079 797 3125 convehitur
813 3114 826 3133 ‚
845 3080 1046 3127 bubones
1067 3081 1131 3127 ibi
1149 3083 1237 3130 cito
1252 3081 1530 3148 produsturae
1545 3113 1558 3135 ,
1579 3078 1658 3127 nisi
1679 3092 1856 3125 retento
1875 3075 2033 3128 semini

214 3144 398 3211 putrido
422 3162 555 3212 porta
576 3145 727 3193 denuo
748 3144 946 3196 citiffime
965 3146 1110 3196 detur.
1788 3205 1798 3214 θ

1674 3209 1720 3265 ,Ε
1739 3224 1761 3254 e
1785 3209 1820 3271 ij

2081 1865 2193 1911 Quod
2213 1878 2307 1903 con-

2079 1917 2219 1969 tagiurn
2249 1918 2282 1956 in

2078 1969 2270 2018 glandulas

2078 2022 2276 2072 inguinales

2078 2074 2297 2114 traducitur.

2086 2158 2117 2182 ι.
2143 2145 2192 2181 Ex
2213 2157 2306 2180 con-

2076 2196 2202 2234 cubitu
2233 2196 2310 2233 im-

2079 2261 2186 2302 puro.

2119 2624 2155 2651 2.
2172 2611 2214 2649 In
2233 2622 2311 2663 goa

2078 2664 2256 2703 norrhoe'a

2080 2715 2282 2769 suppressa,
