2477 3643
543 160 1540 231 ,tanRILCApu-rlv.
1924 167 1987 220 '99

157 248 312 299 labem
329 245 521 294 totidem
537 245 680 312 pomis
695 245 789 292 aliis
804 249 925 307 juxta
940 242 1089 309 positis
1101 242 1419 308 impertiuntur
1433 275 1444 295 ,
1462 240 1609 288 donec
1623 254 1742 287 totus
1754 257 1994 307 pomorum

164 330 350 362 acervus
379 312 535 359 effidem
565 310 758 376 pernicie
791 324 1115 373 corrumpatur.

222 383 346 426 Patet
375 394 524 424 autem
551 375 801 423 attendenti
822 374 877 421 ad
897 373 1064 438 singula
1096 370 1363 439 propositam
1392 369 1776 434 multiplicationis
1804 370 1828 416 s
1853 372 1996 418 eciem

151 451 222 496 ‚10.
247 444 359 491 Non
381 440 618 489 succedere
640 440 719 488 nisi
737 435 1063 504 inter'corpora
1084 438 1279 485 invicem
1299 433 1694 483 fermentescibilia
1708 469 1719 488 ,
1736 391 1882 499 qualia
1900 436 1997 483 sunt

155 509 310 555 omnia
341 507 388 552 in
421 507 633 571 exemplis
660 505 868 558 laudata,
900 505 987 551 hoc
1018 506 1077 551 est
1108 505 1224 551 inter
1252 519 1447 566 corpora
1476 518 1669 564 quorum
1699 517 1839 565 partes
1872 518 1998 547 motu

156 573 366 619 intestino
396 574 495 618 22&ae
521 570 610 619 sese
638 571 834 618 invicem
866 571 1085 635 impetant
1104 604 1116 623 ‚
1148 568 1288 631 efique
1316 565 1429 613 Ιιιὲὶὲι
1455 566 1630 629 singulae
1661 570 1706 612 δέ
1735 566 1926 613 alterent
1955 572 2000 613 &

160 638 420 685 alterentur.
465 643 529 682 2⁰.
561 637 657 683 Imo
685 636 819 684 etiam
844 635 961 682 inter
991 652 1176 699 corpora
1194 631 1592 679 fermentescibilia
1619 648 1713 676 non
1735 629 1973 678 succedere
1990 665 2003 685 ‚

160 702 242 750 nifi
277 717 397 749 certa
425 701 595 748 intersit
622 718 784 748 naturae
816 699 1056 746 similitudo
1085 700 1203 746 inter
1232 714 1395 761 agenS,
1426 700 1546 758 cujus
1575 697 1635 743 est
1666 695 2005 743 conversionem

158 767 312 813 moliri
331 801 344 819 ,
364 766 622 831 patiensque
644 801 656 820 ‚
687 766 810 831 quod
841 765 1047 812 eamdem
1064 765 1155 830 pati
1186 762 1336 811 debet.
1374 761 1445 809 Sic
1472 761 1747 808 fermentum
1765 762 2006 827 panificum

158 831 349 879 farinam
365 831 620 895 similaginis
641 866 654 885 ,
685 849 736 878 ex
766 831 853 894 qufi
886 831 1053 876 constat
1075 829 1214 895 ipsum
1234 826 1436 893 primitus
1454 860 1468 880 ‚
1499 827 1546 873 in
1561 828 1721 891 pastam
1745 829 1971 873 convertit
1991 861 2005 882 2

158 896 286 962 quod
320 897 621 961 nequicquam
649 895 847 943 efficeret
874 896 924 941 in
951 894 1095 940 farina
1125 894 1269 946 milii3
1294 891 1347 938 fic
1372 893 1504 939 flores
1526 891 1742 939 cerevifiae
1769 891 2007 940 decoCkum

163 961 320 1014 malti,
353 961 473 1007 unde
501 961 577 1027 ipfi
607 961 816 1026 prodiere
839 993 852 1013 ‚
881 961 929 1006 in
958 959 1214 1007 cerevisiam
1248 973 1526 1004 commutant
1547 990 1559 1011 ,
1589 957 1714 1029 quod
1740 958 1787 1003 in
1816 957 2009 1005 decocto

164 1027 355 1075 lentium
376 1026 463 1073 sive
499 1027 648 1072 maizii
669 1044 758 1072 non
788 1025 1056 1091 perficerent
1075 1043 1087 1078 3
1107 1024 1162 1070 sic
1194 1023 1329 1071 etiam
1351 1023 1397 1068 in
1422 1022 1622 1088 praesenti
1654 1023 1888 1085 quaestione
1920 1023 2009 1069 hu-

165 1109 267 1138 mor
294 1092 541 1138 virulentus
571 1091 626 1137 ab
653 1091 780 1136 unius
809 1090 1021 1154 sanguine
1051 1089 1253 1137 defluens
1279 1087 1456 1134 alterius
1485 1086 1743 1150 sanguinem
1771 1094 1816 1134 ὃ(
1843 1088 2010 1134 humo-

164 1175 234 1204 res
256 1189 269 1209 ‚
298 1174 491 1219 quorum
518 1173 677 1202 natura
708 1173 890 1220 compar
924 1157 983 1202 est
1003 1189 1015 1207 ‚
1040 1153 1169 1201 simili
1201 1151 1440 1201 virulentia
1472 1153 1720 1217 pervertit,
1753 1170 1802 1199 ac
1832 1154 1880 1200 in
1909 1153 2010 1200 vitii

166 1220 445 1269 consortium
480 1221 630 1267 trahit.

226 1286 348 1332 Hinc
375 1303 486 1349 ergo
510 1284 707 1348 sequitur
741 1293 797 1330 10.
835 1284 893 1332 Vi
922 1288 967 1329 δέ
997 1281 1180 1346 energia
1207 1281 1418 1328 fermenti
1446 1281 1749 1327 minutissimas
1775 1282 2012 1346 particulas

172 1350 302 1396 fluidi
329 1351 599 1396 immutandi
626 1351 686 1395 ita
717 1350 877 1402 atteri,
905 1348 1077 1412 subigi,
1104 1347 1385 1398 comminui,
1414 1347 1782 1400 conformari‚ut
1796 1348 1944 1402 mole,
1963 1347 2014 1394 fi·-

165 1414 399 1480 guratione
419 1449 431 1468 ,
455 1433 572 1462 nexu
592 1414 816 1480 particulis
837 1413 1047 1461 fermenti
1067 1412 1195 1478 ipsius
1213 1411 1441 1458 simillimae
1458 1412 1581 1458 fiant.

237 1488 300 1526 2⁰.
335 1481 454 1526 Huic
476 1479 773 1526 assimilationi
792 1480 847 1527 eb
874 1497 898 1524 a
931 1480 1065 1525 tiores
1087 1477 1170 1525 effe
1192 1478 1424 1542 particulas
1444 1476 1713 1523 immutandi
1734 1475 1862 1522 fluidi
1881 1510 1894 1528 ‚
1920 1476 2011 1540 quo

168 1545 327 1591 natur&
353 1544 530 1610 propius
555 1545 773 1592 accedunt
802 1544 856 1591 ad
905 1561 1079 1590 ormam
1105 1543 1285 1607 qualem
1306 1543 1518 1589 fermenti
1540 1542 1759 1607 particulae
1778 1542 1890 1587 olim
1913 1541 2012 1605 ipsae

170 1609 371 1657 habuere
387 1643 399 1660 ‚
418 1611 626 1673 adeoque
655 1610 743 1674 qui)
766 1608 939 1675 possunt
958 1608 1130 1655 facilius
1153 1609 1259 1654 inde
1281 1607 1409 1653 simili
1431 1608 1570 1655 modo
1600 1606 1824 1654 deciscere
1847 1607 1893 1655 in
1913 1606 2010 1654 for-

176 1692 295 1721 mam
312 1710 324 1728 ,
344 1692 478 1738 quam
495 1675 664 1722 ea‘dem
684 1675 896 1722 fermenti
917 1690 1061 1740 partes
1080 1678 1167 1737 jam
1189 1673 1411 1719 obtinent.

244 1748 305 1800 3⁰.
342 1738 652 1804 Inconspicuas
679 1740 774 1786 illas
805 1740 1073 1786 mutationes
1093 1773 1105 1792 ‚
1133 1738 1293 1802 quibus
1329 1736 1553 1803 particulae
1585 1736 1712 1783 fluidi
1741 1736 2012 1784 immutandi

172 1804 415 1852 alterantur
446 1810 491 1851 &
527 1804 551 1850 :i
570 1805 835 1870 primigenia
855 1804 1002 1850 formfi
1020 1805 1296 1868 degenerant
1311 1837 1322 1855 ,
1342 1803 1437 1849 fieri
1456 1818 1580 1847 motu
1599 1800 1920 1848 fermentativo
1938 1801 2016 1850 seu

174 1871 383 1916 intestino
400 1904 412 1922 ,
452 1886 500 1916 ut
535 1870 581 1915 in
613 1870 823 1935 panificio
846 1875 891 1916 &
925 1870 1243 1934 praeparatione
1265 1866 1480 1915 cerevifiae
1499 1866 1685 1914 evidens
1705 1869 1788 1920 est,
1811 1873 1856 1913 ὃς
1889 1884 1937 1913 ut
1957 1868 2017 1916 de

174 1935 340 1982 caeteris
363 1935 479 1982 haud
499 1935 621 1981 inani
644 1935 841 1982 creditur
865 1933 1130 1997 conjetstura.

239 2009 305 2057 40.
340 2000 539 2046 Proinde
567 1999 788 2063 sanguinis
821 2005 865 2046 δε
901 2000 1142 2047 humorum
1175 1998 1199 2043 a
1227 1996 1439 2061 sanguine
1471 1995 1776 2044 secedentium
1804 1996 2016 2043 immuta-

172 2064 346 2111 tionem
365 2099 376 2117 ,
409 2065 548 2129 qualis
567 2064 616 2110 fit
636 2065 690 2111 ab
709 2065 910 2111 admixto
929 2082 1106 2112 veneno
1129 2081 1324 2109 venereo
1343 2097 1355 2116 ,
1376 2062 1565 2127 produci
1594 2078 1718 2107 motu
1746 2061 1824 2107 illo
1846 2061 2016 2108 intesti-

172 2147 236 2176 no
264 2129 351 2177 sive
382 2128 701 2177 fermentativo
719 2164 732 2183 ‚
761 2131 837 2194 qui
869 2130 1152 2177 continenter
1181 2129 1304 2191 viget
1327 2128 1374 2173 in
1402 2127 1643 2174 circulante
1664 2126 1875 2190 sanguine
1892 2160 1903 2179 ,
1924 2144 2016 2190 quo

174 2194 356 2255 chylus‚
389 2212 525 2258 quern
552 2195 762 2241 alimenta
790 2195 1054 2258 suggerunt,
1085 2194 1132 2240 in
1162 2192 1421 2257 sanguinem
1438 2227 1451 2245 ,
1480 2210 1571 2256 quo
1597 2190 1771 2255 sanguis
1795 2192 1843 2237 in
1870 2193 2018 2238 varios

175 2259 386 2306 humores
416 2261 733 2312 convertitur3
763 2276 896 2323 atque
929 2260 1043 2306 adeo
1070 2260 1191 2306 virus
1211 2292 1223 2311 ‚
1255 2258 1378 2321 quod
1410 2256 1612 2320 sanguini
1642 2256 1902 2321 inspiratum
1932 2258 2018 2309 est,

174 2323 224 2370 in
245 2323 339 2388 ipso
360 2324 546 2387 gliscere
564 2330 609 2370 δε
631 2324 918 2388 multiplicari
938 2323 1242 2371 mechanismo
1264 2323 1425 2370 eodem
1439 2357 1451 2376 ,
1473 2340 1563 2386 quo
1584 2321 1758 2385 sanguis
1779 2340 1831 2368 ex
1854 2321 1985 2384 chylo
2002 2354 2017 2375 ,

176 2406 271 2453 quo
293 2388 504 2435 humores
525 2389 671 2435 caeteri
692 2407 745 2435 ex
766 2389 976 2453 sanguine
997 2404 1285 2437 renovantur.

239 2455 452 2510 Quaerant
480 2458 567 2516 jam
597 2454 836 2501 umbratici
867 2457 1088 2502 Do&ores
1108 2488 1121 2507 ,
1150 2455 1311 2518 quibus
1338 2451 1469 2498 dulce
1495 2452 1555 2498 est
1580 2449 1837 2496 insolubilia
1859 2448 2013 2498 sechar-i

182 2520 230 2562 δε
257 2518 305 2562 in
334 2518 645 2582 phantasmatis
673 2519 829 2566 ludere
848 2553 860 2572 ‚
890 2520 1031 2584 qualis
1059 2519 1108 2565 sit
1136 2519 1363 2583 primitiva
1390 2517 1529 2563 moles
1550 2549 1562 2567 ‚
1589 2515 1758 2579 figura,
1789 2514 2014 2580 dispositio

179 2581 467 2629 minimarum
489 2598 740 2630 atomorum
767 2586 967 2648 corporis
996 2584 1292 2636 immutandi3
1324 2583 1465 2646 qualis
1486 2580 1648 2628 debeat
1668 2579 1754 2626 effe
1774 2598 1892 2626 nova
1914 2599 2013 2645 par-

182 2645 419 2692 ticularum
448 2646 607 2700 facies,
629 2666 764 2711 quam
792 2650 984 2696 induunt
1002 2685 1014 2702 ,
1038 2666 1087 2695 ut
1113 2649 1433 2700 immutentur,
1461 2646 1547 2710 qui
1575 2646 1648 2698 vi,
1675 2662 1767 2708 quo
1794 2645 2012 2700 artificio,

182 2727 277 2773 quo
297 2711 599 2758 mechanismo
638 2714 661 2758 a
693 2714 832 2777 priori
853 2713 1000 2761 form&
1020 2715 1066 2760 in
1089 2714 1202 2760 hanc
1228 2731 1392 2759 novam
1421 2710 1578 2776 poilint
1604 2709 1841 2758 deciscere.
1876 2711 2014 2758 Haud

184 2774 314 2820 nobis
334 2776 569 2840 suppetunt
587 2778 704 2823 oculi
723 2777 821 2824 fiatis
849 2779 1001 2839 lyncaei
1023 2814 1033 2831 ‚
1063 2796 1111 2825 ut
1141 2778 1288 2825 scenas
1307 2811 1318 2830 ,
1348 2795 1441 2839 quae
1462 2777 1508 2822 in
1535 2775 1585 2821 efi.
1613 2774 1904 2821 conversione
1932 2794 2012 2822 ex-

185 2838 427 2893 hibentur,
455 2842 660 2905 poffimus
692 2843 939 2907 perspicere
961 2863 984 2897 ·,.
1008 2850 1052 2890 δέ
1084 2841 1413 2890 caecutientibus
1445 2841 1731 2887 temerarium
1762 2840 1939 2886 videtur
1968 2841 2018 2886 in

187 2903 307 2949 tanti
336 2904 582 2950 formarum
610 2912 654 2952 δε
677 2908 1085 2953 mechanissnormn
1107 2907 1374 2972 possibilium
1395 2904 1643 2951 diversitate
1668 2904 1723 2949 de
1743 2902 1899 2948 formis
1918 2921 2017 2950 cer-

164 2969 242 3014 .tis
273 2974 317 3014 &
344 2968 398 3014 de
431 2970 730 3015 mechanismo
756 2972 967 3035 peculiari
997 2971 1098 3017 solis
1131 2970 1393 3026 conicituris
1422 2969 1535 3015 velle
1564 2968 1782 3013 divinare.
1821 2970 2019 3025 Quocir-

186 3051 239 3079 ca
267 3033 529 3079 mittendam
560 3035 788 3080 censemus
819 3037 1101 3098 quaestionem
1131 3033 1474 3081 obscurissimam
1494 3067 1506 3085 ,
1537 3049 1631 3095 quae
1657 3031 1803 3077 forsan
1831 3051 1912 3079 nec
1945 3033 2017 3079 so-

188 3098 281 3144 luta
300 3097 444 3144 lucem
473 3101 686 3156 majorem
705 3099 835 3145 rebus
857 3101 1048 3146 Medicis
1075 3098 1276 3150 afferret,
1309 3098 1410 3144 cum
1441 3097 1712 3162 experienti&⁴
1737 3115 2016 3160 compertum

190 3161 240 3208 fit
262 3162 451 3208 Medicis
468 3163 692 3226 pradficis,
715 3164 958 3228 postliabitfi
982 3164 1133 3217 causei,
1154 3163 1182 3209 si
1201 3163 1325 3210 altius
1342 3163 1472 3211 lateat
1495 3168 1538 3209 ὃ(
1559 3162 1810 3208 intricatior
1826 3162 1903 3216 sit,
1923 3163 2018 3228 ple-⁵

189 3236 381 3293 tumque
401 3227 497 3275 satis
517 3227 601 3276 effe
618 3263 633 3283 ‚
663 3229 801 3276 modo
822 3229 877 3277 de
896 3229 1124 3279 effefflbus
1142 3230 1252 3278 certi
1268 3228 1364 3274 sint.

1700 3291 1805 3354 Nij

2096 391 2278 440 Qiaenam

2048 444 2274 480 conditiones

2052 497 2284 546 requirantur

2050 548 2094 584 ad
2130 560 2211 584 eam

2051 600 2279 650 multiplica-

2051 652 2155 688 tionis
2173 651 2255 703 spe..

2050 705 2142 743 ciem
2158 714 2169 745 Ξ

2062 1481 2105 1518 Et
2125 1494 2290 1533 quaenam

2060 1534 2157 1570 coust
2168 1535 2223 1570 &a
2233 1537 2285 1574 ria

2058 1585 2138 1624 inde
2173 1586 2291 1624 dedu-

2060 1640 2171 1678 cenda
2192 1641 2258 1679 sint
2275 1645 2291 1680 2

2133 2470 2293 2510 Difficile

2064 2521 2134 2559 esse
2147 2524 2296 2561 mecha-

2064 2574 2183 2612 nicam
2198 2575 2295 2614 illius

2063 2627 2285 2677 multiplica-

2062 2678 2170 2716 tionis
2183 2691 2270 2716 cau-

2062 2732 2135 2767 sam
2153 2731 2268 2785 affig-

2064 2796 2159 2821 nare.
