2477 3643
460 147 563 193 πᾶ.
788 138 1334 191 DEMOR131S
1401 143 1927 194 VENEREI'S.

513 239 573 283 134.
648 220 798 289 Ἇῲιὶί.
833 224 930 273 alba
954 241 1022 290 gr.
1054 242 1124 272 xx.
1156 239 1226 272 aut
1259 225 1335 288 &j-

644 292 873 355 Diagridii
884 290 1078 351 fidfhrat.
1095 307 1165 354 gr.
1187 308 1227 336 x.

645 357 898 416 Trochiscor.
925 355 1157 401 alahandal
1176 370 1244 419 gr.
1265 351 1327 400 iv.

646 422 745 466 Olei
762 422 870 482 anisi
886 434 990 484 gutt.
1017 418 1081 478 iij.

587 491 667 534 M.
689 502 775 531 cum
795 487 834 545 fi
863 503 904 547 q.
932 484 1113 543 conftrv.
1137 482 1452 544 rofhrumficcae.
1484 483 1539 529 F.
1566 481 1706 529 Bolus.

524 558 586 612 30.
621 550 801 596 Posthac
827 547 1149 613 praescribenda
1173 564 1410 613 praeparata
1441 547 1759 597 Mercurialia‚
1789 562 1881 610 quae
1913 545 2033 594 nulla
2061 549 2284 613 purgandi

454 614 663 662 facultate
691 614 889 678 polleant
907 648 920 667 ‚
945 630 1078 677 atque
1108 612 1222 660 adeo
1253 631 1355 660 cum
1384 612 1596 676 sanguine
1623 609 1788 658 diutius
1815 611 2149 660 confundantur
2168 647 2181 666 ‚
2214 616 2286 662 vi-

453 679 615 744 rusque
644 697 886 727 venereum
918 676 1137 726 efficacius
1164 697 1192 724 0
1226 694 1439 744 pugnent.
1461 676 1712 724 Istiusmodi
1744 674 1844 722 sunt
1875 695 2073 742 panacaea
2097 683 2285 727 Mercu..

451 746 569 792 rialis
589 745 830 791 duodecim
851 743 1082 791 laboribus
1106 743 1185 790 sub
1207 745 1362 797 imata3
1380 743 1633 790 Mercurius
1658 740 1883 789 violaceus
1897 776 1910 795 ,
1934 743 2021 791 sive
2039 745 2184 792 Flores
2203 764 2286 792 an-

452 811 704 857 timoniales
733 810 954 857 Mercurii
983 809 1154 874 optime
1181 809 1264 856 loti
1290 828 1302 864 ·‚
1332 809 1535 873 AEthiops
1569 806 1796 855 mineralis
1826 824 1928 853 cum
1963 811 2197 857 Mercurio
2236 817 2286 858 δε

452 873 617 921 sulfure
637 875 824 928 tritura,
852 875 924 922 vel
942 874 1165 939 ignitione
1191 890 1394 940 paratus,
1422 874 1494 920 vel
1527 873 1604 936 qui
1634 872 1800 920 caeteris
1829 874 1996 937 praestat
2029 907 2041 926 ,
2079 876 2284 942 AEthiops

449 940 677 987 mineralis
698 941 810 987 alter
830 975 843 994 ,
868 958 971 986 cum
990 940 1224 987 Mercurio
1248 945 1294 986 δέ
1317 937 1514 986 Balsamo
1533 939 1784 985 Peruviano
1817 953 1891 984 aut
1910 939 2174 988 Canadense
2204 943 2286 988 tri-

451 1004 551 1051 tura
577 1005 819 1052 confectus.
855 1006 1146 1070 Singulorum
1179 1004 1296 1051 dofis
1328 1006 1387 1051 est
1419 1004 1443 1050 a
1477 1022 1541 1068 gr.
1576 1022 1648 1051 xv.
1678 1003 1734 1050 ad
1755 1021 1826 1050 xx.
1853 1018 1927 1050 aut
1947 1004 2003 1050 ad
2036 1005 2156 1052 xxiv.
2189 1024 2286 1071 quae

452 1069 668 1118 conserva
693 1071 893 1117 rosarum
922 1087 1107 1134 excepta
1129 1069 1403 1117 assumuntur
1430 1069 1496 1115 bis
1527 1069 1574 1115 in
1596 1069 1671 1116 die
1689 1103 1703 1122 ,
1734 1069 1864 1116 mane
1893 1074 1940 1116 &
1975 1069 2182 1135 vesperi,
2212 1088 2287 1119 aut

451 1133 586 1183 semel
609 1135 780 1183 tantum
798 1136 1000 1200 qualibet
1022 1136 1097 1183 die
1111 1170 1123 1188 ‚
1146 1152 1219 1181 aut
1239 1135 1419 1182 alternis
1440 1134 1611 1181 tantum
1633 1134 1789 1181 diebus
1808 1168 1820 1186 ‚
1840 1151 1974 1199 prout
2005 1136 2195 1182 celerior
2226 1139 2286 1185 est

449 1215 527 1246 aut
561 1201 733 1248 tardior
766 1201 1031 1249 eorumdem
1065 1198 1288 1254 efficacia,
1316 1200 1420 1246 huic
1448 1199 1666 1247 methodo
1695 1198 1851 1246 tandiu
1875 1199 2112 1247 insistendo
2146 1201 2286 1266 usque

449 1264 559 1312 dum
575 1266 789 1314 inflentur
805 1267 997 1331 gingivae
1012 1300 1024 1320 ,
1042 1266 1277 1313 incalescat
1306 1284 1356 1312 os
1389 1271 1435 1312 δε
1455 1266 1684 1330 proximus
1702 1265 1936 1312 immineat
1955 1266 2224 1330 ptyalismus.

517 1340 586 1390 4⁰.
631 1335 761 1378 Tunc
791 1349 939 1379 autem
969 1331 1225 1378 imminenti
1257 1330 1491 1396 ptyalismo
1531 1332 1658 1377 caute
1693 1330 1997 1377 occurendum
2033 1333 2091 1378 est
2126 1349 2289 1396 purga-

450 1394 604 1450 tione,
627 1397 803 1461 qualem
825 1397 965 1444 modo
990 1395 1321 1461 praescripfimus
1339 1430 1353 1448 ‚
1388 1411 1435 1442 ut
1460 1413 1539 1460 per
1567 1395 1786 1442 inferiora
1811 1395 2077 1442 deturbetur
2108 1396 2286 1446 seminii

450 1461 649 1507 morbosi
668 1480 766 1527 pars
786 1497 799 1515 ,
820 1480 914 1526 quae
936 1480 1014 1527 per
1036 1462 1231 1508 salivales
1255 1461 1485 1526 glandulas
1506 1461 1678 1508 exitura
1710 1458 1830 1507 effet.
1862 1461 2002 1519 Quod
2034 1477 2081 1507 ut
2109 1460 2285 1511 felicius

450 1524 658 1573 succedat
680 1526 735 1574 ab
764 1528 890 1573 omni
915 1527 1256 1574 Mercurialium
1285 1525 1364 1573 usu
1391 1544 1468 1591 per
1499 1526 1591 1572 dies
1623 1525 1794 1589 aliquot
1825 1525 2133 1572 abstinendum
2166 1528 2251 1575 erit
2271 1562 2286 1582 ,

448 1607 534 1637 nec
569 1591 814 1656 quidquam
849 1593 963 1639 ultra
986 1591 1292 1644 movendum,
1314 1592 1462 1638 donec
1498 1591 1650 1637 omnia
1682 1589 1833 1653 quiete
1867 1590 2017 1637 denuo
2043 1594 2286 1657 composita

447 1655 532 1703 smt
550 1675 561 1710 ;
581 1657 691 1722 quin
712 1658 805 1704 imo
822 1692 834 1711 ‚
855 1657 885 1703 sl
905 1676 971 1705 res
1000 1658 1059 1703 ita
1078 1658 1225 1720 exigat
1240 1691 1253 1709 ,
1273 1656 1479 1722 purgatio
1508 1656 1667 1704 eadem
1696 1653 1861 1703 iterum
1885 1654 2122 1721 saepiusque
2154 1675 2286 1725 repe-

451 1721 588 1769 tenda
605 1757 618 1776 ,
639 1739 687 1769 ut
704 1722 907 1770 salivatio
925 1724 1049 1769 tanto
1070 1721 1289 1770 efficacius
1308 1721 1588 1769 cohibeatur.

512 1795 574 1849 50.
609 1792 769 1834 Pacato
806 1788 938 1835 semel
971 1787 1243 1834 salivationis
1273 1803 1398 1834 motu
1428 1787 1483 1834 ad
1515 1785 1805 1834 Mercurialia
1841 1785 2121 1833 redeundum
2154 1786 2285 1837 fimili

449 1853 668 1899 methodo
687 1887 698 1906 ,
720 1870 852 1917 atque
874 1853 988 1900 adeo
1016 1852 1270 1918 ptyalismus
1290 1852 1440 1899 denub
1461 1852 1777 1917 provocandus
1796 1886 1807 1904 ‚
1827 1852 1905 1915 qui
1924 1867 1972 1897 ut
1992 1852 2185 1917 primum
2205 1873 2285 1915 ap-

447 1918 648 1980 paruerit
665 1952 678 1970 ,
699 1918 844 1965 rursus
871 1935 918 1964 ut
949 1918 1091 1983 prima
1114 1918 1211 1965 vice
1233 1917 1517 1965 coercebitur
1543 1917 1700 1964 iterata
1733 1917 1999 1981 purgatione
2016 1950 2028 1969 ‚
2059 1935 2108 1963 ac
2148 1919 2284 1966 cessa-

450 1981 576 2028 tione
604 1982 659 2028 ab
689 1984 813 2029 omni
836 1982 1170 2030 Mercurialium
1194 1982 1375 2036 usu3fic
1394 2000 1473 2048 per
1502 1983 1620 2030 vices
1640 1982 1887 2047 repetendo
1919 1981 2065 2028 donec
2100 1984 2283 2032 tandem

450 2043 575 2092 bubo
604 2047 817 2094 resolutus
847 2048 997 2095 senfim
1017 2048 1268 2095 evanuerit.

514 2120 581 2158 60.
612 2112 893 2159 Resolutioni
914 2113 1234 2179 promovendae
1257 2111 1499 2159 conferunt
1519 2110 1669 2176 topica
1686 2110 1967 2158 emollientia
1990 2116 2037 2157 &
2059 2111 2286 2160 resolven-

451 2176 542 2229 tia,
569 2193 617 2222 ut
643 2179 923 2242 emplastrum
951 2179 1009 2226 de
1031 2178 1149 2225 ranis
1186 2196 1286 2224 cum
1306 2177 1538 2226 Mercurio
1557 2211 1570 2230 ‚
1603 2176 1676 2223 vel
1707 2175 1795 2222 fine
1816 2176 2049 2223 Mercurio
2068 2196 2080 2230 3
2101 2177 2286 2242 emplas-
2330 2239 2336 2240 ⁷

451 2255 570 2286 trum
596 2242 653 2290 de
674 2243 1046 2307 mucilaginibus3
1070 2243 1350 2308 emplastrum
1379 2243 1437 2289 de
1469 2242 1687 2307 spermate
1707 2241 1825 2295 ceti‘,
1856 2257 1929 2287 aut
1959 2242 2082 2304 quod
2112 2244 2283 2289 condu-

450 2305 626 2353 cibilius
645 2342 656 2359 ‚
679 2308 800 2354 leves
823 2309 1102 2355 inunctiones
1128 2308 1320 2354 bubonis
1338 2313 1381 2354 δε
1402 2308 1637 2370 inguinum
1657 2324 1758 2352 cum
1778 2322 2007 2369 unguento
2037 2309 2283 2354 mercuria-

448 2369 481 2416 li
510 2370 533 2416 εὶ
556 2371 588 2419 9
608 2376 634 2432 j.
665 2373 719 2418 ad
749 2390 777 2436 3
795 2372 840 2419 ss.
872 2374 1077 2438 quotidie
1097 2408 1110 2426 ‚
1136 2373 1316 2419 alternis
1336 2372 1490 2419 diebus
1509 2407 1521 2425 ‚
1544 2388 1617 2418 aut
1647 2372 1781 2418 tertio
1804 2389 1984 2435 quoque
2013 2371 2087 2418 die
2109 2406 2120 2424 ,
2149 2389 2283 2437 prout

448 2434 547 2481 usus
586 2438 981 2501 postulaveritaut
1013 2437 1264 2503 permiserit
1302 2437 1519 2503 ptyalismi
1553 2436 1815 2502 periculum.
1853 2438 2039 2482 Constat
2070 2438 2190 2483 enim
2223 2456 2283 2484 eo

446 2502 574 2564 pasto
601 2502 844 2568 limpham,
873 2521 968 2568 quae
993 2503 1039 2548 in
1071 2503 1290 2566 glandulis
1316 2503 1553 2564 inguinum
1582 2501 1719 2549 haeret
1745 2519 1829 2567 prae
1852 2501 2123 2568 spissitudine
2142 2537 2155 2556 ,
2185 2502 2283 2550 effi·-

448 2566 613 2614 caciter
635 2568 883 2631 liquefieri,
906 2587 954 2615 ac
983 2569 1089 2616 inde
1111 2567 1282 2614 facilius
1303 2567 1479 2614 resolvi.

511 2641 575 2688 70.
607 2634 703 2679 Imo
736 2638 822 2694 jam
858 2651 1086 2699 receptum
1130 2635 1187 2680 est
1217 2633 1318 2679 loco
1353 2630 1694 2679 Mercurialium
1726 2631 1902 2678 interne
1927 2631 2281 2696 assumptorum,

445 2709 542 2758 quae
570 2697 842 2745 stomachum
880 2714 1065 2762 gravant
1102 2699 1175 2745 vel
1211 2712 1474 2763 pervertunt
1511 2702 1557 2743 &
1590 2715 1751 2743 noxam
1791 2696 1993 2759 sanguini
2017 2696 2280 2762 plerumque

447 2759 653 2808 inferunt
670 2797 682 2814 ‚.
701 2779 902 2811 externas
922 2763 1204 2810 inunctiones
1219 2796 1231 2814 ,
1244 2781 1338 2826 quae
1358 2763 1561 2808 innocuae
1583 2761 1682 2808 sunt
1696 2794 1708 2813 ,
1727 2778 1827 2807 cum
1849 2778 2082 2823 unguento
2103 2780 2280 2818 mercu-

447 2826 547 2872 riali
579 2826 602 2872 a
633 2845 659 2890 Ξ
678 2827 722 2874 ss.
752 2829 807 2874 ad
830 2833 901 2891 ὅ).
934 2828 1151 2875 adhibere
1185 2828 1311 2893 supra
1342 2843 1462 2873 nates
1483 2831 1528 2872 δε
1550 2826 1764 2889 inguina,
1796 2826 1933 2871 modo
1973 2826 2153 2873 alternis
2179 2828 2282 2872 die—

448 2888 529 2936 bus
547 2926 558 2939 .
582 2892 719 2938 modo
742 2896 875 2940 tertio
895 2893 1100 2956 quolibet
1123 2893 1197 2940 die
1217 2927 1228 2946 ‚
1250 2911 1332 2958 pro
1352 2892 1476 2938 vario
1497 2891 1638 2954 gradu
1660 2890 1837 2943 morbi,
1861 2896 1904 2937 δι’
1927 2890 2103 2937 diversa
2125 2890 2279 2937 indole

446 2954 683 3003 effectuum
704 2992 716 3009 ‚
741 2959 816 3021 qui
842 2959 949 3006 inde
970 2958 1315 3022 consequuntur.
1348 2958 1437 3005 Sed
1465 2956 1541 3003 ubi
1561 2957 1703 3020 prima
1725 2955 1996 3003 salivationis
2014 2955 2181 3002 indicia
2199 2972 2277 3018 ap-

444 3022 675 3084 paruerint
693 3057 705 3074 ,
729 3040 821 3068 non
853 3024 990 3070 modo
1015 3024 1038 3069 a
1067 3021 1324 3070 fristionum
1355 3022 1433 3068 usu
1462 3022 1586 3068 caute
1607 3021 1915 3068 abstinendum
1943 3022 2027 3072 est,
2046 3019 2120 3066 sed
2140 3019 2275 3066 etiam

446 3100 668 3147 aegrotans
684 3103 757 3150 per
785 3087 1000 3134 inferiora
1017 3089 1158 3135 statim
1178 3087 1432 3152 purgandus
1447 3120 1459 3138 ,
1476 3103 1524 3133 ut
1545 3087 1727 3134 materia
1745 3104 1824 3151 per
1853 3104 1901 3132 os
1929 3085 2168 3132 exitui-iens
2188 3083 2275 3128 alio

448 3149 724 3202 divertatur,
747 3152 1131 3213 quemadmodum
1158 3152 1283 3216 supra
1306 3151 1573 3197 monuimus.
1609 3152 1719 3198 Inde
1753 3150 1864 3198 vero
1889 3164 2043 3213 pacato
2068 3147 2274 3212 orgasmo

448 3210 676 3261 frictiones
696 3214 857 3261 iterum
883 3216 1147 3262 renovandae
1167 3249 1179 3268 ‚
1207 3234 1255 3261 ac
1276 3216 1515 3261 imminens
1544 3215 1796 3278 ptyalismus
1821 3213 1972 3262 denuo
1994 3211 2276 3268 cohibendus

449 3273 578 3324 simili
597 3277 784 3328 artificio
803 3313 816 3334 ,
837 3279 980 3331 donec
998 3280 1120 3330 bubo
1139 3279 1335 3346 perfecte
1355 3279 1613 3331 resolvatur.
