2477 3643
142 260 210 298 finr
224 257 379 310 plerum-

144 324 216 363 que
235 309 364 346 ursana

145 364 232 401 bilia
251 389 262 406 ‚
297 373 380 397 ten-

148 415 260 452 tanda
288 425 350 450 taae

150 479 232 505 men
260 479 383 504 reme-

150 519 299 556 diorum

153 570 241 612 alea.

416 144 513 201 406
733 136 845 184 DE
911 131 1290 181 MORBIS
1370 131 1891 178 VENEREIS.

423 236 517 268 non
542 217 711 281 liqueat
739 237 753 272 ·‚
784 217 884 264 cum
919 214 1086 263 etiamsi
1115 215 1308 278 liqueret
1335 247 1347 266 ,
1373 213 1504 260 liceat
1538 230 1781 277 numquam
1809 227 2099 277 aegrotantem
2129 215 2283 281 quaffr

424 284 701 350 deploratam
727 283 815 329 fine
847 282 1017 329 auxiliis
1050 280 1149 326 ullis
1175 278 1376 326 deserere
1396 312 1409 330 ,
1444 279 1658 324 tentanda
1692 281 1750 326 est
1787 279 2089 327 remediorum
2123 284 2249 336 alea,

423 367 519 415 quae
542 349 572 395 fi
593 367 686 395 non
709 347 981 395 sanationem
1001 380 1013 399 ‚
1040 362 1082 391 at
1103 346 1223 392 certe
1242 344 1441 390 lenimen
1461 344 1643 390 allatura
1669 343 1781 390 sunt.
1802 381 1804 387 .

481 414 657 463 Idcirco
679 423 731 459 10.
749 412 1059 460 Adhibeantur
1073 427 1360 474 quaecumque
1375 409 1523 454 valent
1540 409 1760 472 sanguinis
1776 406 2033 472 dyscrafiam
2050 409 2199 457 salsam
2213 416 2261 458 &

428 480 708 528 muriaticam
736 477 943 525 edulcare
962 511 974 530 ,
996 492 1129 539 atque
1154 475 1267 522 adeo
1290 475 1450 520 vitium
1470 474 1645 538 limphae
1664 508 1675 526 ‚
1697 493 1790 538 quae
1814 475 1869 521 ad
1889 476 2131 522 ulceratam
2152 488 2256 540 par-
2276 501 2279 503 ·

430 564 520 594 tem
552 545 736 592 confluit
755 578 766 595 ‚
786 542 1058 589 emendare:
1082 543 1147 585 Ut
1184 548 1244 585 10.
1276 538 1449 586 Ptisana
1474 557 1528 585 ex
1554 539 1775 585 radicibus
1796 540 1955 586 althaeae
1975 574 1987 592 ‚
2016 539 2256 587 consolidae

429 613 609 675 majoris
628 644 640 662 ,
662 610 853 655 bistortae
873 614 961 653 &c.
989 605 1193 652 confecta
1223 611 1269 651 δε
1299 602 1565 669 superaffuso
1587 604 1773 668 plumbo
1792 604 2033 667 liquefaito
2059 606 2257 653 alterata.

433 687 500 726 20.
536 674 707 729 Juscula
730 691 829 719 cum
851 671 971 737 pullo
989 671 1237 736 gallinaceo
1257 704 1270 723 ,
1292 670 1458 716 cancris
1478 668 1766 716 fluviatilibus
1785 703 1798 721 ,
1829 669 2035 733 foliisque
2060 672 2260 734 agrimo-

431 744 513 790 niae
529 775 540 793 ,
571 739 835 805 pimpinellae
856 772 867 790 ‚
886 736 1190 802 scolopendrii
1209 770 1221 788 ‚
1245 736 1433 781 cichorii
1453 734 1653 780 silvestris
1673 769 1685 787 ‚
1706 733 1904 780 fumariae
1920 768 1932 786 ,
1955 737 2149 782 nasturtii
2172 742 2261 782 &c.

437 810 498 870 3“.
528 809 661 868 Aquae
691 803 923 850 minerales
944 802 1124 849 acidulae
1142 835 1154 854 ‚
1188 817 1236 847 ut
1264 803 1316 845 les
1344 817 1450 846 caux
1483 800 1530 845 de
1548 803 1697 864 forges
1717 838 1733 853 ,
1762 801 1810 845 de
1828 804 2035 862 Pottgnes,
2061 801 2108 845 de
2138 806 2229 866 Spa
2246 842 2264 858 ‚

431 871 504 918 vel
528 874 789 935 Saponaceae
808 902 818 919 ,
850 884 899 914 ut
928 871 980 913 les
1009 885 1116 913 eanx·
1147 867 1192 912 de
1212 864 1467 913 Plombieres.
1497 872 1563 922 40.
1597 865 1756 912 Balnea
1776 878 1848 909 aut
1868 862 2108 928 semicupia
2128 870 2170 910 ὃς
2189 867 2264 913 in-

433 937 562 984 seffus
585 937 630 981 in
657 934 766 998 aqua
789 933 996 979 fluviatili
1026 931 1188 996 tepida.
1232 931 1289 992 5⁹.
1323 933 1479 976 Serum
1510 929 1630 975 lactis
1665 929 1972 991 chalybeatum
2016 928 2165 975 infufis
2194 930 2266 976 fu-

433 1002 581 1048 mariae
620 1000 740 1046 foliis
786 999 1020 1045 alteratum
1040 1017 1050 1050 ·,
1073 999 1141 1042 lac
1174 995 1385 1042 afininuin
1418 1009 1492 1040 aut
1520 994 1752 1057 caprillum
1778 994 1911 1041 semel
1937 994 2008 1040 vel
2050 994 2117 1040 bis
2158 994 2270 1043 inde

436 1067 513 1114 die
530 1101 541 1119 ,
565 1066 634 1112 vel
658 1064 779 1129 quod
803 1063 1080 1128 praestabilius
1101 1063 1160 1109 est
1180 1096 1190 1113 ,
1212 1061 1350 1106 modo
1369 1059 1639 1106 ventriculus
1665 1060 1785 1107 lastis
1807 1060 1972 1124 patiens
1990 1058 2037 1104 srt
2054 1094 2066 1112 ,
2086 1061 2151 1105 lac
2170 1079 2268 1106 vac-

434 1132 585 1178 cinum
608 1149 689 1194 pro
709 1130 832 1177 omni
859 1130 1088 1175 alimento.
1114 1135 1180 1173 60.
1217 1126 1423 1188 Denique
1444 1124 1472 1169 s1
1497 1123 1667 1187 sanguis
1688 1125 1851 1190 spissior
1875 1124 1950 1177 sit,
1987 1124 2182 1171 bocheta
2207 1125 2271 1172 le-

436 1197 566 1243 viora
582 1214 635 1242 ex
654 1196 847 1242 decoctis
876 1194 1100 1240 radicibus
1125 1191 1281 1239 Chinae
1315 1196 1359 1237 &
1392 1188 1707 1255 Sarsae-parillae
1726 1225 1738 1244 ,
1760 1208 1954 1255 quorum
1981 1206 2069 1237 tres
2098 1190 2271 1237 haustus

435 1263 484 1310 in
515 1262 587 1308 die
622 1260 930 1307 exhibeantur.

507 1334 567 1374 2⁹.
588 1326 872 1372 Instituantut
887 1321 1138 1370 identidem
1152 1320 1326 1367 blandae
1345 1319 1629 1385 purgationes
1650 1338 1748 1367 cum
1768 1319 1897 1366 caffiae
1913 1335 1984 1366 aut
2001 1337 2170 1366 mannae
2195 1320 2272 1387 ἒξ.

440 1392 557 1457 aut}
580 1392 624 1453 ij.
647 1391 694 1436 in
714 1391 875 1453 cyatho
894 1388 1068 1454 ptisanae
1090 1387 1160 1434 vel
1181 1386 1260 1432 seri
1275 1387 1392 1432 laetis
1410 1419 1422 1438 ‚
1440 1385 1615 1432 adeum
1628 1386 1763 1432 finem
1779 1402 1826 1431 ut
1842 1386 2082 1450 primarum
2098 1386 2275 1432 viarum

441 1456 701 1518 cacochylia
720 1490 731 1508 ‚
754 1461 797 1502 ὃς
819 1453 974 1501 biliosa
995 1452 1214 1516 sanguinis
1237 1469 1413 1497 amurca
1431 1466 1707 1497 evertantur.
1738 1451 1946 1496 Mittatur
1977 1450 2138 1513 pariter
2168 1449 2270 1497 san-

439 1523 539 1585 guis
569 1520 821 1567 identidem
847 1522 870 1566 ὲ
894 1518 1183 1565 brachiorum
1207 1517 1420 1562 alterutro
1442 1515 1544 1582 ad}
1567 1516 1657 1576 viij.
1681 1518 1751 1563 vel
1771 1534 1812 1562 x.
1836 1532 1882 1561 ut
1902 1515 2041 1561 fracto
2063 1534 2273 1562 momen-

442 1603 492 1633 to
508 1586 729 1650 sanguinis
749 1620 761 1639 ‚
780 1585 858 1650 qui
876 1585 923 1631 in
945 1599 1121 1631 uterum
1143 1582 1228 1628 ruit
1244 1616 1256 1635 ‚
1277 1582 1397 1628 locus
1416 1581 1616 1646 phlogosi
1653 1582 1725 1629 vel
1758 1598 2000 1644 numquam
2037 1581 2106 1627 vel
2140 1581 2277 1627 rarius

442 1652 708 1716 praebeatur.

508 1723 571 1779 3⁰.
610 1721 731 1762 Dum
750 1713 999 1760 catamenia
1014 1713 1110 1758 astu
1131 1710 1273 1758 fluunt
1295 1745 1307 1764 ‚
1326 1710 1356 1757 fi
1378 1710 1580 1758 nondum
1611 1711 1773 1758 morbo
1793 1711 2038 1775 intercepta
2066 1708 2147 1754 sint
2164 1742 2176 1761 ,
2213 1708 2280 1755 al-

440 1799 525 1830 vus
546 1780 753 1845 quotidie
780 1779 994 1826 enematis
1024 1777 1290 1823 subducatur
1309 1810 1321 1829 ‚
1358 1795 1409 1824 ex
1446 1776 1611 1838 jusculo
1642 1777 1827 1842 pingui,
1851 1776 1923 1823 vel
1951 1793 2003 1822 ex
2035 1773 2181 1821 infuso
2213 1774 2281 1822 sea

442 1847 568 1894 mine
595 1846 676 1893 lini
694 1879 707 1898 ,
738 1845 809 1892 vel
829 1844 963 1891 etiam
982 1861 1035 1890 ex
1052 1841 1142 1889 levi
1161 1842 1346 1888 demeto
1365 1841 1583 1888 foliorum
1604 1843 1862 1888 matricariae
1882 1847 1927 1887 ὃ(
1958 1839 2181 1887 artemifiae
2201 1874 2212 1893 ,
2233 1845 2283 1886 δε

446 1911 612 1958 florum
632 1909 905 1956 chamaemeli
919 1943 931 1961 ,
956 1907 986 1953 si
1015 1907 1089 1971 qui
1119 1906 1327 1954 affuerint
1354 1923 1499 1953 motus
1518 1907 1718 1968 hysterici
1735 1942 1747 1960 ,
1767 1906 1923 1953 addito
1943 1906 2045 1952 oleo
2066 1905 2282 1969 amygda-

446 1977 593 2023 larum
624 1975 823 2021 dulcium
863 1993 873 2018 :
912 1973 1009 2018 Imb
1049 1972 1157 2020 verb
1189 1972 1366 2036 ptisanae
1403 1973 1675 2034 quotidianae
1709 1989 1813 2018 tunc
1853 1972 2119 2034 incoquatur
2153 1985 2283 2032 caput

448 2058 591 2087 unum
616 2055 689 2085 aut
717 2040 906 2084 alterum
935 2037 1162 2100 papaveris
1183 2036 1295 2088 albi,
1316 2053 1364 2081 ut
1397 2054 1451 2082 eo
1484 2039 1611 2100 paeto
1636 2039 1962 2083 menstruorum
1987 2035 2163 2100 eruptio
2192 2033 2286 2082 fine

450 2103 654 2171 phlogofi
676 2109 719 2150 &
741 2101 983 2149 erethismo
1002 2100 1269 2165 perficiatur.

515 2178 584 2227 40.
622 2173 704 2215 Per
725 2166 1011 2214 intervallum
1032 2199 1044 2218 ‚
1070 2165 1194 2228 quod
1213 2165 1236 2210 a
1257 2163 1600 2212 menstruatione
1618 2182 1805 2210 vacuum
1828 2165 1914 2211 erit
1932 2198 1947 2217 ,
1965 2163 2217 2225 injiciantur
2236 2162 2285 2210 in

452 2249 631 2281 uterum
660 2250 745 2298 ope
773 2231 1100 2289 metrenchytes
1123 2231 1304 2276 decocta
1324 2248 1406 2295 pro
1431 2228 1583 2275 natura
1613 2246 1686 2275 aut
1715 2230 1851 2292 gradu
1879 2229 2028 2275 morbi
2046 2229 2287 2277 variami-

451 2300 619 2348 mirum
652 2307 713 2343 10.
747 2297 982 2344 Malaetica
1006 2300 1050 2341 &
1071 2295 1356 2360 paregorica,
1388 2293 1418 2339 fi
1447 2294 1579 2340 dolor
1600 2299 1644 2340 &
1664 2295 1782 2341 calor
1807 2311 2023 2358 urgeant,
2053 2310 2100 2340 ut
2139 2293 2288 2339 emul-

452 2365 597 2411 fiones
621 2363 839 2410 seminum
860 2361 1132 2424 frigidorum
1158 2360 1317 2407 leviter
1340 2362 1471 2405 costae
1489 2393 1501 2411 ‚
1524 2359 1668 2407 serum
1687 2360 1806 2405 laetis
1825 2360 1995 2424 caprilli
2018 2378 2117 2404 cum
2139 2357 2289 2405 infuso

458 2448 595 2475 croco
621 2428 857 2478 orientali,
882 2428 1064 2472 decocta
1082 2424 1297 2471 foliorum
1319 2424 1582 2489 plantaginis
1600 2459 1610 2471 ,
1634 2423 1935 2470 summitatum
1963 2424 2116 2470 malvae
2136 2457 2148 2476 ‚
2174 2423 2292 2469 radi·-

459 2495 519 2539 cis
550 2494 710 2539 althaeae
731 2526 743 2544 ,
780 2493 1046 2556 nympha’ae‚
1081 2491 1273 2554 capitum
1311 2490 1541 2555 papaveris
1565 2490 1652 2536 albi
1688 2495 1775 2536 &c.
1809 2499 1871 2537 2⁰.
1909 2488 2231 2553 Detergentia,
2258 2488 2291 2534 si

457 2559 583 2604 ulcus
614 2558 819 2605 mundari
848 2557 971 2620 poffit
998 2555 1087 2601 fine
1114 2555 1313 2620 periculo
1334 2588 1346 2607 ‚
1373 2571 1422 2600 ut
1450 2555 1634 2601 decocta
1658 2555 1822 2601 hordei
1849 2555 2043 2619 integri,
2070 2553 2257 2600 lentium
2276 2586 2292 2605 ‚

460 2622 666 2670 fabarum
691 2642 780 2669 non
803 2622 1176 2668 excorticatarum
1194 2655 1207 2673 ,
1239 2618 1424 2666 furfuris
1449 2620 1585 2665 macri
1604 2655 1615 2671 ,
1650 2619 1866 2666 foliorum
1886 2618 2142 2681 agrimoniae
2160 2650 2174 2670 ‚
2211 2617 2294 2664 ab-
2348 2635 2351 2637 ’

459 2688 608 2740 sintii,
630 2688 879 2752 caprifolii‚
908 2684 1122 2732 marrubii
1145 2703 1156 2737 ·,
1187 2684 1385 2730 radicum
1408 2684 1694 2730 aristolochiae
1714 2719 1726 2737 ‚
1759 2686 1876 2732 ireos
1907 2684 2152 2730 florentinae
2171 2716 2182 2735 ‚
2214 2701 2294 2730 ze-

463 2753 626 2799 doariae
646 2758 734 2799 &cn
759 2752 918 2815 quibus
944 2751 1047 2796 addi
1077 2750 1241 2814 poterit
1266 2767 1378 2811 aqua
1405 2749 1656 2795 vulneraria
1676 2783 1688 2801 ,
1708 2750 1799 2794 imo
1820 2750 2052 2810 collyrium
2075 2747 2294 2794 Lanfran-

463 2817 505 2862 ci
535 2834 609 2863 aut
632 2833 908 2881 unguentum
939 2815 1274 2879 AEgyptiacum‚
1303 2813 1332 2859 fi
1359 2814 1481 2859 ulcus
1506 2813 1556 2858 sit
1582 2814 1712 2860 valde
1737 2815 1980 2860 sordidum.
2016 2815 2075 2874 3⁰.
2097 2812 2299 2859 Demum·

463 2880 725 2928 exficcantia
748 2889 792 2928 δε
810 2880 1032 2945 epulotica
1051 2913 1064 2932 ‚
1089 2879 1118 2924 fi
1142 2880 1262 2924 ulcus
1288 2878 1511 2925 detersum
1545 2884 1589 2923 &
1620 2879 1955 2925 mundificatum
1978 2878 2171 2924 cicatrici
2198 2888 2292 2923 nori

464 2962 681 3010 repugnet
701 2981 714 2999 ‚
734 2963 781 2992 ut
806 2946 988 2992 deco<sta
1008 2944 1204 2991 radicum
1226 2943 1462 2990 consolidae
1482 2944 1658 3004 majoris
1676 2978 1687 2996 ,
1704 2943 1892 2990 bistorrae
1909 2978 1921 2996 ,
1937 2943 2150 2991 foliorum
2172 2943 2296 3006 plan·-

466 3012 653 3074 taginis,
680 3013 826 3058 caudae
862 3011 1030 3074 equinae
1048 3044 1060 3063 ‚
1096 3009 1232 3055 bursae
1259 3009 1439 3073 pastoris
1462 3043 1473 3060 ,
1505 3008 1730 3059 Caniculae,
1760 3009 1965 3074 pilosella?
1985 3043 1997 3062 ,
2030 3005 2251 3054 millefolii
2274 3022 2292 3057 ε»

466 3077 667 3122 rosarum
694 3076 923 3122 rubrarum
954 3081 1041 3121 &a
1086 3074 1298 3120 addendo
1339 3073 1522 3120 cuilibet
1557 3074 1792 3128 iniecfitioni
1829 3074 2084 3120 drachmam
2128 3071 2172 3118 Β.
2203 3085 2287 3114 ωηο

468 3143 621 3201 guenti
655 3141 977 3204 pompholygos
1017 3139 1089 3185 vel
1126 3139 1182 3185 de
1218 3138 1387 3185 cerussa
1409 3173 1421 3191 ,
1444 3154 1517 3183 aut
1537 3139 1659 3200 quod
1698 3140 1864 3186 caeteris
1897 3140 2058 3203 praestat
2087 3134 2288 3182 terebin-

474 3205 606 3252 thinae
623 3213 803 3257 Veneta:
824 3205 895 3254 vel
915 3203 1096 3252 balsami
1116 3203 1369 3268 Copaivani
1388 3203 1467 3252 ovi
1485 3201 1638 3251 vitello
1658 3203 1789 3251 soluti
1807 3203 2058 3266 scrupulum
2093 3202 2124 3260 j
