2477 3643
138 610 183 648 ’6.
206 607 346 648 Utrum

117 662 152 699 i‘n
181 659 323 698 cinaedis

116 714 279 750 bubones
294 724 352 764 ge-

116 769 349 807 netentur‚&

118 818 145 854 fi
175 829 350 869 generan-

118 882 179 906 tut
209 895 221 913 ‚
264 868 349 904 ubi«

118 934 201 959 nam
232 932 349 972 appa-

122 982 249 1012 reant?

180 2997 336 3035 Bubonis

128 3049 276 3089 fistulofi
292 3050 351 3087 de-

129 3102 261 3140 finitio.

386 126 498 186 2³30·
707 110 1861 166 DEMonss1stNERE-1s.

389 201 512 250 teant
539 199 687 247 calore
726 211 942 264 perpetuo
969 193 1244 244 aestuantibus
1265 228 1277 248 ‚
1311 196 1464 240 nativa
1490 193 1667 259 limphae
1700 191 1930 258 liquiditas
1961 193 2230 261 pertinacius

384 267 593 315 foveatur
610 299 623 319 ,
644 265 765 312 unde
789 263 1002 310 haerentia
1022 260 1199 324 limphae
1224 259 1365 307 rarior
1383 292 1396 311 ,
1418 264 1463 305 ὃ(
1491 256 1522 304 fi
1539 256 1657 306 forte
1691 258 1866 305 accidat
1884 293 1897 313 ‚
1925 260 2075 308 minor
2095 294 2107 314 ‚
2140 276 2232 308 tar·-

386 332 489 380 dior
505 365 518 384 ‚
538 336 584 378 &
605 329 661 377 ad
688 328 1010 376 resolutionem
1028 323 1204 372 facilior
1223 359 1236 378 ,
1251 324 1386 388 quam
1411 324 1458 369 in
1476 325 1670 371 externis
1697 323 1918 388 glandulis
1934 359 1947 378 ,
1966 341 2062 389 quae
2089 323 2234 391 frigus

387 415 442 445 ex
477 396 584 444 eriri
612 392 771 442 solent.
807 392 937 440 Adde
971 391 1208 438 interiores
1235 389 1464 454 glandulas
1498 387 1553 434 ab
1578 390 1691 442 ictu,
1721 389 1875 435 attritu
1895 424 1906 442 ,
1940 388 2082 455 pressu
2120 407 2238 439 tutas»

389 416 475 510 (3Πὲ
492 459 679 525 ‚quibus
711 461 733 505 ὲ
760 456 916 505 contra
938 455 1129 502 vidimus
1149 455 1326 521 limphae
1357 453 1618 501 decubitum
1655 472 1748 500 non
1780 455 1879 501 raro
1898 457 2159 521 promoveri
2182 457 2237 503 in.

391 527 638 574 exteriores
658 523 899 588 glandulas.

456 601 523 638 60.
552 592 758 652 Denique
785 586 934 634 utrum
965 583 1014 630 in
1035 581 1215 642 cinaedis
1241 581 1516 648 pathicisque
1535 582 1739 630 bubones
1756 583 1939 631 venerei
1961 599 2241 648 generentur

396 653 699 720 unquamtusu
734 652 910 699 veneris
942 650 1126 714 impurae
1144 667 1155 702 ·,
1174 654 1218 694 &
1249 647 1279 694 si
1307 647 1357 695 ea
1388 651 1561 695 ratione
1586 665 1856 710 generentur
1873 683 1885 702 ‚
1912 648 2098 696 ubinam
2125 665 2234 696 tunc:

397 722 542 770 enasci
564 719 733 766 soleant
756 731 769 763 ?
791 717 925 763 Circa
945 716 1062 780 prius
1093 713 1279 778 quidem
1295 747 1308 766 ,
1330 730 1413 760 nec
1434 714 1523 778 ipse
1552 713 1646 759 vidi
1666 746 1678 764 ,
1695 730 1776 758 nec
1805 712 1860 759 ab
1891 714 1984 760 aliis
2005 730 2114 780 puto
2145 732 2233 760 un·-

396 804 529 849 quam
559 783 672 829 visos
707 779 791 829 effe
816 780 1021 827 bubones
1052 780 1099 824 in
1129 776 1334 830 cinaedis,
1355 795 1467 842 quos
1501 777 1625 824 certi)
1656 777 1900 824 constiterit
1921 780 2130 842 contagio
2153 777 2238 827 usa

396 848 688 916 impuriffimae
717 847 894 894 veneris
914 847 1068 892 recens
1090 845 1319 889 contra-5120
1339 843 1527 890 obortos
1543 840 1683 889 fuiffe.
1705 845 1868 906 Neque
1887 844 2007 889 enim
2026 845 2229 891 existimo

397 915 586 963 cinaedos
606 913 719 960 ullos
740 912 836 958 dari
853 946 865 964 ,
882 911 960 975 qui
987 908 1221 955 muliebria
1240 909 1302 954 ita
1319 910 1410 973 pati
1429 923 1579 954 ament
1595 942 1606 959 ‚
1626 923 1674 953 ut
1698 908 1847 953 virilia
1869 925 2113 972 numquam
2134 926 2235 954 orn·

396 982 507 1028 nino
528 994 659 1043 agant
676 997 685 1023 τ
702 981 851 1024 Partes
877 992 1026 1022 autern
1046 975 1131 1020 viri
1152 973 1223 1020 vel
1250 970 1386 1020 semel
1417 972 1548 1035 egisse
1577 971 1674 1018 satis
1696 974 1755 1019 est
1773 1007 1784 1025 ‚
1803 988 1850 1019 ut
1868 978 1963 1035 jure
1983 972 2249 1038 ambigatur.

399 1047 456 1094 de
476 1044 616 1111 prima
629 1042 824 1089 bubonis
843 1041 1020 1104 origine
1038 1074 1050 1092 ,
1071 1037 1100 1084 sl
1116 1039 1213 1102 quis
1237 1037 1353 1084 forte
1371 1039 1545 1104 posthac
1567 1035 1890 1102 supervenerit.

459 1112 594 1157 Circa
621 1108 833 1174 posterius
857 1106 966 1154 verb
985 1140 996 1158 ,
1017 1105 1091 1151 vix
1119 1104 1257 1150 credo
1277 1103 1377 1150 fore
1405 1118 1453 1149 ut
1478 1103 1683 1149 bubones
1701 1103 1748 1148 in
1775 1102 1955 1149 cinaedis
1973 1136 1985 1155 ,
2005 1101 2034 1147 sl
2067 1101 2121 1149 ab
2148 1100 2236 1147 im«

397 1176 505 1241 pura
533 1192 697 1222 venere
724 1190 921 1235 unquam
949 1170 1217 1235 proveniant
1242 1203 1254 1222 ,
1285 1170 1329 1215 in
1351 1168 1571 1233 glandulis
1603 1168 1903 1231 inguinalibus
1925 1183 2195 1231 generentur
2220 1199 2238 1219 2

396 1241 490 1304 qub
511 1239 680 1304 limpha
699 1237 753 1284 ab
773 1253 975 1284 extremo
996 1237 1116 1281 retfflzo
1139 1234 1300 1298 ariique
1325 1232 1531 1280 confiniis
1549 1233 1622 1279 vel
1640 1233 1761 1279 nulla
1778 1233 1848 1279 vel
1876 1231 2127 1297 pauciffima
2155 1231 2234 1278 de-

395 1306 567 1358 fertur3
591 1303 664 1350 sed
691 1302 847 1368 opinio
863 1303 923 1349 est
937 1300 1214 1364 generandos
1234 1293 1317 1345 esse
1338 1299 1384 1345 in
1401 1298 1620 1362 glandulis
1635 1297 1720 1343 illis
1743 1297 2010 1362 limphaticis
2030 1331 2041 1349 ‚
2071 1314 2166 1362 quae
2184 1297 2232 1343 in

397 1370 643 1417 abdomine
675 1371 796 1428 juxta
827 1382 960 1413 aortae
984 1363 1294 1412 descendentis
1316 1363 1660 1409 bifurcationem
1679 1362 1906 1415 adsident,
1937 1363 1983 1407 in
2004 1380 2109 1425 quas
2127 1362 2234 1407 lim-

396 1437 484 1501 pha
512 1434 779 1481 convehitur
797 1432 854 1479 ab
870 1431 956 1477 illis
972 1429 1194 1495 partibus;
1220 1435 1265 1475 ὃ(
1292 1428 1398 1475 ind-e
1419 1427 1569 1474 forsan
1590 1424 1779 1473 efficitur
1800 1444 1845 1473 ut
1871 1426 2074 1473 bubones
2096 1424 2243 1473 istius*

396 1500 525 1547 modi
558 1516 802 1562 numquam
830 1497 899 1543 vel
926 1495 1135 1541 rarissime
1172 1493 1475 1559 producantur
1497 1526 1510 1545 ‚
1531 1492 1655 1556 qubd
1703 1491 1803 1538 crim
1828 1492 1910 1538 illae
1940 1492 2158 1555 glandulae
2176 1491 2243 1537 la«

396 1581 520 1613 teant
551 1566 598 1610 in
624 1562 867 1609 abdomine
895 1595 908 1614 ,
939 1561 1060 1606 calor
1080 1560 1329 1605 vicinarum
1358 1558 1549 1622 partium
1570 1573 1688 1620 ‚quo
1713 1559 1887 1602 aestuant
1906 1556 2116 1621 ,limphae
2144 1555 2240 1601 ins-

395 1628 623 1695 pilsationi
643 1633 687 1674 &
709 1626 929 1673 haerentiae
952 1640 1167 1689 repugnet
1181 1658 1192 1676 ,
1211 1640 1258 1668 ut
1279 1623 1419 1668 modi>
1439 1622 1605 1668 distum
1624 1622 1697 1667 est.
1730 1621 1817 1668 Sed
1833 1639 1888 1668 ne
1909 1620 1988 1667 fibi
2008 1621 2114 1668 ideo
2132 1637 2237 1683 gra-

396 1696 621 1746 tulentur,
641 1693 719 1756 qui
751 1708 841 1738 tam
872 1690 988 1755 turpi
1019 1705 1175 1754 parent
1207 1688 1413 1751 nequitia:
1429 1721 1441 1739 ‚
1465 1684 1543 1733 seu
1571 1687 1717 1732 verius
1734 1720 1746 1739 ‚
1766 1685 1990 1740 infamiae3
2012 1684 2235 1748 fiquidem

395 1776 554 1825 praeter
576 1757 758 1804 morbos
792 1755 1037 1822 peculiares
1068 1772 1159 1799 non
1195 1771 1356 1818 paucos
1387 1750 1749 1815 graviffimosque
1770 1785 1782 1803 ,
1813 1769 1924 1815 quos
1951 1751 2033 1798 fibi
2063 1751 2244 1815 flagiti&

395 1826 576 1890 pariunt
603 1829 648 1869 δε
678 1822 734 1869 de
760 1821 920 1885 quibus
956 1820 1072 1865 infra
1105 1825 1214 1882 Cap.
1238 1837 1299 1863 10.
1328 1818 1494 1863 habent
1525 1817 1659 1862 etiam
1695 1822 1741 1863 δε
1771 1816 1974 1863 bubones
1998 1817 2235 1881 proprios,

397 1890 629 1935 abortivos
663 1886 847 1950 quidem
887 1884 963 1931 sed
1002 1883 1304 1946 inguinalibus
1342 1882 1485 1927 nihilo
1517 1881 1711 1927 leviores
1738 1915 1749 1934 ‚
1782 1881 1810 1926 fi
1841 1899 1932 1928 non
1964 1887 2010 1928 δε
2040 1886 2238 1946 pejores„

395 1957 577 2018 Nempe
595 1953 647 1998 iis
665 1951 827 1997 accidit
845 1985 857 2002 ,
881 1965 929 1994 ut
954 1949 1121 2012 limpha
1140 1982 1152 2000 ,
1181 1966 1278 2011 quae
1295 1948 1349 1994 ab
1368 1963 1572 1994 extremo
1593 1949 1711 1992 resto
1733 1947 1895 2009 anique
1931 1946 2135 1993 confiniis
2164 1961 2237 1992 ree

396 2019 630 2083 greditur,
660 2014 899 2062 miasmatis
925 2015 946 2058 :l
972 2014 1199 2060 virulento
1231 2012 1395 2059 semine
1425 2010 1733 2057 exhalantibus
1757 2010 1974 2074 inspissata
2004 2010 2244 2069 glandulas-2

396 2084 676 2148 limphaticas
698 2081 817 2127 mole
833 2079 1015 2144 quidem
1032 2096 1187 2143 parvas
1205 2112 1215 2129 ‚
1247 2094 1433 2123 numero
1469 2074 1577 2121 verb
1608 2076 1789 2129 multas,
1808 2075 1961 2140 podici
2002 2060 2156 2121 adsitas
2184 2080 2231 2121 δέ

395 2150 444 2195 in
477 2149 606 2212 adipe
635 2146 820 2212 sepultas
836 2179 847 2196 ,
873 2145 917 2189 in
939 2161 1044 2207 quas
1073 2143 1220 2207 primo
1239 2141 1356 2206 passu
1384 2139 1580 2187 illabitur
1595 2174 1608 2193 ‚
1630 2139 1757 2187 inflet
1776 2174 1789 2193 ,
1819 2140 2035 2187 distendat
2051 2174 2063 2192 ,
2083 2156 2234 2186 tume-

395 2214 529 2261 faciat
549 2232 560 2268 3
579 2212 701 2258 unde
714 2211 912 2274 gignitur
937 2209 1098 2272 species
1115 2208 1315 2271 quaedam
1333 2205 1526 2253 bubonis
1542 2206 1763 2251 annularis
1782 2239 1793 2258 ‚
1809 2223 1900 2269 quo
1921 2206 2066 2269 podex
2087 2205 2243 2250 circu-2

395 2280 549 2326 lariter
585 2277 779 2340 cingitur
825 2292 926 2321 cum
965 2273 1113 2319 calore
1133 2307 1144 2326 ,
1177 2271 1342 2318 rubore
1372 2305 1386 2324 ‚
1416 2270 1652 2318 renitentia
1680 2303 1695 2322 ‚
1738 2289 1786 2316 ac
1817 2270 1977 2316 dolore
2003 2270 2201 2315 maximo
2219 2302 2243 2322 ,t

395 2343 631 2409 praesertim
646 2341 819 2405 quoties
840 2340 959 2385 alvus
978 2337 1247 2398 deponenda
1262 2338 1343 2389 est3
1364 2336 1441 2400 qui
1460 2335 1669 2381 remediis
1682 2335 1842 2382 iisdem
1864 2335 2111 2398 eademque
2132 2351 2231 2381 mea

397 2409 540 2456 rhodo
562 2407 781 2454 curandus
803 2406 861 2452 est
877 2439 889 2457 2
911 2422 958 2450 ac
978 2403 1182 2450 bubones
1200 2402 1382 2449 venerei
1399 2400 1662 2464 inguinales,

940 2611 1414 2668 CAPUT
1531 2612 1689 2663 VL

584 2748 660 2793 De
691 2733 911 2798 Morbis,
949 2737 1040 2806 qui
1075 2731 1261 2786 sabam·
1297 2729 1424 2783 mal?
1460 2745 1624 2782 curato
1646 2729 2040 2803 superveniunss.

691 2882 733 2932 ς.
779 2877 812 2919 1.
863 2873 960 2920 DE
1036 2869 1375 2916 BUBONE
1447 2865 1945 2913 Frs‘ruroso.

406 2997 489 3091 D
512 2996 550 3037 E
547 2992 678 3054 finitio
704 2991 755 3038 ὦ*
786 2989 1031 3052 ᾱιῇνεητὶιε.
1067 2985 1191 3035 Bubo
1216 2984 1349 3032 semel
1378 2999 1551 3050 apertus
1567 3018 1580 3036 ‚
1611 2981 1639 3027 fi
1670 2981 1921 3045 negligatur
1942 3012 1955 3032 ,
1977 2976 2154 3029 detersis
2175 2979 2227 3021 δὲ

514 3055 860 3101 coalescentibus
894 3052 1025 3098 labris
1045 3070 1092 3097 ac
1112 3051 1347 3097 constrieto
1365 3048 1539 3095 orificio
1557 3049 1603 3094 in
1632 3047 1815 3092 fistulam
1835 3045 2076 3108 degenerat
2094 3075 2107 3094 ‚
2133 3040 2231 3086 hoc

403 3122 459 3165 est
486 3121 531 3164 in
552 3120 670 3167 ulcus
694 3117 914 3166 sinuosum
934 3123 979 3163 &
1008 3115 1219 3164 callosum
1239 3134 1250 3170 3
1270 3114 1360 3161 haec
1382 3114 1503 3162 enim
1521 3114 1613 3161 duo
1630 3111 1767 3159 fistula
1785 3109 2067 3159 essentialiter
2093 3121 2220 3152 com-

403 3184 622 3247 plectitur,
