2477 3643
411 146 514 213 τῃ
748 128 1295 192 DEMo'RBis
1362 142 1891 193 vENtatis.

419 228 494 282 di,
519 233 564 276 &
591 225 900 275 salivationem
923 223 1213 274 efficacissime
1236 223 1430 271 excitare
1462 224 1608 271 valeat
1624 241 1635 277 3
1653 225 1772 272 unde
1793 225 1842 271 fit
1866 239 1917 272 ut
1935 224 2139 274 omnium
2161 236 2280 274 mah*

420 294 539 341 xime
568 293 646 340 usu
671 309 850 358 recepta
870 291 933 338 sit.
965 289 1276 338 Nihilominus
1303 304 1453 335 tamen
1478 307 1559 336 nec
1578 288 1705 353 ipsius
1725 307 1925 355 panacea:
1945 290 2142 338 efficacia
2161 290 2261 338 effi-

422 359 591 405 caciam
607 358 826 421 unguenti
853 354 1124 403 mercurialis
1140 369 1281 418 aequat
1299 353 1534 399 ullomodb
1552 373 1562 398 ι
1579 356 1762 401 Constat
1779 355 1899 402 enim
1929 355 2155 403 semuncia
2170 355 2260 402 una.

423 424 647 471 Mercurii
670 421 885 486 unguenti
914 418 1062 466 forma
1083 421 1174 464 cuti
1201 436 1254 466 ex
1285 435 1377 464 arte
1410 416 1521 463 illita
1553 418 1794 481 largiorem
1820 419 2131 468 salivationem
2153 438 2256 467 mo-

424 489 521 535 veri
544 494 589 535 ὃς
612 491 718 534 ⁴cum
739 488 916 533 minore
931 484 1174 531 erethismo
1188 517 1200 535 ,
1220 483 1354 546 quam
1369 481 1591 529 semuncia
1609 484 1700 547 pari
1717 486 1936 535 Mercurii
1952 486 1999 531 in
2019 502 2260 557 panaceam

425 569 522 600 arte
542 552 760 599 Chemica
786 548 987 597 conversi
1006 582 1018 601 ,
1033 554 1078 594 δε
1100 549 1265 595 iteratis
1290 547 1466 593 dosibus
1486 547 1674 594 exhibiti
1699 565 1710 600 3
1742 567 1836 612 quae
1861 548 1963 596 sane
1987 550 2260 596 discriminis

428 618 544 664 ratio
569 619 688 664 inter
718 616 842 662 usum
867 614 1132 660 interiorem
1153 618 1198 658 δέ
1216 612 1490 660 exteriorem
1505 610 1705 676 ejusdem
1724 615 1914 662 remedii
1931 615 2044 661 mira
2063 616 2150 668 est,
2176 631 2261 662 nee

428 700 624 746 unquam
653 681 781 733 alias,
803 679 928 743 quod
945 677 1077 724 sciam
1095 712 1106 730 ,
1128 676 1377 724 observata.

485 746 687 794 Secnndb.
721 744 875 791 Atomi
905 743 1190 789 mercuriales
1210 741 1344 789 semel
1366 738 1582 795 admiffae,
1606 740 1886 805 quacumque
1907 742 2168 790 introierint
2184 756 2260 788 aut

430 811 745 873 undecumque
765 809 947 856 veniant
963 842 974 860 ,
993 808 1101 853 nota
1120 808 1304 871 regione
1323 807 1495 852 viarum
1519 839 1531 858 ,
1549 807 1676 852 venis
1699 805 1865 853 scilicet
1886 807 2051 854 vasisve
2070 807 2260 872 limpha«

431 876 528 922 ticis
547 875 600 921 ad
623 893 701 921 cor
727 875 818 920 cito
837 872 1151 919 convehuntur
1170 906 1181 924 ,
1201 872 1321 918 unde
1337 872 1528 937 repetito
1544 871 1845 918 circulationis
1860 888 1988 918 motu
2001 875 2101 918 actae
2121 888 2264 936 partes

431 939 524 986 suas
542 940 751 1004 paulatim
769 939 941 985 obeunt
958 935 1163 1000 sequenti
1180 937 1356 983 ordine.

199 1013 361 1056 Effectus
493 1009 666 1051 Lemma
684 1008 718 1050 l.
750 1005 937 1050 Alter-no
957 1002 1105 1048 cordis
1134 1009 1180 1048 δέ
1209 1002 1472 1048 arteriarum
1489 1014 1615 1045 motu
1631 1002 1794 1062 jastatae
1809 1017 1908 1046 cum
1931 1000 2142 1065 sanguine
2159 1018 2265 1065 pro-

148 1070 322 1127 prlfflfflffi
429 1068 595 1115 misene
609 1069 671 1115 ita
683 1067 1020 1114 confunduntur
1038 1101 1050 1119 ,
1070 1083 1118 1113 ut
1137 1067 1183 1111 in
1205 1066 1390 1130 singulas
1410 1065 1638 1110 columnas
1656 1065 1825 1110 cruoris
1842 1065 1944 1129 ,qui
1959 1084 2036 1130 per
2056 1082 2263 1129 magnam

148 1123 336 1160 Mescum'
431 1135 639 1180 arteriam
657 1134 753 1180 fluit
771 1168 782 1185 ,
802 1133 848 1178 in
873 1132 1062 1196 fingulos
1081 1132 1338 1177 arteriarum
1367 1130 1564 1175 surculos
1580 1164 1591 1181 ‚
1613 1130 1660 1174 in
1679 1147 1790 1193 quos
1811 1130 1973 1177 arteria
1989 1130 2066 1177 illa
2088 1130 2259 1195 disper-

429 1199 538 1245 titur
554 1233 567 1252 ,
587 1205 632 1246 &
653 1199 700 1244 in
719 1198 904 1261 singulas
933 1213 1076 1262 partes
1099 1231 1110 1248 ,
1132 1195 1188 1241 ad
1217 1214 1323 1260 quas
1353 1193 1626 1241 minutissimi
1648 1194 1910 1241 arteriarum
1933 1193 2094 1242 surculi
2115 1195 2258 1260 perti·

430 1280 540 1311 nent
560 1298 572 1316 ,
591 1263 745 1327 aequali
769 1263 943 1309 ratione
965 1261 1296 1307 distribuantur.

492 1333 662 1374 Lemma
688 1333 763 1375 II.
794 1327 1005 1390 Eliquatis
1032 1325 1212 1372 fervore
1242 1323 1463 1388 sanguinis
1490 1321 1803 1370 terebinthinae
1823 1327 1869 1368 δε
1894 1323 2090 1386 axungia:
2123 1323 2263 1388 parti-

428 1393 512 1439 bus
530 1427 542 1446 ,
562 1392 590 1438 fi
617 1410 711 1455 quae
734 1409 881 1439 tamen
901 1391 1119 1438 Mercurii
1138 1405 1283 1455 partes
1303 1391 1349 1434 in
1377 1387 1473 1454 ipso
1494 1387 1704 1451 sanguine
1723 1387 1966 1433 etiamnum
1995 1404 2261 1441 coerceant,

429 1459 580 1504 nativa
601 1458 821 1504 Mercurii
841 1456 987 1502 forma
1001 1455 1155 1519 sponte
1175 1453 1402 1501 reviviscit
1419 1487 1431 1505 ,
1450 1454 1496 1498 in
1513 1452 1700 1515 guttulas
1718 1450 1942 1515 spha‘ricas
1961 1486 1972 1504 ,
1990 1452 2230 1499 laeviffimas
2245 1486 2259 1506 ,

432 1523 549 1569 roris
574 1523 704 1568 instar
725 1521 1004 1568 tenuiffimas.
1027 1521 1097 1567 Sic
1123 1519 1327 1565 videmus
1347 1518 1423 1564 sub
1447 1518 1587 1563 oculis
1619 1517 1900 1562 Mercurium
1932 1518 2189 1581 regenerari
2205 1535 2260 1565 ex

427 1603 658 1650 unguento
678 1587 957 1639 mercuriali,
977 1585 1152 1648 quoties
1170 1585 1260 1629 levi
1281 1584 1395 1647 ignis
1415 1582 1559 1629 calore
1576 1579 1865 1644 colliquescit.

488 1656 659 1697 Lemma
690 1657 716 1698 I
730 1657 754 1697 I
766 1658 803 1698 Ι.
838 1651 937 1697 Pari
969 1649 1110 1695 modo
1137 1649 1454 1713 pulverulentae
1485 1646 1622 1692 atomi
1644 1661 1989 1710 praeparatotum
2015 1647 2264 1695 Mercuria-

425 1714 563 1768 lium,
582 1716 762 1762 excuffis
792 1715 965 1780 spiculis
997 1714 1141 1760 salinis
1174 1713 1334 1777 quibus
1353 1712 1495 1759 infixae
1514 1711 1726 1762 horrent,
1756 1710 1923 1756 larvam
1955 1709 2056 1775 ipsoe
2082 1729 2264 1777 quoque

424 1779 660 1845 deponunt
690 1787 736 1827 <Sc
760 1780 807 1826 in
830 1781 1025 1827 nativam
1053 1779 1275 1825 Mercurii
1307 1777 1501 1823 formam
1532 1776 1896 1839 redintegrantur
1913 1808 1925 1827 ,
1946 1774 2167 1823 difficilius
2195 1793 2264 1824 ta·-

425 1862 533 1891 men
547 1879 559 1897 ,
583 1845 746 1891 tardius
761 1879 772 1897 ,
803 1845 1034 1907 minusque
1054 1843 1247 1904 perfecte
1263 1877 1276 1895 ,
1295 1842 1429 1907 quam
1447 1858 1578 1907 gutta:
1598 1840 1814 1905 unguenti
1831 1841 2105 1887 mercurialis
2121 1876 2133 1896 ,
2152 1858 2200 1888 ut
2214 1843 2263 1888 in

424 1926 533 1974 quas
552 1909 714 1973 spicula
740 1909 875 1955 salina
900 1908 1098 1955 intimi-us
1116 1923 1365 1973 penetrent.

488 1978 657 2019 Lemma
684 1979 776 2021 JV.
806 1974 1095 2020 Mercuriales
1127 1973 1305 2035 guttulae
1342 1970 1575 2034 sanguini,
1610 1969 1687 2032 qui
1722 1968 1746 2015 εὶ
1779 1969 1920 2017 corde
1955 1972 2182 2016 contracto
2209 1970 2258 2017 in

426 2053 599 2083 aortam
627 2038 879 2085 excluditur
914 2073 927 2091 ,
961 2036 1363 2101 interspersat,pari
1399 2053 1502 2081 cum
1533 2052 1587 2081 eo
1618 2034 1859 2081 velocitate
1886 2034 2119 2087 feruntur,
2150 2035 2261 2082 dum

424 2117 604 2149 exeunt.
637 2103 821 2149 Habent
841 2120 950 2167 ergo
976 2102 1150 2165 fingulae
1169 2119 1267 2148 eam
1296 2100 1442 2146 motus
1469 2097 1761 2163 quantitatem
1778 2132 1790 2151 ,
1811 2117 1905 2163 quae
1924 2100 1975 2144 fit
1994 2099 2048 2144 ad
2071 2101 2252 2162 quanti-

425 2183 565 2214 tatem
590 2167 735 2213 motsts
754 2184 979 2230 guttarum
998 2167 1218 2230 sanguinis
1238 2164 1433 2228 ejusdem
1455 2163 1586 2209 molis
1605 2163 1652 2208 in
1682 2164 1857 2211 ratione
1888 2163 2056 2210 directa
2085 2165 2260 2227 ponde-

425 2250 525 2278 rum
562 2232 937 2297 respeffhvorum,
967 2248 1098 2295 atque
1126 2231 1238 2277 adeo
1268 2247 1424 2294 quater
1455 2234 1499 2274 δέ
1531 2228 1677 2275 decies
1709 2233 1925 2290 majorem
1960 2229 2257 2290 quantitatem

427 2297 574 2343 motus
591 2332 602 2349 ,
623 2298 757 2360 quam
781 2313 913 2360 gutta:
930 2298 1010 2342 illae
1028 2296 1246 2359 sanguinis
1266 2295 1394 2340 molis
1416 2293 1612 2353 ejusdem
1626 2325 1639 2344 ,
1662 2291 1762 2338 cum
1782 2310 1835 2339 ex
1848 2293 2048 2353 postulato
2067 2313 2106 2356 5.
2127 2296 2255 2341 Mer-

429 2362 580 2407 curius
598 2361 648 2407 fit
665 2378 821 2425 quater
838 2362 985 2408 decies
1004 2360 1206 2426 specifice¹
1222 2360 1404 2422 gravior
1425 2355 1649 2421 sanguine.

485 2431 655 2472 Lemma
674 2431 732 2472 V.
762 2425 1080 2490 Isoperimetrae
1100 2441 1193 2471 tum
1218 2423 1459 2474 Mercurii,
1477 2438 1572 2467 tum
1598 2421 1819 2483 sanguinis
1840 2421 2019 2484 guttulae
2037 2422 2153 2468 inter
2168 2422 2258 2469 cit-

424 2491 668 2537 culandum
686 2491 742 2536 de
763 2507 887 2536 motu
922 2491 1114 2555 primum
1143 2489 1290 2535 indito
1309 2487 1560 2552 deperdunt
1588 2486 1761 2547 fingulae
1789 2484 1964 2548 singulis
1999 2487 2258 2535 instantibus

421 2573 504 2619 pro
538 2556 676 2601 modo
706 2554 980 2619 superficiei,
1016 2571 1149 2617 atque
1181 2554 1293 2599 adeo
1326 2571 1379 2600 ex
1413 2569 1567 2614 aequO,
1596 2550 1695 2596 cnm
1726 2548 1978 2614 superficies
2007 2552 2181 2613 aequalis
2205 2554 2254 2598 in

424 2619 621 2682 utrisque
659 2619 944 2684 supponatur.
983 2624 1137 2682 Itaque
1154 2652 1166 2669 ,
1193 2617 1224 2662 fi
1246 2634 1297 2663 ea
1330 2618 1617 2663 decrementa
1645 2615 1827 2678 aequalia
1858 2632 1909 2662 ex
1937 2616 2258 2679 quantitatibus

423 2683 572 2729 motus
601 2684 888 2746 inaequalibus
923 2684 1145 2746 utrimque
1175 2681 1463 2728 detrahantur
1489 2714 1502 2731 ,
1540 2680 1653 2725 ratio
1683 2680 1979 2742 quantitatum
2011 2679 2157 2725 motus
2184 2680 2255 2727 su-

424 2748 610 2812 perstitis
626 2749 671 2794 in
690 2748 1022 2794 mercurialibus
1038 2747 1171 2811 guttis
1186 2780 1197 2798 ,
1219 2746 1273 2791 ad
1298 2746 1564 2808 quantitates
1595 2744 1854 2806 respectivas
1881 2743 2026 2797 morsis
2041 2777 2053 2796 ,
2077 2745 2153 2807 qui
2180 2745 2253 2791 su·-

422 2814 564 2876 petest
595 2813 641 2858 in
673 2814 807 2874 guttis
828 2812 1075 2877 sanguinis,
1097 2815 1237 2871 major
1265 2809 1414 2855 futura
1445 2811 1504 2856 est
1539 2806 1769 2859 succeffive
1798 2807 2062 2871 singulisque
2092 2810 2254 2855 instan-

422 2877 555 2923 tibus.
590 2879 660 2924 Sic
690 2893 799 2940 ergo
831 2878 1044 2925 velocitas
1072 2891 1297 2940 guttarum
1319 2873 1565 2925 Mercurii,
1596 2890 1690 2936 quae
1723 2871 1916 2935 primum
1947 2873 2105 2918 eadem
2133 2873 2250 2927 fuit,

421 2946 564 3002 major
588 2942 664 2988 fiet
690 2942 867 3006 lingulis
894 2942 1154 2989 instantibus
1176 2940 1416 2988 velocitate
1448 2953 1673 3003 guttarum
1694 2936 1915 3000 sanguinis
1939 2938 2174 3001 aequalium
2201 2944 2250 2985 Sc

420 3006 805 3053 circumfusarum.

485 3078 655 3118 Lemma
680 3076 727 3116 V
727 3076 752 3117 l
754 3109 763 3118 .
798 3074 860 3117 Ea
878 3070 1143 3117 discriminis
1173 3069 1284 3114 ratio
1311 3069 1430 3116 inter
1455 3068 1741 3115 velocitatem
1755 3081 1981 3131 guttarum
2000 3066 2246 3119 Mercurii,

419 3150 735 3198 {tartarumque
760 3135 980 3198 sanguinis
1000 3135 1085 3181 una
1109 3133 1475 3197 interspersarum
1492 3151 1575 3180 nec
1599 3150 1794 3196 unquam
1814 3134 1955 3191 major
1974 3127 2059 3176 elie
2077 3133 2246 3195 potest.

418 3201 555 3261 quam
573 3201 683 3248 <lum
696 3201 892 3247 maxima
907 3202 966 3248 est
985 3199 1129 3247 morsis
1147 3198 1330 3246 tarditas
1347 3197 1393 3244 in
1405 3198 1544 3261 guttis
1558 3197 1787 3261 ,sanguinis
1801 3213 1811 3248 3
1827 3211 1911 3242 nec
1931 3193 2089 3250 ullibi,
2108 3195 2242 3259 quam
