2477 3643
242 703 290 727 uae
306 687 403 725 ἆίἂὲ,

165 741 251 781 sunt
262 740 357 779 confi
364 753 402 775 t-

175 806 323 832 mantur
338 805 380 829 e-

174 846 329 898 xemplis
358 843 408 884 fi-

172 899 330 937 milibus.

176 2832 292 2875 Causa
307 2839 406 2869 ante-

178 2888 301 2926 cedens
332 2894 404 2930 gos-

179 2937 360 2976 nortboeae

177 2992 228 3028 est
261 2989 356 3025 virus

180 3051 381 3083 venereum.

453 142 545 205 156
841 136 1957 185 DEMORssist‘NERms.

446 221 762 284 rhoeae'genera
778 219 1004 283 pertinent
1022 251 1034 269 ,
1063 214 1299 279 multiplici
1321 213 1495 259 ratione
1520 215 1723 267 varient3
1748 230 1938 259 numero
1954 248 1967 266 ‚
1998 217 2166 276 gradu,
2198 225 2279 265 (τες

449 303 557 333 nere
576 320 588 339 ,
608 303 691 350 pro
711 283 885 332 diversa
912 280 1276 328 inflammationis
1297 278 1439 342 specie
1456 312 1467 330 ,
1495 278 1519 323 a
1545 279 1631 341 qua
1650 278 1924 343 pendebunt.
2197 256 2223 281 ὃ

516 352 587 398 Sic
604 368 712 413 ergo
729 385 741 403 ,
761 366 809 395 ut
827 349 974 413 paucis
996 346 1253 391 contraham
1268 360 1363 407 quae
1382 342 1538 389 diffuse
1562 344 1655 390 dixi
1675 378 1689 397 ,
1716 343 1842 408 plura
1863 342 1962 389 sunt
1994 344 2160 392 summa
2192 365 2277 393 cr0--

451 416 670 462 norrlioeae
689 432 852 477 genera
870 431 951 476 pro
972 411 1146 457 diversa
1172 410 1274 457 sede
1293 443 1305 460 ,
1329 408 1454 454 causa
1471 441 1483 459 ,
1506 407 1648 471 specie
1674 407 1806 454 causae
1829 442 1840 460 ‚
1873 427 1967 471 quae
1985 411 2170 473 quidem
2189 387 2275 457 iin-

451 483 553 545 gula
573 481 665 526 suas
684 479 849 524 habent
874 475 1146 522 differentias
1165 509 1176 527 ‚
1210 490 1398 519 numero
1425 473 1582 518 multas
1601 507 1612 525 ,
1648 489 1696 519 ut
1720 473 1857 518 modo
1882 475 2047 520 dietum
2074 477 2133 522 est
2150 510 2162 527 ,
2196 476 2274 523 sed

452 565 504 592 ex
536 546 719 610 quibus,
744 543 773 588 fi
802 543 905 588 bina
941 556 1014 586 aut
1051 556 1176 586 terna
1214 539 1300 586 una
1331 537 1647 584 combinentur
1667 572 1680 590 ,
1704 539 1842 583 multo
1865 538 2010 602 plures
2041 540 2272 587 emersurae

452 611 566 657 sunt.

513 681 588 723 Ne
608 674 704 738 quis
730 687 877 718 autem
901 686 968 716 tot
999 688 1048 716 ac
1075 685 1165 715 tam
1194 667 1460 732 multiplices
1487 666 1761 714 differentias
1791 669 2071 731 gonorrhoeae
2102 670 2271 718 temere

451 741 598 788 afferri
626 753 748 804 putet
765 770 776 789 ‚
795 736 931 783 velim
957 735 1158 781 attendat
1189 734 1424 797 totuplices
1444 733 1491 778 in
1523 730 1689 777 morbis
1710 733 1938 795 quibusvis
1968 735 2272 781 inflammato-

451 808 524 853 riis
546 806 568 851 εὶ
588 803 788 870 ΡΥειέῒὶείς
808 802 942 864 vulgo
963 800 1153 846 admitti.

498 871 570 917 Sic
608 878 668 915 10.
693 865 990 914 Inflammatio
1019 865 1283 929 pulmonum
1302 864 1348 909 in
1370 860 1739 928 peripneumonia
1761 860 1986 908 diversum
2009 863 2272 926 pulmonum

447 936 606 982 lobum
626 969 639 986 ,
672 948 745 978 aut
774 931 946 977 diversa
967 929 1165 991 ejusdem
1193 928 1286 975 lobi
1309 930 1407 974 loca
1426 947 1436 972 t
1457 929 1527 974 Sic
1554 926 1848 973 inflammatio
1884 927 2194 973 intestinorum
2224 930 2273 974 in

448 998 699 1061 dysenteria
718 996 891 1042 diversa
912 996 1114 1041 intestina
1133 1028 1144 1046 ‚
1164 1011 1237 1039 aut
1256 992 1449 1040 diversas
1469 991 1667 1055 ejusdem
1686 991 1878 1037 intestini
1898 1007 2042 1056 partes
2059 1009 2246 1056 occupat
2259 1026 2273 1046 ‚

445 1082 495 1112 ut
515 1064 651 1111 modo
670 1062 926 1108 dicebamus
955 1061 1010 1107 de
1030 1060 1384 1105 inflammatione
1406 1057 1826 1120 conceptaculorum
1852 1055 2028 1103 seminis
2046 1091 2058 1108 ,
2084 1056 2170 1120 qua
2193 1074 2277 1120 go·-

447 1130 660 1177 northoea
686 1127 961 1191 producitur.
993 1127 1045 1170 Et
1076 1125 1180 1170 hinc
1209 1128 1346 1188 prima
1376 1122 1508 1168 claffis
1530 1120 1888 1168 differentiarum
1917 1138 2011 1167 tum
2042 1122 2276 1187 peripneu-

447 1195 609 1242 moniae
627 1228 638 1246 ,
660 1192 752 1238 tum
780 1190 1039 1252 dysenteriae
1060 1223 1071 1241 ,
1094 1189 1306 1235 nimirum
1336 1207 1387 1233 ex
1408 1189 1503 1248 stsde
1527 1187 1667 1232 morbi.

516 1269 578 1306 20.
621 1259 691 1305 Sic
731 1256 969 1319 aliquando
999 1254 1231 1318 pulmones
1267 1252 1355 1299 levi
1382 1251 1550 1298 tantum
1582 1249 1783 1314 phlogofi
1810 1267 2037 1296 tentantur
2056 1285 2067 1304 ,
2098 1257 2145 1298 δε
2169 1266 2273 1298 tunc

447 1324 571 1388 sputa
599 1320 776 1388 copiosa
795 1354 807 1373 ,
832 1320 1018 1366 calentia
1038 1353 1050 1371 ‚
1076 1319 1192 1364 acria
1211 1352 1222 1370 ,
1255 1316 1519 1381 puriformia
1539 1350 1550 1368 ‚
1575 1331 1770 1361 attamen
1806 1317 1927 1361 mere
1959 1316 2165 1379 pituitosa
2198 1315 2274 1362 seu

448 1389 707 1454 limphatica
726 1384 942 1432 tuffiendo
963 1383 1062 1445 ejici
1083 1417 1095 1435 ,
1118 1399 1165 1429 ut
1188 1384 1235 1428 in
1256 1382 1459 1427 catarrho
1478 1400 1490 1434 3
1513 1380 1635 1443 quod
1666 1379 1904 1443 respondet
1935 1381 2083 1444 prima¹
2106 1399 2275 1445 gonor-

450 1455 579 1499 rhoeae
601 1452 760 1517 speciei
796 1451 967 1496 ratione
994 1447 1127 1494 causae
1151 1467 1161 1492 ι
1185 1447 1440 1509 Aliquando
1462 1446 1572 1492 vero
1590 1445 1771 1507 gravior
1799 1444 2095 1491 inflammatio
2125 1463 2275 1492 extra-

449 1518 723 1564 vasationem
759 1514 894 1561 infert
916 1549 928 1566 ‚
963 1519 1008 1560 &
1044 1529 1147 1558 tunc
1170 1514 1290 1576 sputa
1311 1511 1498 1557 calentia
1515 1545 1527 1562 ,
1547 1510 1663 1555 acria
1682 1543 1695 1561 ‚
1734 1509 1999 1573 puriformia
2018 1529 2029 1563 3
2052 1510 2127 1556 secl
2149 1510 2271 1559 simul

447 1585 618 1648 punstis
635 1617 647 1634 ‚
668 1581 777 1627 striis
796 1614 808 1631 ‚
834 1578 1068 1625 filamentis
1092 1577 1339 1640 sanguineis
1361 1592 1513 1621 notata
1533 1608 1545 1627 ‚
1576 1590 1649 1619 aut
1683 1575 1789 1619 vere
1826 1573 2163 1636 sanguinolenta
2195 1593 2273 1622 ex-

447 1648 694 1712 pectorati,
730 1661 776 1690 ut
806 1645 852 1689 in
885 1643 1105 1707 principio
1142 1640 1560 1705 peripneumonfflffi
1591 1638 1716 1702 quod
1744 1656 1845 1683 cum
1875 1639 2067 1685 secunda
2103 1657 2273 1703 gonor-

447 1713 580 1759 rhoeae
610 1711 754 1775 specie
793 1708 980 1771 quadrat
1019 1727 1028 1752 :
1063 1705 1256 1752 Demum
1300 1704 1538 1768 aliquando
1576 1703 1872 1749 inflammatio
1906 1704 1952 1748 in
1992 1703 2275 1768 suppuratum

448 1778 543 1824 abit
571 1812 583 1830 ,
626 1782 671 1822 &
712 1792 813 1821 tunc
857 1772 977 1836 sputa
1022 1771 1207 1817 calentia
1243 1804 1254 1822 ,
1290 1771 1406 1816 acria
1435 1803 1447 1821 ‚
1480 1769 1785 1832 graveolentia
1823 1774 1867 1814 &
1908 1769 2010 1815 vere
2041 1770 2274 1833 purulenta

448 1843 580 1889 educi
608 1840 749 1886 solent
770 1873 781 1891 ,
806 1838 918 1882 utin
948 1835 1319 1902 peripneumonia
1349 1834 1580 1899 suppurata
1602 1867 1615 1886 ,
1639 1834 1762 1897 quod
1784 1834 1997 1881 convenit
2018 1851 2116 1881 cum
2146 1833 2276 1882 tertia

450 1906 731 1970 gonorrlioeae
759 1902 916 1967 specie.

514 1972 639 2017 Idem
671 1970 726 2015 de
746 1965 1099 2013 inflammatione
1119 1964 1431 2011 intestinorum
1459 1962 1702 2009 dicendum
1732 1965 1792 2009 est
1818 1962 1865 2008 in
1888 1963 2139 2023 dysenteria
2158 1997 2170 2016 ,
2191 1981 2274 2009 un-

449 2036 505 2082 de
525 2035 551 2080 fi
573 2033 864 2081 inflammatio
894 2030 1072 2094 simplex
1101 2028 1236 2075 fuerit
1254 2063 1266 2081 ,
1290 2046 1442 2074 mucus
1472 2028 1661 2079 multus,
1686 2045 1785 2073 acer
1801 2061 1812 2080 ‚
1844 2028 1984 2074 calens
2005 2061 2016 2079 ‚
2039 2027 2114 2073 sed
2136 2029 2274 2092 pitui-

449 2100 566 2146 tosus
599 2119 611 2152 ·,
649 2115 695 2145 ut
721 2099 766 2143 in
794 2094 1044 2158 dysenteria
1071 2094 1312 2158 incipiente
1349 2113 1358 2137 ε
1393 2093 1439 2139 Si
1474 2092 1768 2137 inflammatio
1801 2109 1899 2137 cum
1921 2092 2276 2141 exn-aversatione
2333 2094 2339 2096 ’

444 2165 670 2228 sanguinis
691 2166 985 2224 conjungatur
1004 2193 1016 2211 ,
1042 2176 1195 2204 mucus
1227 2158 1388 2203 multus
1409 2191 1420 2209 ,
1451 2157 1596 2203 calens
1617 2191 1628 2208 ,
1657 2155 1887 2220 pituitosus
1909 2190 1920 2208 ‚
1953 2157 2029 2204 sed
2059 2157 2275 2218 sanguine

444 2229 647 2296 perfusus
678 2247 689 2281 3
718 2245 765 2273 ut
792 2227 838 2271 in
878 2223 1126 2286 dysenteria
1156 2222 1417 2268 confirmata
1455 2240 1464 2265 ε
1497 2221 1703 2266 Tandem
1734 2221 1762 2265 fi
1794 2221 2091 2269 inflammatio
2119 2208 2274 2287 suppu-

444 2312 569 2342 tetur
591 2328 602 2345 ‚
624 2308 696 2339 aut
724 2292 1004 2338 exulceretur
1023 2322 1034 2340 ,
1057 2306 1209 2333 mucus
1233 2288 1395 2333 multus
1416 2321 1427 2338 ,
1449 2287 1595 2333 calens
1616 2321 1627 2338 ,
1657 2285 1732 2332 sed
1752 2287 1887 2350 putris
1904 2320 1916 2338 ,
1945 2287 2038 2331 imo
2067 2289 2170 2333 vere
2191 2306 2273 2352 pu-

445 2361 642 2406 rulentus
669 2357 951 2405 excernitur,
973 2369 1020 2399 ut
1040 2352 1087 2398 in
1107 2351 1357 2414 dysenteria
1385 2350 1616 2414 suppurata
1647 2351 1718 2396 vel
1746 2350 1959 2397 ulcerosa.
1994 2355 2046 2396 Et
2074 2352 2180 2397 hinc
2207 2356 2273 2398 al-

442 2441 531 2471 tera
561 2423 693 2469 claffis
718 2419 1072 2467 differentiarum
1101 2417 1477 2481 peripneumoniae
1507 2421 1552 2462 δε
1577 2414 1837 2477 dysenteriae
1863 2435 1915 2461 ex
1940 2415 2078 2462 camd.

517 2498 577 2549 30.
608 2487 816 2549 Denique
835 2485 890 2530 sic
910 2482 1206 2531 inflammatio
1225 2515 1238 2534 ‚
1267 2482 1353 2546 qua
1380 2482 1613 2545 pulmones
1643 2480 1689 2525 in
1718 2481 2115 2544 peripneumonia,
2145 2486 2191 2527 &
2208 2481 2273 2528 in«

445 2555 599 2601 testina
639 2553 686 2597 in
723 2548 973 2612 dysenteria
1010 2563 1267 2599 tenta-ntur,
1303 2564 1420 2592 nunc
1455 2545 1854 2610 phlegmonodaea,
1890 2545 2274 2609 erysipelatodaea,

447 2616 791 2667 oedematodaea‚
823 2631 896 2660 a-ut
921 2611 1196 2658 skirrhodaea
1219 2613 1277 2657 est
1297 2644 1310 2664 ,
1326 2627 1373 2657 ut
1395 2610 1533 2656 modo
1552 2611 1719 2655 dietum
1740 2609 1825 2656 fuit
1844 2609 1900 2656 de
1918 2611 2272 2657 inflammatione

451 2680 873 2745 conceptaculorum
900 2676 1077 2723 seminis
1095 2709 1107 2726 ,
1133 2693 1227 2738 quae
1246 2675 1563 2738 gonorrlioeam
1586 2691 1706 2721 creat
1737 2693 1747 2718 :
1784 2679 1835 2719 Et
1863 2674 1965 2720 hinc
1992 2680 2110 2719 tertia
2138 2674 2273 2722 c-laffis

451 2746 806 2793 differentiarum
832 2742 1207 2807 peripneumonia:
1232 2746 1276 2785 ὃς
1302 2738 1562 2800 dysenteriae
1592 2741 1781 2802 exspecie
1801 2739 2135 2798 inflammationis.

513 2815 612 2864 Jam
634 2810 767 2874 porro
786 2842 798 2861 ‚
840 2823 887 2852 ut
918 2807 964 2851 in
998 2804 1256 2869 explicanda
1284 2803 1562 2866 gonorrhoeae
1582 2803 1805 2865 aetiologiii
1829 2803 2122 2866 procedamus
2142 2838 2153 2856 ,
2178 2823 2272 2850 mo-

453 2877 514 2922 db
544 2875 762 2939 descripta
801 2873 848 2918 in
893 2887 1083 2933 utroque
1127 2869 1228 2916 sexu
1261 2868 1439 2915 seminis
1474 2867 1787 2932 conceptacula
1817 2884 1898 2913 nec
1926 2867 2124 2931 phlogofi
2146 2902 2158 2920 ‚
2185 2887 2269 2915 nec

454 2941 835 2989 inflammatione,
859 2954 941 2983 nec
974 2934 1288 2999 suppuratione
1318 2949 1391 2980 aut
1428 2932 1755 2980 exulceratione
1781 2937 1943 2978 tentari
1970 2932 2144 2996 poss'unt
2177 2935 2273 2997 post

455 3007 678 3070 impurum
699 3001 987 3049 concubitum
1007 3033 1019 3052 ,
1040 3015 1093 3045 -ut
1116 3000 1164 3045 in
1190 2999 1462 3062 gonorrhoea
1489 2997 1709 3044 virulenta
1723 3031 1735 3049 ‚
1764 2997 1833 3043 vel
1862 2998 2014 3042 omnia
2033 2996 2102 3041 vel
2124 2997 2270 3060 plera-

453 3089 541 3135 que
568 3069 729 3114 tentari
751 3083 922 3113 certum
942 3068 1001 3112 est
1019 3097 1032 3117 ,
1065 3064 1142 3109 nisi
1170 3081 1291 3109 acres
1309 3097 1320 3115 ,
1348 3064 1611 3127 phlogisticae
1630 3096 1642 3114 ‚
1671 3061 1902 3107 corrofivae
1931 3060 2149 3123 particule:
2166 3079 2271 3126 per-

455 3133 673 3182 verterint
687 3131 931 3177 naturalem
950 3129 1151 3175 indolem
1167 3127 1341 3174 seminis
1358 3161 1371 3179 ,
1393 3127 1727 3189 fluidorumque
1745 3125 2023 3171 seminalium
2040 3158 2051 3176 ,
2084 3142 2178 3188 quae
2193 3126 2267 3172 illa

454 3199 716 3253 continent,
734 3195 893 3263 quibus
913 3195 1075 3262 jugiter
1104 3192 1284 3241 madent
1302 3225 1316 3247 ‚
1337 3192 1496 3259 quibus
1514 3191 1615 3240 solis
1637 3189 1812 3256 possunt
1835 3189 2005 3255 impeti.
2029 3189 2271 3236 Fatendum
