2477 3643
644 149 904 196 Linrn
964 150 1424 198 1V.C›.ru·r
1492 150 1601 198 IX.
1901 162 2000 220 *379

158 227 351 280 tandum
372 228 431 275 est
452 225 553 276 fore
571 242 620 274 ut
638 228 759 274 virus
779 246 1021 278 venereum
1044 229 1250 279 radicitus
1278 231 1497 280 debellari
1517 233 1646 298 possit
1675 234 1699 281 εὶ
1722 239 1873 294 causa,
1898 259 1996 307 qux

158 294 375 345 alterutro
396 292 580 340 nomine
601 293 792 341 imbellis
808 328 819 347 ‚
843 297 914 342 vel
935 295 1079 361 potius
1098 297 1241 361 impar
1261 299 1334 345 est.

217 361 241 412 J
247 377 315 405 am
336 358 446 404 vero
464 357 565 405 cum
590 360 840 405 Mercurius
866 361 1174 425 homogeneus
1195 361 1243 408 sit
1262 396 1275 415 ,
1310 368 1354 410 &
1375 364 1398 410 ὲ
1433 362 1659 429 particulis
1687 364 1915 414 simillimis
1947 376 1996 417 δε

160 421 479 487 sunpliciffimis
499 439 616 470 totus
633 441 927 489 componatur
946 461 958 479 ,
979 445 1073 491 quae
1099 427 1268 474 nullam
1289 428 1335 474 in
1357 428 1569 494 sanguine
1591 431 1884 479 mutationem
1904 435 1996 498 pati

156 489 336 554 poffunt
354 522 367 541 ,
395 488 517 535 unde
537 505 731 537 mutetur
751 493 1010 539 earumdem
1029 491 1266 540 efficacitas
1285 527 1296 546 ‚
1321 495 1463 558 palam
1485 497 1544 542 est
1562 512 1733 542 certum
1755 497 1879 543 illum
1902 500 1995 546 vir-

156 555 262 601 tutis
293 560 340 600 &
367 556 555 617 energiae
586 555 774 618 gradum
796 590 808 609 ,
836 558 912 621 qui
940 558 987 603 in
1016 558 1221 604 adhibito
1253 561 1484 607 Mercurio
1509 559 1783 609 desideratur
1802 596 1814 615 ,
1842 579 1888 608 ut
1922 565 1993 610 vi-

154 636 227 665 rus
255 637 498 666 venereum
525 620 755 684 profligari
785 626 829 667 δέ
857 623 1146 669 exterminari
1177 625 1332 688 possit‚
1368 644 1461 672 non
1489 625 1698 690 distingui
1728 627 1781 673 ab
1807 626 1996 692 ipsamet

154 683 349 730 adhibiti
380 687 596 732 Mercurii
618 686 865 749 quantitate
887 721 899 740 ‚
931 705 1062 752 atque
1083 689 1197 736 adeo
1219 691 1271 735 acl
1293 692 1611 738 eradicandum
1632 692 1781 739 morbi
1809 695 1995 742 venerei

152 746 362 796 fomitem
384 750 607 796 necessum
631 751 716 799 eise
732 785 744 804 ,
784 761 843 798 1⁰.
882 755 1068 799 Cei-ram
1092 773 1139 800 ac
1160 755 1506 803 determinatam
1529 759 1747 803 Mercurii
1769 760 1996 823 quantita-

153 829 245 861 tem
271 813 472 878 sanguini
497 815 853 881 syphiliticorum
875 818 1101 871 instillari,
1132 819 1252 867 unde
1284 822 1535 867 aestimanda
1555 823 1615 869 est
1649 838 1768 870 certa
1800 824 1996 873 adhibiti

151 881 375 926 Mercurii
409 879 645 928 efficacitas
678 902 688 927 :
727 891 789 928 2⁰.
821 884 967 930 Semel
996 885 1249 931 instillatam
1280 885 1380 932 satis
1410 886 1492 932 'diu
1520 887 1566 932 in
1600 888 1761 936 eodem
1794 892 1995 944 morari,

148 945 272 990 unde
302 945 553 994 aestimanda
572 949 631 994 est
659 964 780 994 certa
814 950 1030 1013 temporis
1049 951 1350 1003 diuturnitas,
1382 968 1476 1015 quae
1503 951 1550 998 in
1576 970 1735 1017 agente
1756 956 1995 1005 Mercurio

153 1010 417 1073 requiritur.

223 1077 382 1138 Liquet
414 1091 525 1139 ergo
545 1075 655 1123 duas
674 1075 759 1124 effe
780 1077 901 1140 leges
917 1077 963 1122 in
987 1077 1248 1125 adhibendo
1266 1081 1500 1127 Mercurio
1515 1082 1732 1146 perpetui)
1751 1083 1994 1133 observan-

152 1137 257 1192 das,
289 1140 318 1186 s1
346 1157 502 1205 optato
534 1140 725 1188 successu
754 1143 891 1205 potiri
916 1144 1015 1206 quis
1045 1143 1183 1196 velit·‚
1225 1153 1284 1189 1⁰.
1317 1148 1384 1192 Ut
1413 1164 1464 1193 ea
1496 1150 1715 1194 Mercurii
1736 1152 1989 1212 quantitas,

149 1221 248 1268 quae
275 1205 330 1251 ad
351 1205 594 1270 perfestam
617 1207 700 1253 luis
721 1225 921 1254 venereae
944 1210 1223 1255 curationem
1245 1211 1487 1273 requiritur
1505 1247 1516 1265 ,
1546 1229 1646 1276 agat
1663 1214 1709 1259 in
1730 1214 1990 1279 sanguinem

149 1275 197 1315 &
220 1285 319 1333 agat
337 1288 394 1318 eo
414 1288 648 1318 momento
665 1306 677 1325 ‚
705 1272 828 1335 quod
850 1273 1145 1337 producendo
1163 1273 1340 1321 effectui
1358 1294 1509 1340 aptum
1527 1277 1601 1330 sir3
1621 1278 1681 1323 fin
1700 1277 1820 1326 secus
1838 1284 1960 1329 enim
1974 1318 1988 1336 ,

145 1351 396 1398 numquam
417 1336 509 1383 vim
529 1337 575 1382 in
596 1336 721 1383 illum
742 1355 949 1384 exertura
970 1373 982 1392 ‚
999 1339 1276 1404 impetumve
1297 1339 1465 1388 factura
1491 1344 1550 1388 est
1579 1348 1670 1405 ejus
1697 1346 1882 1408 gradus,
1910 1351 1988 1411 qui

144 1399 203 1446 ad
230 1399 438 1447 effecitum
468 1399 729 1448 neceffarius
754 1404 815 1449 est
836 1422 845 1449 ε
883 1412 948 1449 20.
977 1407 1045 1449 Ut
1061 1403 1242 1451 admiffa
1262 1407 1481 1453 Mercurii
1501 1409 1721 1472 quantitas
1741 1410 1787 1456 in
1811 1411 1984 1476 sangui-

144 1481 253 1511 nem
283 1466 378 1530 pari
404 1466 654 1530 eademque
680 1467 723 1513 vi
756 1466 857 1514 satis
881 1468 961 1515 diu
986 1486 1116 1533 agat,
1144 1488 1192 1516 ac
1228 1471 1483 1518 inchoatam
1511 1474 1559 1518 in
1584 1473 1663 1519 illo
1692 1477 1987 1527 mutationem

143 1529 244 1576 satis
274 1530 491 1578 diuturno
521 1532 739 1597 temporis
756 1531 898 1596 spatio
927 1551 1111 1598 urgeat,
1131 1535 1276 1584 donec
1301 1553 1445 1584 totum
1475 1537 1733 1601 sanguinem
1749 1576 1761 1594 ,
1786 1542 1884 1588 vasa
1899 1544 1987 1590 fin-

144 1595 279 1658 gula,
310 1595 496 1643 receffus
529 1614 685 1643 omnes
706 1598 983 1661 pervaserit,
1016 1617 1072 1646 ne
1102 1601 1211 1663 quid
1242 1602 1446 1650 inaccefli
1471 1602 1641 1668 uspiam
1670 1604 1876 1672 superfit,
1909 1609 1988 1657 ubi

143 1660 296 1706 morbi
315 1660 460 1707 fomes
480 1661 586 1708 abdi
606 1695 617 1714 ‚
637 1668 682 1708 &
702 1663 822 1709 unde
843 1664 1040 1710 recidiva
1059 1666 1152 1729 pari
1171 1666 1312 1730 possit.

206 1728 398 1771 Peccant
427 1726 475 1771 in
510 1727 709 1790 priorem
742 1727 926 1790 quidem
958 1728 1105 1792 legem
1133 1764 1145 1782 ‚
1181 1733 1469 1794 quicumque·
1492 1733 1774 1781 Mercurium
1807 1735 1989 1785 dosibus

143 1807 272 1852 aequo
288 1790 568 1854 parcioribus
585 1797 629 1838 δε
648 1792 893 1839 intervallis
911 1796 1020 1855 justo
1036 1794 1316 1857 longioribus
1329 1797 1653 1851 administrant,
1669 1800 1786 1846 unde
1803 1801 1922 1848 deest
1937 1804 1985 1849 in

141 1853 358 1918 sauguine
379 1873 430 1902 ea
449 1856 669 1903 Mercurii
687 1857 936 1920 quantitas,
960 1877 1055 1921 quae
1077 1860 1129 1904 ad
1154 1861 1495 1922 producendum
1516 1862 1722 1910 effecitum
1743 1866 1984 1914 necessaria

140 1921 226 1966 est:
262 1925 311 1965 In
333 1922 623 1985 posteriorem
645 1922 755 1968 verb
770 1956 783 1974 ,
805 1923 1077 1986 quicumque
1096 1925 1296 1971 affectam
1318 1928 1535 1973 Pv'iercurii
1554 1929 1985 1979 administrationem

141 1983 271 2031 citius
291 1986 426 2049 quam
445 2005 522 2051 par
542 1989 602 2033 est
616 2021 629 2039 ,
651 1987 955 2033 intermittunt
973 2022 986 2041 ‚
1006 2005 1061 2035 ex
1080 2007 1170 2052 quo
1188 1989 1379 2036 efficitur
1398 2009 1445 2036 ut
1466 1994 1653 2040 mutatio
1676 1994 1876 2059 sanguini
1894 2001 1985 2059 jam

141 2050 323 2097 inducta
348 2050 447 2097 satis
469 2051 548 2098 diu
568 2069 662 2098 non
681 2050 938 2100 sustineatur
955 2087 967 2107 ,
987 2070 1036 2099 ut
1056 2054 1241 2101 morbus
1262 2055 1473 2102 radicitus
1492 2057 1621 2121 poffit
1640 2061 1869 2126 extirpari.

206 2118 466 2181 Utrumque
485 2116 656 2182 peccati
675 2133 814 2180 genus
833 2117 1043 2182 frequens
1063 2121 1122 2165 est
1141 2119 1186 2165 in
1209 2120 1519 2184 hydrargyrosi
1532 2124 1752 2187 parciore.
1792 2127 1912 2174 Hinc
1933 2127 1982 2174 in

141 2178 220 2226 illa
239 2182 459 2228 methodo
477 2182 580 2228 vani
598 2182 666 2229 illi
688 2187 733 2228 δε
753 2182 870 2228 irriti
889 2181 1100 2230 successus
1122 2187 1407 2231 curationum
1428 2189 1771 2236 Mercurialium
1786 2223 1797 2242 ‚
1820 2192 1982 2254 quibus

140 2245 372 2310 mitigatur
395 2247 580 2310 quidem
599 2247 947 2312 symptomatum
970 2248 1132 2295 saevitia
1152 2283 1164 2301 ‚
1189 2251 1447 2313 malumque
1479 2253 1719 2300 remittitur
1739 2273 1750 2308 3
1785 2254 1861 2302 sed
1880 2258 1981 2320 qui-

139 2308 222 2357 bus
250 2329 346 2357 non
373 2311 549 2359 deletur
577 2312 728 2359 morbi
753 2312 928 2366 fomes,
958 2331 1039 2359 nec
1067 2313 1262 2378 proinde
1290 2315 1475 2362 morbus
1502 2316 1702 2365 funditus
1721 2321 1979 2384 extirpatur.

141 2376 264 2422 Hinc
290 2376 469 2424 fallaces
491 2377 575 2422 illae
594 2376 745 2422 morbi
773 2378 1008 2441 therapeia:
1027 2378 1161 2424 irritis
1187 2378 1287 2444 ipsis
1306 2378 1566 2428 succeffibus
1583 2388 1757 2447 pejores
1776 2418 1788 2437 ,
1814 2385 1858 2430 in
1879 2387 1979 2450 qui-

139 2437 224 2486 bus
250 2441 522 2487 evanescunt
547 2440 732 2504 quidem
754 2440 1046 2504 symptomata
1062 2477 1074 2495 ,
1100 2443 1220 2491 unde
1240 2461 1504 2508 aegrotantes
1524 2448 1637 2495 male
1657 2450 1838 2513 providi
1861 2450 1978 2498 faus-

139 2519 185 2550 ta
205 2505 357 2551 omnia
376 2505 456 2551 fibi
478 2506 646 2552 temere
664 2505 947 2570 despondent
967 2542 979 2560 ‚
1001 2508 1073 2554 sed
1096 2526 1190 2571 quae
1211 2512 1306 2575 post
1325 2509 1485 2559 breves
1513 2511 1712 2562 inducias
1732 2517 1779 2561 in
1810 2515 1975 2564 recidi-

139 2586 217 2617 vas
238 2569 402 2618 abeunt
418 2571 570 2635 priore
587 2570 751 2618 morbo
770 2571 1034 2638 plerumque
1055 2571 1346 2622 difficiliores.

196 2635 345 2682 Probe
376 2652 509 2683 teneo
528 2635 638 2700 quid
657 2635 723 2682 illi
750 2654 901 2684 errent
919 2671 932 2691 ,
960 2639 1039 2702 qui
1057 2638 1201 2686 solent
1224 2641 1279 2687 ad
1300 2639 1419 2686 hunc
1438 2641 1625 2688 modum
1657 2644 1889 2691 Mercurio
1911 2646 1977 2693 uti

138 2699 211 2748 vel
237 2699 360 2747 abuti
390 2701 535 2767 potius
554 2735 567 2754 ‚
591 2718 673 2747 nec
708 2702 886 2765 ignarus
917 2704 1011 2749 sum
1032 2704 1298 2753 offuciarum
1317 2739 1330 2759 ,
1353 2724 1459 2769 quas
1488 2706 1566 2752 fibi
1594 2707 1670 2770 ipfi
1700 2707 1867 2757 faciunt
1886 2744 1899 2763 ‚
1930 2729 1978 2759 ut

136 2764 404 2821 methodum
423 2785 521 2814 eam
541 2765 736 2831 probent
758 2769 975 2816 Mercurii
996 2773 1042 2817 &
1061 2771 1265 2835 parciore
1286 2771 1535 2836 quantitate
1555 2777 1598 2818 δέ
1619 2773 1832 2823 breviore
1860 2792 1976 2824 tem-

136 2829 261 2894 poris
280 2829 420 2892 spatio
438 2831 789 2879 administrandi.

209 2898 391 2959 Nempe
422 2898 538 2943 circa
567 2897 687 2962 prius
716 2896 773 2943 sic
809 2913 1068 2961 argutantur
1101 2917 1113 2952 3
1146 2901 1285 2947 unciae
1327 2917 1414 2949 tres
1446 2902 1665 2965 unguenti
1702 2905 1976 2953 mercurialis

136 2958 280 3006 tribus
306 2959 587 3007 friCtionibus
615 2961 732 3008 intra
760 2962 959 3026 quinque
989 2963 1083 3010 dies
1103 2967 1337 3028 aegrotanti
1365 2968 1483 3014 illitae
1508 2968 1627 3014 luem
1651 2968 1859 3017 radicitus
1879 2972 1972 3035 ple-

137 3042 330 3089 rumque
365 3024 532 3073 sanant.
566 3030 684 3089 Ergo
709 3026 847 3072 unciae
874 3027 1066 3074 totidem
1091 3030 1289 3090 ejusdem
1322 3033 1537 3095 unguenti
1562 3032 1841 3081 frictionibus
1861 3033 1970 3083 'osto

138 3088 259 3136 intra
292 3090 386 3137 dies
423 3091 584 3156 viginti
631 3091 744 3137 duos
789 3092 1096 3139 administrata:
1129 3095 1339 3143 morbum
1372 3098 1582 3146 eumdem
1609 3100 1704 3164 pari
1731 3100 1976 3159 facilitate,

137 3153 356 3218 similique
381 3155 578 3203 efficacia
603 3157 887 3203 eradicaturae
913 3157 1027 3204 sunt„

192 3221 332 3269 Circa.
350 3223 564 3287 posterius
589 3222 699 3271 verb
723 3222 780 3270 fic
808 3240 957 3273 amant
992 3223 1073 3272 fibi
1109 3224 1263 3273 fucum
1290 3224 1457 3278 facere.
1502 3230 1716 3341 consti-{²2⁵
1750 3235 1970 3297 inquiunt,

1581 3299 1613 3342 Β
1690 3329 1693 3333 -
1725 3296 1759 3360 ij

2061 1104 2166 1141 Duas
2183 1115 2268 1156 pto.

2036 1155 2114 1210 iude
2143 1158 2242 1210 leges

2034 1207 2100 1245 este
2114 1210 2146 1246 in
2162 1213 2268 1249 astu-3.

2034 1261 2149 1298 bondo
2165 1267 2266 1301 Mer-

2031 1316 2132 1353 curio
2145 1318 2269 1355 obser-

2033 1370 2167 1406 vandas
2202 1384 2238 1408 1.

2032 1421 2083 1460 Ut
2113 1424 2211 1462 certa

2028 1474 2104 1512 desi
2124 1491 2135 1516 3
2159 1492 2194 1516 2.
2211 1480 2267 1521 Ut:

2031 1540 2134 1563 certo
2165 1543 2264 1568 tem-

2032 1580 2130 1631 poris
2147 1582 2263 1620 ἐκπεῖ-

2031 1633 2130 1669 vallo
2147 1634 2260 1674 adhi-

2031 1685 2172 1722 beatur.

2060 1763 2209 1804 Peccare
2226 1767 2259 1808 in

2032 1815 2189 1865 priorem
2207 1846 2220 1864 ,

2029 1869 2260 1918 quiMercu..

2032 1931 2125 1958 tmm
2143 1935 2234 1972 par-

2028 1972 2184 2011 cioribus
2197 1978 2268 2015 do-

2026 2024 2121 2066 fibus
2135 2029 2260 2067 admi-

2026 2080 2200 2124 mstraut5
2224 2089 2259 2123 &

2028 2130 2059 2166 in
2073 2134 2259 2183 posterio-

2025 2194 2103 2221 rem
2120 2212 2131 2228 ‚
2155 2189 2219 2237 qui

2026 2234 2243 2291 hydrargy-

2023 2288 2117 2326 rosin
2135 2292 2239 2331 citius

2022 2339 2207 2382 intermit-

2024 2403 2116 2431 tunt.

2021 2469 2119 2508 Hinc
2138 2471 2253 2514 fana-

2020 2533 2077 2557 ces
2113 2524 2180 2563 illa:
2214 2534 2252 2567 &

2020 2575 2114 2614 male
2147 2591 2253 2620 ccrrae

2021 2625 2087 2665 luis
2101 2642 2213 2671 vene-

2021 2691 2086 2716 reae
2113 2695 2227 2722 cura..

2021 2732 2147 2773 tiores.

2019 2814 2150 2864 Neque
2177 2829 2248 2854 va..

2018 2877 2083 2903 tent
2110 2880 2223 2910 argm-

2017 2912 2248 2973 meritasquae

2016 2982 2082 3020 pto
2099 2971 2247 3013 damna..

2016 3021 2050 3059 ta
2064 3025 2245 3066 methodo

2012 3073 2228 3119 affetum:-

2007 3275 2011 3278 ·
2023 3257 2052 3292 A
2062 3268 2237 3308 rgumeuq
