2477 3643
650 85 1627 139 LinERIV.CAi›u·rVI.
1908 90 1996 166 μὶ,

179 210 187 215 .
215 173 276 218 In
302 167 424 216 hunc
448 167 582 216 finem
624 171 685 215 1⁰.
720 170 905 233 Sanguis
934 172 1065 235 paulo
1089 172 1253 236 largius
1284 173 1528 221 mittendus
1552 176 1613 223 est
1633 209 1647 229 ‚
1669 179 1717 223 &
1746 177 1993 230 mittendus

156 235 342 301 quidem
365 235 389 281 ὲ
412 233 526 299 pede
542 267 555 286 ,
579 250 627 280 ut
644 234 668 281 ὁ.
686 234 872 282 cerebro
891 237 1026 298 quam
1047 237 1291 301 longissime
1312 254 1542 285 avocetur.

222 300 287 346 2⁹.
313 299 523 363 Purgatio
555 299 712 346 iterata
737 317 829 345 non
860 303 1092 363 ignaviore
1120 303 1364 349 cathartico
1394 302 1621 351 molienda
1642 304 1732 357 est,
1762 302 1839 352 sed
1859 324 1983 356 eme-

154 364 248 411 tico
265 397 278 417 ,
295 381 386 427 quo
418 363 575 410 docuit
596 365 870 429 experientia
889 367 1063 415 cerebri
1087 366 1295 415 infardtus
1322 366 1665 434 qualescumque
1693 367 1981 422 efficacissime

154 426 319 476 discuti
341 429 410 475 vel
430 428 654 475 imminui.
1792 442 1795 445 '

223 502 286 555 30.
316 494 476 541 Balnea
491 493 542 540 ea
560 493 769 540 cautione
786 493 1042 541 adhibenda
1058 528 1070 548 ,
1093 513 1148 542 ne
1164 513 1324 545 noceat
1342 497 1476 562 capiti
1503 497 1641 545 nimia
1660 497 1880 563 sanguinis
1901 520 1980 548 co-

155 556 252 621 pia,
272 575 368 622 quae
387 557 441 604 ab
459 558 616 605 habitu
635 559 836 622 corporis
855 559 974 605 intro
1002 561 1230 624 repellitur
1254 580 1373 626 aquae
1392 563 1815 629 superincumbentis
1833 568 1978 630 gravi·-

156 635 248 676 tate
275 642 284 668 τ
308 624 386 669 Sin
405 622 524 670 secus
545 624 705 669 omiflis
725 624 892 670 balneis
911 623 1178 689 semi—cupiis
1197 628 1429 674 utendum.

216 693 288 745 4⁰.
326 691 449 734 Toto
480 689 811 753 praeparationis
842 705 1044 754 tempore
1070 723 1083 742 ,
1116 691 1209 736 imo
1237 694 1369 738 etiam
1409 709 1511 739 ante
1542 694 1902 758 praeparationem
1927 694 1976 742 in

151 748 279 796 usum
313 752 574 800 advocanda
597 752 695 798 sunt
731 753 954 805 remedia,
975 771 1069 817 quae
1095 756 1447 820 anti-epileptica
1466 758 1674 805 dicuntur
1691 794 1704 812 ‚
1733 759 1851 806 inter
1880 777 1977 822 quae

151 812 272 860 fania
293 816 561 881 potiffimum
588 818 735 865 valent
755 818 1032 888 pulveratum
1052 819 1250 865 cranium
1269 820 1463 867 hominis
1493 823 1689 870 violenta
1710 840 1854 870 morte
1872 842 1978 888 per-

148 880 317 944 empti3
340 882 505 944 ungula
521 883 634 929 alces
653 901 663 935 3
691 881 793 927 salia
815 882 1010 929 volatilia
1039 883 1288 946 viperarum
1302 920 1314 938 ‚
1334 887 1472 931 cranii
1493 887 1675 935 humani
1691 923 1702 942 ‚
1720 906 1859 936 cornu
1877 905 1977 935 cer-

149 944 392 1008 vi3pulvis
427 946 483 993 ad
519 963 736 1009 guttetam
765 965 777 999 ·‚
812 946 934 992 radix
961 947 1192 994 valerianae
1226 949 1425 996 silvestris
1455 951 1709 1014 pulverata3
1731 953 1976 1006 martialia3

151 1010 441 1056 Mercurialia
458 1044 470 1064 ‚
488 1011 728 1075 praesertim
756 1011 1004 1057 cinnabaris
1025 1013 1322 1060 antimonialis
1343 1021 1428 1061 &c-
1449 1032 1502 1061 ex
1522 1017 1681 1079 quibus
1703 1019 1823 1064 varie
1849 1036 1978 1064 com-

148 1074 300 1125 mixtis
323 1075 484 1121 confici
500 1075 673 1140 possunt
687 1075 781 1120 boli
804 1075 873 1121 vel
888 1077 1041 1139 opiatae
1061 1078 1189 1122 mane
1210 1083 1359 1141 jejuno
1380 1081 1631 1128 ventriculo
1648 1080 1945 1146 deglutiendae
1959 1114 1976 1136 ,

147 1137 478 1202 superbibendo
499 1139 710 1199 jusculum
734 1139 881 1186 radice
902 1142 1078 1204 paeoniae
1096 1142 1225 1187 maris
1245 1144 1495 1191 alteratum.
1553 1146 1556 1150 ‘

212 1208 265 1249 V.
301 1204 347 1249 Si
366 1204 412 1249 in
429 1220 673 1267 aegrotante
693 1203 811 1249 tibiae
836 1206 1017 1251 maculis
1045 1205 1255 1254 violaceis
1272 1242 1282 1262 ‚
1304 1208 1454 1255 lividis
1469 1243 1481 1262 ‚
1510 1209 1648 1273 nigris
1670 1210 1799 1257 variae
1816 1209 1924 1263 fint3
1943 1208 1975 1256 fi

147 1266 340 1330 gingivae
369 1269 526 1315 molles
545 1302 555 1321 ‚
577 1267 772 1332 fungosae
792 1302 803 1320 ,
836 1285 983 1332 putres
1009 1269 1207 1324 fuerint3
1236 1291 1326 1319 uno
1352 1272 1490 1320 verbo
1519 1273 1548 1318 si
1583 1274 1812 1321 scorbutus
1833 1274 1941 1321 adsit
1960 1309 1973 1328 ,

146 1332 221 1378 vel
247 1333 374 1378 status
391 1332 446 1378 ad
475 1332 731 1379 scorbutum
749 1333 975 1395 manifeste
994 1335 1209 1381 inclinans
1229 1372 1240 1390 ‚
1262 1356 1352 1384 uno
1373 1355 1445 1384 aut
1473 1338 1614 1385 altero
1634 1356 1736 1387 ante
1765 1357 1979 1404 praepara-

145 1396 317 1442 tionem
335 1396 486 1444 mense
509 1396 730 1461 sanguinis
756 1398 977 1459 dyscrafiae
998 1405 1043 1446 δεῖ
1059 1400 1339 1464 gingivarum
1358 1403 1587 1469 putredini
1616 1401 1770 1451 sedulo
1790 1404 1979 1453 meden-

151 1460 260 1507 dum
289 1462 348 1508 est
372 1460 573 1525 sequenti
592 1462 824 1509 methodo.

214 1527 273 1571 1⁰.
304 1527 543 1573 Utendum
562 1529 620 1574 est
638 1528 811 1587 jusculis
826 1562 839 1580 ,
855 1529 1125 1591 apozematis
1140 1562 1153 1582 ,
1168 1529 1334 1593 ptisana
1351 1548 1403 1577 ex
1422 1531 1615 1578 decoffls
1634 1532 1854 1581 radicibus
1869 1534 1978 1581 her-⁴

147 1587 304 1653 bisque
337 1591 716 1638 anti-scorbuticis
735 1610 746 1645 3
764 1609 867 1655 v.g.
890 1593 1109 1639 radicibus
1127 1595 1387 1659 polypodii,
1413 1596 1578 1660 lapathi
1607 1597 1805 1644 silvestris
1820 1634 1832 1652 ‚
1854 1599 1977 1663 lapa-

146 1652 214 1699 thi
233 1656 451 1717 aquatici,
474 1656 759 1702 aristolochiae
780 1656 979 1703 rotundae
994 1692 1006 1710 ,
1022 1658 1112 1710 ari,
1129 1659 1284 1723 lepidii
1298 1694 1310 1712 ,
1329 1659 1511 1723 raphani
1532 1662 1734 1707 rusticani
1750 1668 1838 1709 &c.
1856 1663 1977 1710 foliis

146 1719 409 1765 cochleariae
429 1754 441 1772 ‚
465 1721 718 1767 armoraciae
734 1754 745 1773 ,
765 1722 961 1767 nasturtii
985 1723 1206 1785 aquatici,
1225 1724 1495 1787 becabungae
1510 1760 1522 1777 ‚
1542 1725 1716 1772 hederae
1732 1728 1945 1774 terrestris
1961 1750 1977 1781 ,¹

144 1782 316 1848 lupuli,
338 1783 479 1831 salviae
493 1818 505 1836 ‚
533 1786 774 1848 argentinae
790 1819 804 1838 ‚
836 1803 974 1832 erucae
991 1820 1003 1839 ,
1023 1787 1110 1851 apii
1128 1821 1139 1839 ‚
1160 1788 1460 1849 chamaedryos
1477 1822 1490 1841 ‚
1519 1790 1828 1854 chamaepityos
1850 1798 1937 1838 &c.

215 1849 277 1893 2⁰.
324 1849 440 1895 Bolis
469 1866 542 1894 aut
581 1850 740 1914 opiatis
771 1867 823 1896 ex
864 1851 1074 1897 remediis
1105 1852 1300 1910 ejusdem
1329 1852 1534 1900 similisve
1563 1852 1767 1900 efficaciae
1786 1890 1798 1908 ‚
1831 1857 1978 1919 qualia

147 1909 249 1957 sunt
277 1929 429 1959 cortex
454 1914 737 1961 Winteranus
773 1914 861 1961 slve
888 1916 1057 1962 canella
1088 1916 1186 1962 alba
1206 1951 1217 1970 ,
1243 1919 1503 1981 gannaperis
1535 1918 1622 1966 five
1657 1936 1810 1966 cortex
1840 1925 1980 1967 Peru·

148 1976 302 2023 vianus
317 2011 330 2030 ,
353 1977 606 2025 schacarilla
621 2013 633 2031 ,
654 1978 807 2024 faecula
824 1979 982 2025 radicis
1002 1980 1064 2025 ari
1080 2014 1091 2032 ,
1109 1979 1260 2028 semen
1288 1982 1485 2027 nasturtii
1502 2015 1515 2034 ,
1533 2001 1687 2030 crocus
1707 1986 1864 2031 Martis
1884 2003 1984 2048 ape-

145 2041 265 2087 riens
307 2058 549 2106 caeteraque
588 2043 807 2089 martialia
825 2076 838 2096 ‚
879 2045 1173 2092 antimonium
1202 2047 1560 2112 diaplioreticum
1580 2081 1593 2100 ,
1623 2048 1806 2113 aethiops
1837 2050 1986 2097 mine-

148 2105 252 2159 ralis
268 2139 281 2158 ‚
299 2106 403 2153 salia
431 2107 631 2154 volatilia
655 2107 808 2153 omnia
829 2113 916 2153 &c.

211 2179 273 2232 30.
302 2171 440 2235 Aquis
459 2172 748 2219 minetalibus
767 2171 1054 2234 Chalybeatis
1071 2206 1082 2225 ,
1099 2190 1192 2236 quae
1224 2172 1444 2237 sanguinis
1463 2174 1651 2221 muriam
1671 2174 1821 2221 eluant
1843 2182 1885 2223 δε
1911 2177 1984 2224 vi·-

144 2234 306 2282 tiosam
328 2236 556 2283 craffitiern
581 2237 824 2284 emendent
843 2270 855 2288 ,
875 2238 1025 2300 quales
1049 2237 1146 2283 sunt
1164 2241 1217 2283 les
1249 2245 1380 2286 Eaux
1400 2241 1447 2287 de
1465 2246 1616 2305 forges
1637 2277 1652 2293 ,
1686 2240 1733 2285 de
1763 2245 1910 2307 Paffy,
1931 2243 1981 2290 de

148 2305 327 2363 Pougues
349 2339 363 2354 ‚
381 2301 429 2346 de
451 2307 541 2365 Spa
561 2339 575 2354 ,
596 2302 643 2347 de
660 2303 865 2361 Carenfhc
884 2339 898 2355 ,
918 2302 965 2346 de
985 2305 1090 2347 Vals
1111 2307 1197 2348 &c.

209 2373 278 2422 40.
311 2367 441 2411 Laete
460 2365 630 2411 asinino
651 2365 724 2411 vel
748 2365 930 2429 caprillo
951 2365 1120 2411 sincero
1139 2399 1150 2417 ‚
1179 2381 1251 2411 aut
1268 2366 1456 2413 vaccino
1476 2386 1574 2414 cum
1597 2367 1752 2414 addito
1766 2368 1822 2415 ad
1836 2387 1978 2433 aequas

149 2428 225 2475 vel
259 2428 317 2474 ad
346 2430 496 2474 tertias
525 2445 669 2492 partes
700 2429 888 2475 decosto
915 2429 1025 2493 ligni
1049 2430 1206 2482 sancti,
1225 2430 1357 2480 semel
1391 2432 1437 2477 in
1457 2432 1532 2480 die
1552 2466 1565 2486 ‚
1584 2433 1710 2479 mane
1733 2432 1978 2497 scilicetje·

146 2496 258 2556 juno
279 2492 555 2545 ventriculo·,
577 2494 648 2539 vel
669 2492 735 2539 bis
751 2527 763 2545 ,
785 2510 944 2557 nempe
960 2512 1089 2541 mane
1113 2501 1157 2541 δέ
1178 2495 1288 2541 sero.

216 2557 276 2619 5⁰.
307 2558 510 2619 Gingivae
531 2573 678 2620 putres
692 2590 703 2608 ‚
735 2556 909 2604 resectis
930 2558 1043 2622 prius
1068 2558 1213 2622 fungis
1228 2594 1240 2611 ‚
1258 2559 1287 2605 si
1308 2559 1384 2622 qui
1403 2559 1485 2606 sint
1503 2593 1515 2612 ‚
1541 2566 1585 2607 &
1614 2559 1852 2606 scarificata
1872 2560 1977 2609 fun-

148 2638 315 2685 gorum
335 2621 421 2667 basi
438 2655 450 2675 ‚
485 2620 721 2668 Lanfranci
749 2622 835 2667 coll
872 2623 938 2667 rio
955 2656 966 2674 ‚
990 2624 1062 2670 vel
1080 2662 1082 2664 ,
1099 2625 1252 2688 spiritu
1284 2625 1378 2670 salis
1399 2624 1554 2671 leviter
1577 2624 1825 2672 imbuendae
1853 2625 1977 2682 sunt,

150 2703 244 2748 quo
278 2686 501 2750 putredini
533 2702 791 2732 occurratur
812 2641 1022 2734 :beinde
1053 2689 1439 2752 gargarismatibus
1478 2688 1830 2736 fivelotionibus
1859 2692 1977 2737 anti-

153 2749 416 2796 scorbuticis
437 2750 730 2813 abstergenda:
752 2749 850 2796 sunt
871 2785 882 2803 ‚
898 2770 992 2814 qua:
1013 2770 1216 2816 parantur
1234 2771 1286 2800 ex
1306 2754 1415 2818 aqua
1437 2754 1535 2800 vitae
1554 2771 1654 2800 cum
1673 2754 1835 2801 additis
1856 2773 1973 2801 cam-

148 2814 294 2879 phora
313 2848 324 2864 ,
346 2814 551 2861 saccharo
587 2815 781 2861 candido
810 2821 855 2862 δε
884 2817 1078 2863 alumine
1098 2835 1259 2881 rupe03
1276 2819 1348 2864 vel
1368 2837 1420 2864 ex
1440 2818 1632 2865 decoctis
1651 2819 1848 2865 radicum
1868 2818 1974 2865 aris-

151 2878 359 2925 tolochiae
392 2880 588 2925 rotundae
619 2896 690 2924 aut
724 2879 913 2924 bistortae
932 2914 942 2931 ,
970 2881 1254 2927 strobilorum
1290 2883 1383 2946 pini
1407 2917 1418 2934 ‚
1453 2884 1630 2928 corticis
1668 2884 1973 2929 aurantiorum

150 2959 407 2990 amarorum
426 2975 438 2994 ,
461 2943 676 2989 foliorum
702 2948 746 2986 <Sc
774 2942 996 2989 fructuum
1023 2943 1228 2999 sumach,
1248 2963 1348 2992 cum
1378 2947 1532 2993 addito
1565 2945 1720 3012 spiritu
1740 2946 1834 2993 vini
1854 2965 1974 2994 cam-

151 3007 339 3074 phorato
362 3013 406 3052 δέ
427 3008 619 3053 alumine
640 3024 776 3069 rupeo
795 3006 850 3052 ad
871 3006 899 3052 s.
915 3025 959 3070 q.

213 3079 279 3117 6⁰.
319 3071 525 3133 Mitigata
558 3072 610 3117 iis
638 3070 847 3119 remediis
876 3071 1022 3117 morbi
1046 3071 1215 3121 feroci&
1234 3108 1249 3130 ,
1276 3074 1400 3139 quod
1435 3075 1491 3125 ad
1517 3090 1669 3124 caeteta
1687 3074 1976 3127 adhibebitur

153 3135 350 3201 vulgaris
370 3138 630 3202 praeparatio
650 3134 706 3182 ad
729 3135 1099 3200 hydrargyrosim.

2047 1230 2077 1263 ς.
2096 1219 2139 1256 In
2153 1217 2248 1259 scota

2019 1268 2167 1312 huticis.
