2477 3643
723 115 971 160 Ltnrn
1035 111 1119 158 11.
1185 109 1456 156 CAt‘uT
1517 109 1553 153 1.
1982 109 2044 165 87

206 197 407 246 Turcas,
441 191 471 238 fi
503 190 683 256 guttulae
712 191 882 256 aliquot
903 191 1022 257 puris
1051 185 1248 255 gossypio
1270 187 1341 235 vel
1366 187 1613 233 linamento
1639 201 1830 252 exceptae
1861 185 2043 253 superfi-

208 259 354 306 ciariis
382 258 493 304 cutis
525 256 701 302 summat
733 256 934 312 incisuris
962 252 1263 305 insinuentut‘3
1295 252 1388 297 imo
1420 252 1530 298 vero
1559 250 1676 316 apud
1703 251 1948 299 Chinenses
1967 287 1980 306 ,
2009 251 2042 300 fi

209 324 383 389 pustulae
414 323 581 385 aliquot
602 322 625 366 a
651 320 876 368 variolosis
899 321 1096 367 deciduoe
1115 315 1166 365 in*
1182 335 1308 364 nares
1328 317 1641 369 intrudantur-3
1668 316 1828 379 quidni
1847 314 2042 365 fermen-

210 404 306 434 tum
333 405 574 434 venereum
603 388 769 450 poterit
796 404 976 450 quoque
1008 403 1084 449 per
1114 383 1322 430 fomitem
1352 379 1591 427 transmitti
1618 381 1712 445 pari
1741 380 1911 426 ratione
1932 414 1944 432 ‚
1964 380 2041 429 sed

211 467 359 498 tamen
384 450 546 497 tardius
565 484 578 503 ,
609 449 798 497 debilius
818 486 828 504 ‚
859 449 1083 496 difficilius
1101 482 1112 501 ,
1137 448 1352 512 quoniam
1370 447 1639 493 fermentum
1658 445 1770 491 istud
1789 445 1930 491 altero
1950 444 2043 491 fer-

210 534 365 564 mento
389 514 557 563 densius
573 550 585 568 ,
609 515 778 561 ctassius
794 550 806 568 ,
836 515 961 561 fixius
980 516 1055 562 est.
1092 512 1262 562 Verum
1280 512 1402 558 enim
1424 510 1532 557 verb
1553 510 1718 557 vellem
1737 509 1878 555 multo
1898 509 2042 557 minus

217 582 425 629 eumdem
452 581 731 643 contagionis
753 580 938 626 modum
959 598 1042 644 pro
1065 593 1297 643 comperto
1325 576 1562 622 admittere
1584 609 1596 628 ‚
1628 575 1729 621 cum
1758 575 2043 638 experimen-

211 647 267 692 tis
285 680 296 698 ,
317 663 410 709 quae
437 646 564 690 omni
585 647 850 710 exceptione
880 649 1049 703 majora
1068 642 1150 688 sint
1169 677 1181 695 ,
1214 641 1416 687 nondum
1438 641 1605 704 liqueat
1621 674 1634 692 ‚
1654 640 1746 685 imo
1765 641 1920 685 contra
1942 658 2046 705 pro·-

212 710 371 757 babilis
390 708 576 774 suspicio
598 710 647 755 sit
665 711 838 756 adultos
857 708 1080 757 adultasve
1100 742 1112 760 ‚
1137 708 1214 771 qui
1237 708 1342 753 tales
1364 704 1512 752 morbi
1534 703 1677 750 causas
1696 702 1886 751 afferunt
1906 739 1919 757 ‚
1947 722 2044 751 me·-

211 775 317 822 liori
347 780 442 835 jure
470 775 590 820 luem
624 793 858 822 veneream
889 770 1158 836 acquisivisse
1177 807 1190 825 ,
1224 771 1302 818 sed
1332 789 1417 833 prae
1447 770 1619 834 pudore
1650 768 1928 816 diffimulare.
1972 771 2047 816 Sic,

212 840 429 905 Fallopius
454 842 654 885 TraHatu
682 842 729 885 de
760 839 917 886 Morbo
943 841 1104 885 Gallico
1121 876 1135 890 ‚
1163 852 1254 901 cap.
1286 853 1337 897 ¹3·
1371 832 1472 881 salse
1503 834 1659 881 irridet
1691 833 1907 898 quosdam
1927 868 1939 886 ‚
1968 834 2046 897 qui

217 921 267 951 ut
301 906 553 963 definderent
585 902 709 960 castas
739 920 945 949 matronas
976 936 987 954 ,
1029 903 1217 949 dicebam
1245 919 1308 946 eas
1331 899 1448 961 fmffi’
1474 897 1586 962 aqud
1617 898 1823 945 benedi&
1851 900 2048 959 infeflas,

206 971 283 1032 [ἑά
300 971 453 1029 infestio
472 971 547 1013 illa
563 1001 575 1020 ‚
597 968 744 1031 inquit
769 969 843 1014 ille
862 1002 872 1020 ,
894 968 1033 1014 habuit
1051 970 1235 1028 originem
1249 979 1324 1028 per
1342 982 1462 1010 unum
1480 967 1656 1027 asperges
1671 1003 1684 1017 ‚
1699 967 1783 1023 scio
1802 981 1882 1027 ego.

293 1038 392 1080 111.
429 1039 581 1096 ltaque
613 1034 820 1096 contagio
847 1033 917 1079 vel
939 1032 1026 1077 sola
1048 1032 1119 1077 vel
1151 1031 1356 1075 omnium
1386 1027 1736 1075 communiffima
1763 1046 1814 1074 ea
1842 1029 1930 1079 est,
1952 1044 2048 1091 quae

217 1097 267 1143 fit
286 1100 492 1143 contadhi
518 1097 780 1143 immediato
801 1098 956 1160 aegroti
974 1115 1076 1142 cum
1095 1095 1199 1141 sano
1220 1112 1353 1159 penes
1382 1109 1551 1158 partem
1569 1092 1761 1155 aliquam
1782 1127 1793 1144 ,
1826 1111 1916 1156 quo
1946 1091 2047 1139 sane

218 1165 387 1208 constat
415 1162 688 1226 experientia
711 1197 722 1214 ‚
753 1162 783 1207 si
813 1180 904 1208 non
936 1161 1107 1225 semper
1126 1194 1137 1211 ‚
1167 1175 1209 1204 at
1238 1157 1392 1204 saltem
1418 1156 1766 1220 frequentiffime
1796 1158 1915 1204 luem
1943 1175 2050 1203 con-

220 1228 338 1273 trahi
358 1261 371 1279 ,
402 1225 643 1291 praesertim
670 1226 700 1271 si
723 1227 952 1290 sequentes
970 1225 1254 1272 conditiones
1274 1222 1391 1269 forte
1415 1221 1673 1268 coincidant
1690 1255 1703 1274 ,
1724 1239 1883 1287 nempe
1900 1222 1930 1267 fi
1949 1241 2052 1286 par-

219 1307 310 1345 tes,
338 1309 433 1355 quae
462 1292 666 1336 contactu
692 1295 933 1355 junguntur
950 1325 962 1343 ,
992 1290 1199 1336 madeant
1225 1289 1414 1333 humore
1431 1321 1442 1339 ‚
1472 1287 1549 1350 qui
1578 1288 1742 1333 veneni
1768 1288 1952 1334 venerei
1979 1305 2053 1334 ve·-

220 1355 421 1403 hiculum
449 1354 530 1410 fit3
562 1353 590 1400 fi
618 1356 773 1402 molles
793 1390 805 1408 ,
834 1356 939 1401 laxae
958 1390 970 1408 ‚
1004 1371 1183 1402 veneno
1209 1353 1339 1398 facile
1372 1349 1666 1417 permeabiles
1691 1351 1772 1396 sint
1812 1370 1825 1405 ·‚
1863 1350 1893 1396 fi
1923 1368 2055 1397 natu·

223 1421 297 1474 ra,
325 1420 405 1466 situ
431 1421 503 1466 vel
531 1418 771 1468 fricatione
795 1420 999 1468 calefiant
1026 1426 1071 1466 δε
1103 1418 1324 1466 rarescant
1343 1450 1356 1470 ‚
1383 1433 1515 1480 atque
1543 1416 1657 1463 adeo
1687 1434 1910 1464 venenum
1931 1418 2056 1463 tanto

221 1485 394 1535 facilius
414 1484 653 1531 imbibant.

286 1551 406 1597 Hinc
440 1549 542 1595 cum
568 1549 691 1596 varia
719 1549 769 1594 sit
801 1553 846 1595 δε
876 1548 1107 1613 multiplex
1136 1546 1361 1594 contactas
1390 1545 1554 1611 species
1583 1579 1595 1599 ,
1637 1545 1684 1591 in
1713 1563 1803 1610 quo
1835 1545 2058 1592 conditio-

224 1633 301 1663 nes
319 1615 402 1661 illae
432 1613 555 1660 simul
582 1614 857 1680 reperiantur
876 1648 890 1667 ,
913 1613 1149 1678 multiplici
1166 1630 1348 1677 quoque
1369 1612 1573 1658 conta6m
1592 1613 1733 1676 potest
1754 1612 1847 1658 lues
1866 1629 2058 1659 venerea

223 1696 567 1728 communicari.

301 1754 361 1791 1⁰.
399 1742 495 1790 Usu
517 1742 691 1790 veneris
713 1776 725 1796 ,
746 1741 835 1789 five
860 1740 1020 1787 mulier
1041 1740 1143 1787 sana
1162 1739 1227 1786 sui
1247 1740 1423 1805 copiam
1444 1739 1577 1786 faciat
1595 1740 1696 1787 viro
1717 1738 1882 1786 infecto
1901 1773 1912 1792 ‚
1937 1743 2059 1800 cujus

226 1809 409 1857 balanus
441 1808 673 1855 ulcusculis
708 1804 920 1853 cancrofis
948 1805 1200 1853 obsideatur
1220 1840 1232 1858 ,
1263 1807 1335 1852 cui
1366 1805 1588 1852 virulenta
1618 1805 1726 1851 fluat
1757 1803 2059 1868 gonorrhoea,

228 1891 302 1922 aut
321 1875 474 1920 saltem
505 1878 626 1935 cujus
656 1873 806 1919 semen
825 1870 1012 1917 seminio
1032 1889 1227 1918 venereo
1257 1871 1541 1934 inquinetur3
1561 1869 1651 1916 five
1672 1869 1827 1915 contra
1846 1870 1914 1915 vir
1935 1868 2062 1918 sanus

227 1938 500 1986 concumbat
528 1956 629 1984 cum
657 1937 829 2002 impura
858 1936 1043 1982 foemina
1066 1970 1078 1988 ‚
1106 1940 1227 1997 cujus
1258 1934 1491 1981 muliebria
1519 1933 1751 1981 ulcusculis
1782 1934 2028 1981 erodantur
2046 1969 2063 1990 ,

229 2004 302 2051 vel
331 2003 498 2051 fluente
530 2002 802 2066 gonorrhoea
833 2000 1212 2065 conspurcentur‚
1246 2000 1318 2047 vel
1346 1999 1501 2046 saltem
1532 1999 1727 2047 seminali
1758 1999 1950 2046 humore
1971 2018 2066 2047 ma-

229 2069 366 2116 deant
380 2103 392 2121 ,
413 2069 490 2132 qui
508 2085 602 2114 non
619 2067 668 2113 sit
689 2067 850 2114 veneni
871 2067 1054 2112 venerei
1075 2066 1298 2112 immunis.
1336 2065 1567 2129 Siquidem
1584 2065 1630 2110 in
1649 2065 1797 2129 priore
1817 2064 1917 2110 casu
1934 2065 2066 2112 ichot

231 2134 518 2199 purulentum
536 2167 550 2186 ,
572 2132 698 2196 quod.
724 2132 747 2177 a
775 2132 938 2178 balano
961 2131 1158 2178 ulcerato
1186 2147 1335 2176 manat
1352 2164 1364 2182 ‚
1388 2146 1460 2176 aut
1492 2147 1752 2195 corruptum
1772 2128 1921 2177 semen
1941 2129 2066 2194 quod

232 2198 529 2253 eiaculatione
560 2197 779 2244 emittitur
802 2230 814 2250 ,
848 2197 989 2242 vulvae
1008 2231 1020 2249 ‚
1039 2196 1208 2259 vaginae
1230 2231 1242 2249 ‚
1264 2212 1392 2242 utero
1420 2213 1585 2242 venere
1616 2195 1891 2242 aestuantibus
1919 2195 2067 2241 adhae-

233 2279 333 2310 rent
362 2263 479 2309 allita
496 2297 507 2315 ‚
541 2261 661 2308 unde
688 2262 809 2308 luem
840 2262 1052 2323 variaque
1079 2261 1162 2306 luis
1190 2260 1482 2324 symptomata
1507 2259 1637 2307 brevi
1663 2259 1837 2305 illatura
1860 2258 1974 2305 sunt.
2012 2265 2067 2307 In

235 2329 376 2374 altero
411 2326 520 2374 verb
549 2325 752 2373 mentulae
782 2326 903 2389 glans
923 2360 934 2377 ,
963 2343 1016 2371 ex
1046 2325 1088 2371 se
1118 2326 1304 2388 quidem
1333 2323 1595 2389 spongiosa‚
1627 2324 1704 2370 sed
1734 2339 1837 2370 tunc
1867 2323 2067 2372 tensione

237 2392 418 2439 dilatata
436 2425 449 2444 ‚
482 2397 529 2438 δε
558 2390 777 2438 amatorio
809 2391 1060 2453 pathemate
1086 2389 1321 2455 impensius
1353 2389 1563 2437 rarefacta
1588 2388 1740 2435 tabum
1770 2389 1895 2452 quod
1923 2388 2068 2435 ulcus-

232 2457 345 2503 'culis
378 2456 625 2519 extergitur
646 2490 659 2508 ‚
686 2471 759 2501 aut
788 2454 1044 2502 seminalem
1073 2455 1310 2502 humorem
1335 2471 1512 2501 veneno
1541 2471 1735 2501 venereo
1765 2469 2067 2518 praegnantem

237 2539 372 2586 quem
392 2521 550 2568 mulier
571 2521 809 2581 ejaculatur
829 2520 875 2566 in
897 2520 1078 2566 vulvam
1097 2554 1108 2572 ,
1129 2521 1215 2566 alte
1236 2518 1418 2566 imbibit
1438 2554 1449 2571 ‚
1468 2518 1588 2566 unde
1610 2518 1750 2583 prima
1768 2519 1875 2564 mali
1893 2518 2029 2565 labes.

304 2585 520 2632 Creditur
555 2586 689 2632 etiam
716 2585 808 2632 lues
834 2586 858 2630 a
878 2585 978 2631 viro
1007 2584 1110 2631 sano
1133 2584 1340 2631 contrahi
1365 2584 1485 2649 poffe
1517 2601 1619 2629 cum
1650 2583 1836 2630 muliere
1858 2618 1871 2636 ,
1900 2601 1994 2646 quae
2018 2589 2066 2630 δε

238 2650 330 2715 ipsa
352 2650 453 2697 sana
474 2648 523 2695 fit
538 2684 550 2702 ‚
573 2649 602 2695 fi
621 2650 750 2714 paulo
772 2649 890 2714 prius
913 2650 987 2695 illa
1010 2667 1104 2696 rem
1133 2649 1339 2695 habuerit
1368 2667 1470 2695 cum
1499 2647 1667 2695 infecto
1685 2682 1698 2701 ,
1718 2653 1763 2694 ὃ(
1795 2647 1851 2694 ad
1876 2647 2066 2696 alterum

240 2715 367 2761 illota
397 2715 607 2768 accedat3
629 2715 999 2778 quandoquidem
1019 2715 1211 2778 reliquiae
1231 2713 1405 2761 seminis
1432 2713 1599 2778 putridi
1619 2714 1746 2778 paulo
1760 2714 1859 2759 ante
1874 2714 2066 2778 excepti,

246 2797 340 2843 quac
368 2780 415 2825 in
445 2796 574 2826 utero
596 2781 667 2826 vel
688 2780 847 2842 vagina
867 2780 1000 2825 etiam
1022 2796 1115 2825 tum
1144 2780 1307 2825 haerent
1326 2813 1338 2831 ,
1366 2778 1573 2825 balanum
1603 2778 1689 2824 viri
1719 2778 1849 2842 paulo
1866 2779 1957 2841 post
1983 2778 2068 2823 ad'-

247 2843 358 2890 rniffi
385 2844 557 2907 possimt
587 2845 681 2908 pari
720 2844 818 2890 labe
843 2845 1077 2906 inquinare
1095 2878 1105 2895 ‚
1126 2844 1215 2908 qua
1242 2843 1514 2890 virulentum
1540 2842 1716 2894 semen,
1736 2842 1861 2905 quod
1891 2841 1946 2887 ab
1974 2839 2068 2907 ips&

250 2908 442 2955 muliere
473 2910 752 2955 emitteretur
773 2942 782 2958 ,
803 2908 832 2953 fi
851 2908 1013 2955 infecta
1036 2906 1157 2954 esset.

312 2977 509 3018 Demum
535 2989 807 3036 quaecunque
834 2972 891 3018 de
910 2972 1180 3034 contagione
1199 2989 1252 3017 ex
1271 2970 1349 3016 usu
1377 2970 1587 3017 naturalis
1614 2968 1787 3016 veneris
1806 2968 1920 3014 dicta
1943 2967 2070 3023 sunt,

248 3036 417 3084 debent
442 3036 531 3082 haec
560 3037 719 3083 eadem
746 3036 936 3100 intelligi
962 3037 1019 3083 de
1035 3035 1114 3082 usu
1144 3035 1322 3101 pessimo
1347 3036 1522 3082 veneris
1543 3035 1805 3098 pi·aeposte1·ae
1826 3067 1838 3087 ,
1855 3032 1940 3097 qua
1958 3051 2070 3079 con-

249 3102 386 3166 tingit
406 3118 611 3165 agentem
634 3101 704 3148 vel
724 3101 964 3166 patientem
983 3136 995 3155 ‚
1015 3117 1146 3167 prout
1166 3100 1372 3147 alteruter
1388 3098 1740 3146 morboinfefitus
1758 3097 1892 3145 fuerit
1909 3131 1921 3151 ,
1948 3098 2070 3162 aeque

253 3168 461 3214 celeriter
487 3185 534 3212 ac
563 3165 700 3213 altera
722 3183 884 3213 venere
904 3185 998 3234 quae
1024 3166 1236 3214 naturalis
1255 3166 1315 3214 est
1333 3198 1347 3220 ,
1369 3165 1462 3213 imb
1492 3164 1669 3230 gravius
1690 3164 1825 3212 etiam
1856 3163 2071 3211 contami-

251 3232 352 3282 nari
369 3265 384 3288 ,
401 3247 449 3280 ut
469 3231 586 3280 infra
607 3230 886 3298 probabitur.

2130 1029 2196 1068 Sed
2211 1029 2327 1070 maxi-

2095 1085 2153 1121 me
2168 1096 2301 1122 conta·

2096 1137 2199 1189 gione
2224 1148 2285 1186 pet

2098 1188 2323 1232 contaetum.

2111 1748 2158 1788 ι’.
2174 1746 2254 1790 Usu
2270 1754 2338 1788 ve-

2109 1815 2210 1841 neris.
