2477 3643
673 108 1589 169 L1n2a1v.jCA·1=urV1.
1910 125 2007 173 345

164 191 225 244 ‘xit
252 189 419 242 laxiora
437 186 612 242 ilascula
634 198 680 240 &
701 192 983 240 vasculorum
1005 194 1185 241 stamina
1204 192 1426 256 sanguinis
1447 192 1726 240 attritionem
1748 197 1794 239 &
1813 193 2004 242 circula-

176 261 347 308 tionem
369 258 618 305 citatiorem
639 291 650 312 ,
672 258 914 303 humorum
933 257 1228 306 secretionem
1251 264 1294 305 ὃς
1317 257 1624 305 excretionem
1643 256 1898 303 uberiorem
1918 292 1930 310 ,
1956 264 2005 305 δε

173 324 419 390 Ρεῑῖεᾶὶαιῃ
444 321 762 369 resolutionem
787 322 968 368 obicum
1001 323 1290 371 renitentium
1309 356 1323 375 ,
1354 322 1383 368 si
1414 322 1493 383 qui
1521 321 1674 369 forsan
1704 321 1883 387 impasti
1914 322 2003 367 hae-

175 405 300 436 reant
320 422 331 441 ,
360 388 449 433 line
472 387 638 432 damno
661 388 852 432 tolerare
885 387 1057 450 pollint.

241 458 274 498 S
279 452 441 499 ecundb.
468 451 565 497 Usu
590 468 818 517 receptum
840 453 898 498 est
916 451 1198 515 generalibus
1216 451 1302 498 illis
1320 450 1671 497 indicationibus
1690 449 1891 514 sequenti
1907 466 2004 498 me-

179 517 323 564 thodo
347 516 611 563 satisfacere.

240 587 274 626 I.
322 587 446 628 Vena
485 581 688 628 tunditur
726 581 773 627 in
808 582 1022 630 alterutro
1060 581 1278 635 brachi0‚
1325 598 1457 647 atque
1494 579 1666 644 sanguis
1698 578 1920 626 emittitur
1948 579 2006 626 ad

233 662 304 704 xij.

237 715 305 756 11.
340 711 559 756 Praemiffo
583 712 762 772 clystere
790 710 1047 758 emolliente
1069 710 1359 756 catharticum
1391 711 1600 773 sequente
1632 708 1705 755 die
1734 708 2003 763 exhibetur,

177 792 260 839 pro
292 774 413 820 varia
440 777 692 838 aegrotantis
716 777 930 840 temperie
955 777 1127 820 varium
1145 808 1157 826 ‚
1185 775 1259 832 sed
1290 792 1336 821 ut
1368 773 1606 840 plurimum
1639 792 1693 820 ex
1729 773 1876 819 infuso
1910 790 1938 838 3
1957 775 2002 835 ij.

176 838 481 886 folliculorum
511 841 583 887 vel
618 840 834 886 foliorum
863 840 1002 886 {ennae
1041 839 1294 893 orientalis,
1329 846 1375 886 ὃς
1400 846 1471 904 5j.
1504 839 1600 885 salis
1633 839 1874 901 vegetaliS,
1902 856 2006 886 cum

180 904 346 950 additis
367 922 537 950 mannae
558 905 790 950 calabrinae
825 904 854 970 'g'
873 906 916 966 ij.

2069 497 2074 500 .
2102 460 2278 513 Vulgatis‘

2049 511 2245 549 methodus
2263 542 2275 556 ,

2048 565 2120 618 qua
2151 564 2277 607 iisdem

2050 615 2198 660 latisfit,

238 973 338 1014 111.
372 970 549 1016 Deinde
576 969 733 1015 balnea
757 987 874 1032 aquae
902 968 1150 1014 communis
1176 968 1333 1031 tepidae
1351 968 1621 1016 adhibentur
1640 1005 1650 1022 ,
1671 966 1804 1018 semel
1833 965 2009 1014 tantum
2046 959 2055 967 .

177 1033 226 1079 in
252 1033 325 1080 die
345 1065 358 1085 ,
384 1033 413 1078 si
446 1051 559 1097 aeger
591 1034 860 1080 imbecillior
883 1032 1012 1085 sit3s1
1039 1034 1147 1079 vero
1181 1031 1346 1078 fortior
1375 1033 1539 1086 fuerit,
1574 1035 1668 1088 bis,
1696 1032 1823 1081 mane
1854 1036 2008 1092 jejuno

176 1099 431 1144 ventriculo
450 1133 461 1150 ,
484 1105 530 1144 &
552 1096 726 1163 vesperi
755 1101 847 1162 post
866 1097 1114 1143 confestam
1138 1098 1311 1160 prandii
1333 1099 1689 1146 concoctionem.
1719 1105 1769 1145 In
1800 1097 2010 1161 quolibet

179 1162 340 1208 balneo
361 1163 693 1208 immorandum
713 1165 773 1209 est
801 1162 854 1208 ad
875 1162 1035 1207 horam
1059 1180 1192 1206 unam
1214 1195 1224 1212 ,
1249 1162 1320 1207 vel
1354 1163 1409 1208 ad
1436 1161 1738 1225 sesquihoram
1771 1182 1781 1217 3
1803 1161 2010 1208 caeterum

177 1228 225 1272 in
245 1227 503 1273 balneandis
521 1227 780 1274 mulieribus
799 1261 811 1280 ,
839 1245 931 1290 quae
957 1244 1132 1273 uterum
1162 1243 1319 1288 gerunt
1338 1260 1349 1278 ‚
1370 1244 1499 1272 cauto
1522 1246 1630 1292 opus
1650 1231 1709 1274 est
1724 1262 1736 1281 ‚
1765 1246 1821 1274 ne
1838 1227 2009 1273 balneis

177 1293 326 1339 nimiis
342 1307 415 1336 aut
435 1287 790 1337 diuturnioribus
809 1307 937 1338 utero
957 1309 1071 1336 noxa
1091 1290 1308 1336 inseratur
1323 1294 1337 1343 ,
1355 1292 1567 1355 causaque
1598 1293 1729 1338 detur
1761 1292 2007 1338 abortioni.

237 1361 326 1402 IV.
355 1357 622 1420 Propinatur
648 1356 854 1419 quolibet
879 1373 1008 1402 mane
1035 1357 1080 1400 in
1105 1355 1267 1401 balneo
1294 1357 1364 1402 vel
1394 1358 1438 1401 in
1469 1357 1581 1402 lecto
1610 1357 1780 1402 haustus
1808 1357 1893 1404 seri
1919 1356 2011 1401 lac-

176 1419 230 1465 tis
257 1421 510 1484 deputati,
549 1421 798 1482 chalybeati
830 1455 843 1473 ,
885 1426 929 1467 &
967 1419 1118 1466 infusis
1152 1420 1451 1483 chamaedryos
1472 1424 1498 1473 ⁴,
1550 1422 1749 1467 nasturtii
1785 1421 2009 1484 aquatici,

175 1484 378 1531 cerefolii
413 1491 504 1531 &c.
544 1485 664 1532 foliis
697 1485 868 1531 alterati
900 1504 911 1538 3
945 1486 1017 1531 vel
1040 1484 1251 1546 jusculum
1271 1503 1323 1531 ex
1346 1487 1466 1550 pullo
1486 1486 1733 1548 gallinaceo
1753 1519 1764 1538 ‚
1801 1502 1875 1531 aut
1895 1484 2011 1531 frus-

177 1549 273 1595 tulo
317 1550 458 1596 carnis
492 1550 688 1597 vitulina:
729 1568 829 1595 cum
861 1549 1058 1596 decoCtis
1097 1549 1248 1595 herbis
1277 1550 1574 1602 diluentibus,
1605 1549 1972 1613 refrigerantibus
1994 1581 2009 1602 ,

177 1614 443 1660 vulnerariis
463 1648 474 1664 ,
504 1632 663 1678 nempe
691 1615 893 1660 cichorio
920 1614 1099 1660 silvestri
1118 1647 1130 1665 ,
1161 1614 1419 1678 pimpinella
1438 1650 1449 1667 ,
1472 1615 1750 1677 agrimonia,
1775 1614 2011 1680 scolopen-

180 1678 283 1724 drio
306 1711 318 1730 ‚
347 1679 505 1741 capillo
532 1679 709 1725 veneris
729 1713 740 1730 ‚
775 1680 981 1725 nasturtio
1011 1678 1244 1741 aquatico,
1275 1685 1321 1724 &
1349 1679 1575 1725 similibus.

231 1748 285 1788 V.
317 1743 581 1789 Balneorum
607 1760 815 1789 numerus
842 1743 961 1788 certa
983 1743 1081 1805 lege
1109 1759 1202 1788 non
1222 1743 1463 1796 definitur,
1483 1743 1556 1789 sed
1576 1744 1720 1789 varius
1742 1741 1826 1790 esse
1845 1743 2009 1796 debet,

182 1812 229 1853 δε
269 1824 348 1871 pro
377 1808 688 1870 aegrotantium
723 1807 939 1870 temperie
983 1806 1165 1852 sicciore
1200 1807 1271 1851 vel
1304 1808 1560 1854 humidiore
1599 1812 1740 1868 major
1786 1808 2009 1854 minorve.

177 1877 347 1920 Rarum
380 1887 528 1919 tamen
558 1874 616 1918 est
645 1871 803 1918 balnea
831 1872 938 1917 citra
962 1872 1122 1918 decem
1150 1871 1371 1919 subsistere
1403 1889 1477 1918 aut
1506 1872 1739 1919 ascendere
1774 1873 1886 1918 ultra
1911 1872 2010 1919 sex-

178 1936 342 1983 decim.

241 2006 329 2046 VI.
357 1999 500 2045 Finito
522 1999 786 2047 balneorum
812 2000 890 2045 usu
908 2017 1020 2047 vena
1039 2001 1188 2047 denuo
1211 2001 1377 2047 secatur
1397 2001 1443 2045 in
1464 2000 1722 2065 plethoricis
1741 2033 1752 2051 ‚
1774 2018 1823 2046 ac
1843 2001 2013 2048 deinde

179 2065 366 2112 iteratur
395 2066 616 2129 purgatio.
646 2065 723 2111 Sin
752 2066 859 2111 verb
888 2066 1006 2110 nulla
1033 2065 1139 2111 adlit
1164 2066 1369 2129 plethora
1390 2099 1401 2117 ‚
1432 2084 1576 2128 neque
1605 2066 1687 2112 alia
1719 2082 1875 2127 urgeat
1905 2067 2012 2111 mit-

180 2129 307 2177 tendi
326 2128 548 2193 sanguinis
571 2130 788 2176 indicatio
804 2164 817 2182 ,
837 2129 994 2176 omissa
1016 2147 1138 2177 venae
1163 2130 1356 2178 sectione
1376 2147 1564 2196 purgans
1583 2129 1732 2177 denuo
1752 2129 2010 2193 praescribe·

181 2210 252 2241 tur
272 2228 283 2246 ,
315 2195 444 2256 quale
474 2193 682 2259 superius.

242 2264 314 2304 VI
335 2264 365 2303 1.
405 2263 515 2304 Sunt
534 2261 610 2322 qui
630 2258 837 2306 balneum
859 2258 990 2305 semel
1010 2274 1142 2322 atque
1159 2258 1321 2305 iterum
1342 2273 1539 2321 repetant
1565 2259 1656 2322 post
1687 2257 1800 2303 hanc
1819 2258 2005 2306 alteram

181 2323 526 2387 purgationem,
549 2339 595 2368 ut
629 2323 859 2370 fervorem
897 2324 1137 2369 cathartico
1175 2322 1404 2369 industum
1441 2337 1722 2385 temperent,
1754 2323 1878 2384 quod
1913 2324 2007 2387 ipse

181 2404 423 2450 numquam
442 2388 651 2450 improbo
673 2422 685 2440 ‚
711 2387 802 2432 imo
827 2388 872 2432 in
902 2386 1216 2450 :egrotantibus
1237 2386 1401 2433 biliosae
1420 2402 1723 2451 temperaturae
1752 2391 1796 2432 &
1828 2386 2015 2440 habitus

182 2449 374 2496 siccioris
397 2451 504 2496 utile
522 2451 608 2497 effe
626 2452 791 2511 judico.

244 2521 283 2562 V
301 2520 316 2560 Ι
335 2520 349 2560 Ι
370 2520 403 2561 Ι.
433 2515 656 2561 Caeterum
678 2532 775 2562 toto
799 2516 1124 2579 praeparationis
1144 2515 1281 2562 stadio
1303 2515 1545 2576 imperatur
1564 2515 1692 2560 diaeta
1722 2530 1972 2577 temperans
1989 2549 2004 2568 ,

176 2579 747 2641 humectans,·1·efrigerans
765 2599 817 2626 ex
837 2580 947 2626 cibis
978 2583 1176 2645 eupeptis
1208 2586 1251 2625 δε
1283 2580 1508 2640 euchymis
1525 2613 1539 2631 ‚
1566 2580 1792 2625 moderate
1816 2577 2006 2642 allump-

178 2644 234 2690 tis
252 2678 264 2697 ,
294 2650 337 2690 ὃς
361 2644 406 2689 in
427 2644 514 2707 qua
530 2645 553 2689 zi
574 2645 680 2691 vino
697 2679 709 2698 ‚
732 2663 900 2693 venere
942 2650 987 2691 δε
1026 2645 1247 2693 exercitiis
1265 2645 1413 2691 nimiis
1432 2659 1528 2690 tum
1553 2644 1752 2708 corporis
1785 2659 1878 2688 tum
1906 2644 2004 2689 ani-

182 2709 246 2753 mi
267 2725 487 2771 parcatur.

255 2777 273 2817 1
293 2777 347 2819 X.
382 2776 445 2818 Ex
471 2772 538 2818 his
563 2773 704 2836 liquet
728 2773 923 2837 graviter
950 2791 1027 2819 eos
1052 2791 1228 2825 errare,
1249 2772 1327 2835 qui
1356 2787 1509 2836 putant
1528 2789 1665 2834 aegros
1683 2772 1738 2817 ad
1757 2771 2003 2836 hydrargy-

182 2835 313 2882 roslm
339 2838 641 2899 praeparandos
667 2837 751 2884 effe
779 2838 986 2883 remediis
1013 2838 1398 2887 calefacientibus,
1428 2836 1601 2896 jusculis
1623 2852 1725 2897 νζ.
1758 2838 2001 2900 viperinis;

185 2900 377 2945 decoctis
403 2902 612 2952 Guaiaci,
637 2903 796 2947 Chinae
818 2935 829 2952 ,
847 2901 1167 2964 Sarsae-parillae
1198 2907 1244 2946 &
1277 2901 1480 2946 Sass'afras
1509 2918 1520 2951 3
1548 2901 1790 2963 praeparatis
1820 2905 2004 2947 Mercu-

180 2964 361 3010 rialibus
387 2965 559 3010 interne
587 2964 767 3028 sumptis
803 2970 885 3009 &0
933 2966 1014 3008 His
1047 2966 1167 3010 enim
1204 2964 1424 3026 sanguinis
1442 2963 1696 3014 fervorem,
1728 2962 1966 3012 ficciratem
1986 3001 2002 3020 ‚

182 3029 472 3075 acrimoniam
492 3044 653 3092 augent
673 3047 684 3077 3
704 3028 770 3073 his
791 3027 1038 3073 solidorum
1059 3028 1186 3074 fibras
1202 3062 1214 3080 ‚
1236 3029 1416 3073 stamina
1434 3061 1446 3079 ,
1472 3027 1570 3073 vasa
1596 3027 1756 3074 durant
1787 3030 2003 3093 crispant-

183 3110 268 3156 que
289 3112 298 3137 t
322 3093 441 3138 Hinc
474 3111 583 3156 ergo
607 3092 824 3139 Mercurii
844 3093 909 3138 vis
934 3094 979 3138 in
1007 3092 1265 3155 sanguinem
1285 3094 1421 3154 magis
1449 3092 1716 3139 tumultuosa
1732 3126 1744 3144 ‚
1771 3111 1827 3140 ne
1855 3095 2003 3142 dicam

179 3157 456 3218 incendiaria
489 3179 501 3216 3
537 3158 641 3207 hinc
669 3157 947 3207 excretiones
975 3158 1200 3224 parciores
1231 3163 1276 3206 δε
1305 3158 1497 3208 acriores
1517 3191 1532 3212 ‚
1566 3158 1672 3203 hinc
1703 3157 1884 3207 demum
1907 3160 2008 3218 fre-„-

1623 3226 1666 3269 X
1687 3240 1716 3269 x
1738 3225 1789 3286 ιι]
