2477 3643
415 131 485 195 23
761 123 870 173 DE
952 120 1948 171 MORBISVENEREIS,

420 212 527 258 dem
555 208 718 256 morbo
739 207 920 255 afflictos
938 241 952 261 ,
979 205 1081 252 cum
1097 205 1152 252 ab
1173 204 1354 269 incepto
1375 202 1785 267 bello-cogerentur
1813 201 2016 251 desistere
2039 206 2086 250 &
2103 204 2151 252 in
2170 202 2260 271 pafo*

421 277 554 322 triam
583 275 730 321 redire
746 308 758 327 ,
779 274 901 320 luem
916 306 929 326 ,
948 289 1083 335 quam
1100 272 1149 317 in
1169 275 1331 333 Regno
1351 268 1658 332 Neapolitano
1682 282 1982 332 conceperant
1998 302 2010 321 ,
2026 270 2258 335 Neapoliss¹

423 357 576 387 tanam
593 337 858 404 nuncupasse
879 356 890 383 z
913 335 1137 401 Hispanos
1157 336 1264 382 vero
1279 369 1291 386 ,
1311 332 1533 397 Italosque
1553 366 1566 386 ,
1586 332 1688 379 cum
1706 332 1911 395 ignorat&
1939 333 2089 380 morbi
2121 335 2257 382 caus&

424 404 677 472 persuasum
703 404 921 450 haberent
955 401 1167 448 morbum
1205 416 1408 451 novum,
1440 415 1576 462 quem
1604 398 1886 463 patiebantur
1906 432 1919 451 ,
1951 395 1975 443 a
2006 399 2144 445 Gallis
2176 401 2259 446 de·-

424 473 602 518 vecstum
633 475 680 516 &
715 467 1093 515 communicatum
1126 464 1254 511 fuisse
1271 498 1291 517 γ
1309 463 1530 509 Gallicum
1547 463 1757 510 eumdem
1779 462 2058 527 appellavisse
2079 497 2092 516 ‚
2126 465 2269 528 quale<

423 552 595 582 nomen
621 534 868 581 etiamnum
896 531 1063 578 retinet
1089 548 1183 577 non
1205 529 1343 576 modo
1362 529 1408 576 in
1427 527 1581 580 Italia,
1601 527 1677 575 sed
1695 529 1743 573 in
1762 527 1855 572 tota
1874 526 2035 573 Africae
2056 528 2135 574 ora
2149 563 2162 581 ‚
2183 545 2260 574 to·-

425 617 566 663 toque
597 599 796 646 Turcico
828 596 1054 662 Imperio,
1079 593 1322 661 praesertim
1348 594 1396 640 in
1424 592 1590 640 cunCtis
1624 591 1730 639 Afiae
1765 592 2009 656 portubus,
2033 593 2111 657 qui
2145 593 2266 640 mari

428 665 601 713 adstant
623 664 982 713 Mediterraneo.

485 729 629 777 Addit
646 730 722 775 ille
743 728 850 775 dein
868 727 912 774 se
929 727 1105 772 allatam
1123 724 1273 770 morbi
1290 721 1448 769 Gallici
1464 722 1690 786 originem
1707 739 1862 768 veram
1880 723 1965 769 esse
1980 723 2262 788 experimen·-¹

427 794 484 841 tis
511 810 791 858 compertum
809 791 1010 838 habuisse
1034 810 1045 844 ;
1068 794 1201 837 Suem
1233 789 1400 834 scilicet
1419 787 1546 834 domi
1576 786 1835 849 aliquandiu
1869 787 2098 835 nutriviffe
2126 804 2262 835 carne

427 858 614 924 porcina
639 858 808 905 caeteris
830 857 1008 903 cibariis
1030 854 1208 901 admista
1226 888 1237 906 ‚
1257 853 1377 899 unde
1398 853 1527 899 brevi
1559 851 1626 898 sus
1652 851 1830 915 pustulis
1857 850 1996 897 obsita
2012 886 2023 904 ,
2050 852 2275 917 lapfisque’

428 924 531 970 setis
546 923 697 987 glabra
716 923 853 969 fuerit
871 940 881 967 ι
901 921 1069 967 Pariter
1088 937 1242 965 canem
1262 919 1372 963 duos
1392 917 1562 964 menses
1588 916 1745 963 canina
1764 934 1895 962 carne
1917 917 2066 963 aluisse
2082 951 2094 970 ,
2119 919 2197 980 qui
2211 916 2266 962 sl-

428 990 527 1035 mili
553 987 744 1045 successu
769 987 946 1052 pustulis
974 986 1125 1050 plenus
1147 985 1259 1048 pilos
1279 981 1474 1029 amiserit
1496 1002 1505 1028 ε
1523 986 1718 1028 Demum
1739 981 1942 1045 accipitri
1963 982 2102 1027 cicuri
2121 982 2276 1036 escam-

429 1071 484 1100 ex
512 1071 643 1099 carne
664 1053 813 1099 avium
835 1050 1035 1113 ejusdem
1059 1050 1219 1113 speciei
1247 1048 1506 1111 aliquandiu
1527 1043 1733 1092 obtulisse
1751 1080 1762 1097 ,
1796 1048 1916 1092 unde
1947 1046 2036 1091 cito
2073 1046 2265 1094 evaserit

432 1119 670 1182 pustulatus
690 1123 735 1163 &
757 1116 976 1181 deplumis
998 1135 1006 1160 :
1030 1116 1149 1160 Hinc
1171 1113 1401 1160 concludit
1418 1111 1626 1158 animalia
1654 1111 1817 1174 quaevis
1832 1145 1844 1163 ,
1879 1110 1908 1155 fi
1938 1128 2069 1157 carne
2096 1111 2267 1158 anima-

431 1184 543 1229 lium
579 1182 643 1228 fui
686 1182 862 1245 generis
902 1181 1156 1227 nutriantur
1188 1213 1202 1233 ,
1249 1178 1419 1224 Morbo
1456 1177 1629 1223 Gallico
1661 1209 1674 1229 ‚
1708 1177 1779 1222 vel
1811 1176 1889 1240 qui
1918 1177 2095 1222 Gallico
2134 1177 2265 1241 plane

434 1264 662 1310 congenet
686 1247 736 1292 fit
752 1281 765 1299 ,
788 1263 1045 1310 correptum
1065 1245 1135 1290 iri.

498 1312 588 1359 Sed
605 1312 694 1358 haec
713 1310 943 1358 credulum
965 1326 1039 1356 aut
1058 1325 1223 1355 vanum
1244 1312 1295 1353 &⁷
1312 1305 1574 1353 mendacem
1593 1303 1845 1350 Fioravanti
1875 1304 2072 1351 animum
2090 1339 2102 1357 ,
2126 1302 2268 1368 qualis

431 1377 709 1441 Empiricum
733 1376 863 1422 decet
879 1409 892 1428 ,
910 1375 1144 1421 manifeste¹
1156 1387 1357 1435 arguunt.
1378 1375 1500 1418 Nam
1527 1379 1588 1415 10.
1608 1369 1769 1416 Afferit
1789 1369 1899 1415 falso
1919 1370 2036 1415 luem
2053 1370 2270 1415 Gallicam

432 1443 568 1489 Italiae
592 1439 834 1487 innotuiffe
861 1440 976 1485 circa
996 1456 1160 1485 annum
1184 1444 1321 1498 1456.
1348 1454 1437 1499 quo
1469 1435 1655 1499 quidem
1674 1450 1877 1499 tempore
1897 1438 2089 1487 Ioannes
2108 1431 2272 1480 Renati

433 1507 576 1554 Ducis
605 1507 805 1553 Andium
838 1504 951 1551 filius
983 1509 1030 1551 δε
1058 1501 1268 1549 Alfonsus
1288 1507 1341 1548 V.
1371 1504 1653 1563 Arragonum
1669 1503 1764 1545 Rex
1788 1499 1844 1545 de
1869 1504 2029 1561 Regno
2051 1500 2272 1564 Neapoli-

430 1588 544 1618 tano
564 1570 687 1618 bello
711 1571 993 1617 diuturniore
1015 1567 1242 1616 certavere
1261 1601 1273 1619 ,
1296 1566 1421 1617 cum,
1444 1582 1491 1610 ut
1513 1564 1639 1628 supra
1659 1564 1852 1610 vidimus
1867 1599 1879 1616 ,
1902 1564 2073 1610 Medici
2095 1566 2173 1627 qui
2192 1563 2274 1610 de-

432 1636 605 1683 finente
627 1635 779 1681 saeculo
803 1634 981 1682 decimo
1009 1634 1168 1698 quinto
1196 1632 1240 1676 in
1263 1630 1388 1676 Italici
1420 1630 1640 1681 floruere,
1675 1629 1792 1674 luem
1827 1647 2068 1675 veneream
2104 1630 2152 1674 in
2183 1634 2282 1674 Ita--

438 1702 499 1749 lia
527 1717 629 1747 ante
653 1717 820 1748 annum
851 1717 993 1759 1494,
1015 1696 1257 1764 plenissime
1288 1696 1537 1759 ignoratam
1568 1692 1695 1740 fuifle
1717 1711 1872 1740 omnes
1903 1711 1994 1740 uno
2027 1711 2106 1741 ore
2131 1693 2282 1740 confi-

439 1782 638 1814 ⁴reantur.

511 1840 575 1877 20.
599 1829 793 1877 Temere
815 1827 959 1875 credit
980 1826 1099 1873 luem
1119 1842 1358 1872 veneream
1378 1858 1391 1877 ,
1411 1824 1620 1870 morbum
1647 1822 1818 1870 scilicet
1849 1822 2113 1869 chronicum
2131 1857 2142 1875 ‚
2170 1821 2270 1886 spo-

439 1896 642 1943 radicum
661 1929 673 1949 ,
693 1895 771 1958 qui
796 1911 964 1940 venere
989 1892 1267 1938 contrahitur
1283 1924 1295 1942 ,
1317 1890 1395 1952 qui
1414 1889 1533 1935 lenta
1553 1888 1654 1934 tabe
1674 1906 1832 1952 corpus
1850 1889 1977 1934 vitiat
1996 1922 2009 1940 ‚
2038 1887 2113 1934 efu
2134 1887 2277 1932 carnis

437 1961 645 2007 humanae
678 1965 724 2006 ὃ(
752 1958 1021 2023 potiffimum
1051 1955 1298 2001 morticinae
1320 1953 1504 2006 inferri,
1532 1952 1631 1998 cum
1654 1953 1676 1997 ὲ
1697 1970 1854 1998 contra
1885 1970 2035 1998 acutos
2071 1952 2241 1998 tantum
2262 1984 2275 2004 ,

439 2024 716 2090 epidemicos
735 2057 748 2076 ‚
767 2023 1014 2088 pestilentes
1037 2019 1213 2066 affectus
1235 2019 1338 2064 hinc
1358 2018 1512 2064 induci
1533 2016 1652 2081 poffe
1672 2016 1948 2063 manifestum
1969 2017 2036 2062 sit.

508 2099 570 2152 30.
602 2089 828 2136 Fallaciter
855 2085 1084 2132 concludit
1113 2084 1322 2130 animalia
1346 2084 1510 2145 quaevis
1529 2116 1541 2134 ,
1571 2081 1600 2125 si
1630 2099 1762 2127 carne
1795 2081 2053 2127 animalium
2079 2079 2280 2139 ejusdem

443 2153 471 2201 s
496 2155 607 2201 eciei
641 2153 925 2204 nutriantur,
957 2148 1187 2196 doloribus
1217 2154 1260 2194 &
1293 2147 1468 2212 pustulis
1503 2146 1630 2192 brevi
1663 2146 1859 2210 corripi,
1890 2152 1937 2192 δε
1966 2147 2159 2210 pilorum
2196 2146 2280 2192 ἀει-

442 2174 567 2267 §lium
586 2217 864 2282 glabrescere
884 2234 936 2262 ex
959 2216 1032 2261 lue
1053 2213 1248 2260 venerea
1265 2247 1277 2265 ,
1306 2211 1407 2257 cum
1435 2211 1547 2257 mihi
1577 2211 1701 2256 certo
1729 2213 1894 2257 constet
1914 2211 1960 2256 in
1982 2228 2090 2257 cane
2109 2244 2121 2262 ,
2145 2227 2284 2272 quem

442 2283 517 2331 sex
545 2282 763 2331 menfibus
786 2298 919 2327 carne
946 2277 1105 2326 canina
1131 2278 1242 2324 olim
1274 2277 1477 2330 nutrivi,
1505 2274 1616 2322 nihil
1644 2275 1889 2339 quidquam
1917 2274 2055 2321 fimile
2084 2291 2280 2337 unquam

447 2348 740 2396 observatum-
766 2346 915 2392 fmflb..

509 2414 667 2460 Valeat
696 2429 812 2474 ergo>
832 2409 1029 2456 falsus&
1050 2408 1183 2453 fallat<
1202 2405 1424 2452 fabulator
1447 2422 1546 2450 cum
1577 2404 1652 2451 suo
1682 2404 1880 2451 paschali
1900 2403 2123 2449 Gibilotto
2146 2437 2157 2454 ,
2176 2403 2282 2449 teste

444 2478 606 2540 ignoto
627 2512 639 2530 ,
675 2478 780 2523 teste
809 2475 941 2521 unico
977 2507 990 2526 ,
1035 2474 1139 2519 teste
1170 2470 1341 2516 tantum
1379 2471 1522 2515 aurito
1545 2503 1556 2521 ,
1589 2472 1691 2516 teste
1725 2470 1869 2515 mimis
1901 2469 2069 2514 idoneo
2107 2467 2185 2530 qui
2224 2467 2282 2512 de

447 2560 497 2589 re
537 2546 625 2602 jam
659 2557 762 2587 ante
791 2556 972 2586 centum
1017 2554 1156 2583 annos
1187 2534 1362 2600 peracta
1392 2534 1691 2580 testimonium
1729 2534 1869 2581 ferret
1892 2567 1904 2585 ,
1937 2535 2040 2578 teste
2070 2532 2148 2595 qui
2182 2547 2282 2576 cum

447 2607 556 2652 ‘nota
582 2606 647 2653 rei
674 2605 864 2653 veritate
892 2603 1040 2667 aperte
1068 2616 1264 2666 pugnat,
1289 2600 1473 2646 demum
1497 2600 1600 2644 teste
1625 2598 1856 2663 decrepito
1883 2604 1927 2644 δε
1957 2595 2095 2644 dubio
2126 2594 2295 2660 procul?

447 2671 617 2718 deliro.

513 2734 634 2781 Mihi
659 2731 860 2796 profecte>
885 2730 1009 2776 dolet
1037 2729 1159 2793 quod
1187 2726 1436 2775 Franciscm
1456 2731 1569 2772 Baco
1598 2727 1654 2773 de
1675 2726 1968 2777 Verulamio,
1989 2725 2059 2771 vir
2090 2724 2284 2771 doetiffi„

445 2818 546 2847 :mus
580 2805 626 2845 &
659 2799 705 2842 in
727 2796 854 2842 rebus
875 2794 1057 2858 phyficis
1077 2812 1157 2857 pro
1176 2791 1248 2837 sua
1267 2808 1392 2837 aetate
1420 2792 1615 2856 apprime
1634 2790 1828 2837 versatus
1849 2807 1939 2836 tam
1957 2788 2121 2836 insulso
2153 2808 2281 2836 com-

448 2882 607 2911 mento
642 2864 851 2925 deceptus
881 2857 1031 2905 fuerit.
1075 2856 1384 2905 Nihilominus
1418 2872 1566 2901 tamen
1603 2873 1695 2902 non
1731 2855 2091 2901 diffimulandum
2125 2854 2292 2901 censeo<

451 2947 558 2976 eum
585 2929 650 2973 ita
675 2920 912 2990 deceptum
942 2923 1027 2970 effe
1046 2957 1058 2976 ,
1087 2939 1135 2969 ut
1163 2939 1256 2967 non
1286 2921 1423 2967 modo
1451 2919 1554 2966 huic
1585 2920 1761 2967 fabella:
1784 2919 1920 2966 fidem
1951 2919 2044 2984 ipse
2074 2918 2286 2965 adhibue-

453 2994 547 3045 rit,
576 2991 653 3038 sed
685 2991 834 3038 eidem
868 2988 984 3052 apud
1016 2987 1124 3034 alios
1153 2987 1289 3033 fidem
1320 2985 1470 3032 facere
1503 2985 1729 3038 voluerit3
1764 3003 1912 3048 eoque>
1945 2983 2125 3030 consilio
2162 2982 2289 3028 illam-

455 3056 664 3122 opetibus
691 3052 998 3101 suis'insercre
1022 3070 1115 3099 non
1141 3051 1404 3098 dubitavisse
1423 3085 1435 3103 ,
1464 3050 1538 3095 sed
1562 3049 1681 3114 prius
1709 3048 2044 3114 quodammodo
2074 3046 2291 3093 refectam

445 3128 505 3168 ὃς
537 3119 878 3185 interpolatam,
903 3134 952 3164 ut
967 3116 1226 3164 credibilior
1254 3115 1373 3162 ess'et.
1400 3117 1518 3161 Galli
1535 3153 1550 3167 ,
1579 3115 1755 3178 inquit,
1786 3118 1921 3177 Sylvae
1951 3115 2172 3174 Sylvarmn·
2192 3114 2291 3172 five

461 3185 649 3247 Hister-loe
668 3186 932 3239 Naturalis·,
958 3188 995 3233 C
999 3198 1126 3233 entur.
1148 3199 1179 3229 1.
1201 3185 1321 3233 arcic-
1340 3188 1406 3228 26.
1430 3179 1456 3225 22
1479 3179 1619 3245 qnibus
1647 3180 1802 3233 morbus
1823 3179 2131 3243 Neapolitanus
2159 3177 2286 3232 deno-7
