2477 3643
584 126 1664 189 anenIV-CAPUTVIIJ.
1903 138 1998 194 *3‘71-

165 213 452 283 proroganda
468 245 482 264 ,
501 225 550 257 ut
571 210 695 274 quod
714 210 768 257 ad
788 208 1086 257 intensionem
1106 214 1152 256 ὅ(
1169 207 1413 255 efficaciam
1432 207 1583 256 forsan
1614 210 1734 259 deest
1753 245 1766 266 ,
1789 217 2002 281 temporis

176 279 470 328 diuturnitate
491 275 817 340 compensetur.

234 352 302 401 4⁰.
342 342 387 389 Si
417 341 649 404 contingat
679 339 788 387 vero
818 356 866 386 ut
892 338 1042 386 locliia
1069 339 1394 405 supprimantur
1415 371 1428 392 ‚
1470 338 1542 386 vel
1584 340 1755 404 parcius
1782 357 2000 399 manent‚'

208 409 271 454 ari
299 407 474 472 prorsus
501 405 720 452 methodo
756 405 1029 452 medendum
1057 407 1139 458 est,
1170 423 1218 451 ac
1249 405 1278 450 si
1310 404 1536 468 therapeia
1562 407 1836 453 mercurialis
1869 410 1999 455 adhi-

175 425 270 520 bita
289 490 379 518 non
400 469 547 518 fuisset
561 505 572 522 ‚
600 489 760 536 nempe
779 472 1011 532 clysterum
1029 471 1311 517 uterinorum
1328 468 1436 521 usu,
1470 488 1593 517 venae
1620 470 1812 519 sectione
1832 473 1877 521 in
1897 472 2002 520 bra..

177 538 282 585 chio
301 537 370 584 vel
389 536 435 582 in
456 537 545 582 talo
572 554 653 600 pro
671 535 977 601 suppressionis
1004 536 1141 581 modo
1170 541 1214 581 δε
1238 535 1406 599 gradu,
1428 539 1763 602 emmenagogis
1796 537 1971 585 blandis
1988 571 2004 592 ‚

177 600 518 668 purgationibus
539 606 626 646 &c.
647 620 740 664 qua:
761 618 852 646 non
875 600 972 646 sunt
990 600 1115 658 liujus
1133 601 1236 646 loci.

240 674 302 729 5⁰.
324 664 548 713 Caeterum
568 665 786 712 infantem
805 700 816 718 ,
836 664 866 710 fi
886 666 1008 711 vivat
1025 699 1037 717 ,
1057 665 1081 710 ὁ.
1099 682 1239 711 matre
1257 664 1408 711 lastari
1426 664 1598 713 necesse
1618 668 1676 712 est
1692 701 1704 720 ‚
1725 682 1771 713 ut
1791 667 1819 712 s1
1835 668 1906 713 lue
1923 685 2005 714 ve-

177 731 308 778 nerefi
347 732 593 778 etiamnum
618 730 734 777 forte
757 731 927 777 laboret
949 764 960 781 ‚
992 747 1074 775 ceu
1098 729 1270 775 laborat
1299 731 1562 794 pierumque
1595 733 1771 796 quoties
1801 733 2006 779 nondum

178 795 380 842 absoluta
409 797 640 843 curatione
664 797 710 841 in
738 797 884 842 lucem
909 795 1055 857 editur
1076 829 1088 847 ,
1118 795 1362 858 profligatis
1390 795 1465 840 usu
1491 797 1610 842 laCfis
1638 798 1855 850 materni,
1878 797 2006 861 quod

173 861 513 908 mercurialibus
531 862 688 907 atomis
707 861 936 924 turgidum
957 861 1014 906 est
1030 894 1043 912 ‚
1063 860 1256 907 morbosi
1274 859 1448 907 seminii
1466 861 1663 926 reliquiis
1678 863 1861 927 integrae
1877 864 2000 911 resti-

181 942 327 973 tuatur
346 926 609 972 valetudini.

239 997 278 1037 V
297 997 330 1037 Ι.
370 989 766 1055 Hypochondriaci
789 1024 800 1041 ‚
826 990 903 1054 qui
923 988 1078 1036 natura
1104 988 1348 1036 meticulosi
1364 988 1488 1041 sunt,
1512 990 1699 1037 remedii
1720 992 1851 1038 taedio
1871 1027 1884 1045 ‚
1905 992 2007 1038 diu-

178 1057 389 1102 turnitate
411 1090 422 1107 ,
447 1056 606 1102 dolore
627 1055 717 1100 cito
736 1053 865 1101 fracti
887 1056 1117 1100 curatione
1139 1054 1324 1117 quidem
1342 1052 1494 1100 affetstzi
1514 1056 1569 1101 de
1595 1055 1730 1102 salute
1748 1056 1979 1121 desperare
1994 1091 2007 1110 ,

175 1119 380 1167 confecta
406 1121 515 1167 vero
542 1120 599 1167 de
617 1119 873 1166 valetudine
893 1118 1034 1165 solent
1056 1117 1261 1164 diffidere
1280 1152 1291 1168 ,
1313 1136 1360 1164 ac
1388 1120 1435 1164 in
1453 1136 1640 1184 utroque
1658 1119 1758 1168 casu
1778 1122 2010 1170 medentes

175 1184 349 1232 assiduis
368 1185 662 1248 querimoniis
681 1201 869 1231 enecare
889 1190 932 1229 δε
956 1185 1218 1247 plerumque
1237 1182 1325 1230 sine
1347 1184 1486 1229 causa.

238 1253 428 1296 Certum
454 1252 513 1296 est
539 1267 641 1296 cum
669 1249 754 1294 illis
785 1249 1023 1295 cautissime
1055 1248 1391 1313 procedendum
1417 1249 1501 1295 effe
1523 1282 1535 1302 ‚
1563 1265 1610 1295 ut
1640 1251 1716 1313 qui
1742 1249 1896 1296 morbi
1923 1250 2013 1295 im-

178 1315 398 1379 patientes
427 1313 507 1359 fint
526 1348 537 1365 ,
568 1313 721 1359 omnia
750 1330 846 1360 tuta
871 1329 1087 1367 timeant,
1116 1332 1164 1359 ac
1193 1331 1274 1377 pto
1303 1312 1445 1359 nihilo
1471 1331 1678 1379 portenta
1704 1315 1783 1360 sibi
1809 1314 1977 1377 fingant
1996 1349 2010 1368 ,

176 1379 340 1442 quibus
371 1377 557 1425 mirifice
593 1380 943 1426 consternantur.
983 1384 1136 1442 Itaque
1159 1379 1290 1424 bonis
1317 1378 1466 1426 verbis
1491 1379 1699 1442 erigendi
1714 1378 1814 1425 sunt
1833 1412 1845 1431 ,
1865 1397 2012 1442 quan-

179 1445 261 1490 diu
284 1443 509 1507 therapeia
535 1444 810 1491 mercurialis
829 1444 960 1490 durat
980 1478 991 1495 ‚
1021 1462 1077 1490 ne
1097 1444 1248 1490 animo
1267 1442 1577 1507 despondeant
1592 1477 1605 1496 ,
1626 1444 1749 1507 quod
1770 1460 2015 1508 numquam

180 1508 479 1574 periculosum
506 1525 599 1554 non
626 1510 711 1562 ests
743 1508 868 1555 finita
895 1509 1004 1556 vero
1031 1509 1263 1554 curatione
1290 1507 1529 1555 manifestis
1558 1510 1782 1555 rationum
1804 1526 2015 1555 momen·

178 1574 233 1619 tis
264 1573 513 1637 arguendi,
547 1589 595 1619 ut
623 1573 680 1620 de
703 1574 961 1621 valetudine
983 1571 1163 1619 diffiteri
1189 1573 1458 1619 nullomodo
1487 1573 1660 1638 poffint.
1698 1574 1787 1620 Sed
1814 1573 1860 1618 in
1889 1590 2014 1619 utro-

176 1655 264 1701 que
287 1637 391 1683 scias
412 1637 548 1684 velim
571 1637 813 1701 plurimum
832 1638 966 1684 ineffe
996 1636 1268 1685 difficultatis
1296 1655 1345 1683 ac
1371 1637 1534 1684 laboris
1553 1657 1564 1692 3
1590 1643 1642 1684 In
1669 1641 1738 1684 illo
1756 1678 1771 1692 ,
1787 1637 1910 1701 quod
1930 1639 2015 1698 hy-

177 1702 507 1766 pochondriaci
539 1719 593 1747 ex
623 1704 779 1750 vivida
809 1702 1041 1766 phantasiae
1068 1704 1142 1755 vi,
1172 1703 1259 1767 qua
1284 1702 1473 1748 multum
1501 1703 1680 1755 valent,
1701 1703 1851 1749 morbi
1871 1701 2014 1766 specie

179 1766 358 1831 gravius
388 1763 503 1812 affici
529 1765 701 1813 soleant
717 1803 729 1820 ,
752 1769 887 1829 quam
908 1768 1108 1832 plerique
1128 1768 1200 1813 alii
1219 1766 1383 1813 morbo
1402 1765 1498 1831 ipso
1522 1787 1531 1813 :
1563 1774 1616 1816 In
1639 1769 1710 1814 hoc
1728 1807 1742 1821 ‚
1763 1767 1882 1831 quod
1913 1766 2014 1813 cum

177 1832 322 1878 caeteri
345 1831 392 1877 id
412 1849 569 1877 verum
588 1832 674 1879 effe
693 1832 826 1878 facile
849 1847 1005 1896 putent
1028 1832 1149 1895 quod
1170 1831 1358 1877 multum
1378 1848 1591 1895 expetunt
1609 1865 1622 1885 ‚
1648 1833 1681 1879 ii
1698 1832 1852 1879 contra
1873 1831 1921 1877 id
1943 1831 2015 1878 so-

180 1895 275 1943 lum
294 1914 450 1942 verum
467 1895 551 1942 esse
571 1899 758 1944 credant
771 1930 785 1949 ,
805 1896 929 1960 quod
949 1897 1138 1942 maxime
1158 1896 1237 1942 sibi
1257 1912 1477 1943 metuunt.

246 1966 282 2006 V
302 1965 317 2006 I
335 1965 368 2006 1.
411 1960 665 2009 Scorbutici
687 1977 761 2007 aut
786 1962 863 2024 qui
890 1962 946 2007 ad
973 1960 1229 2007 scorbutum
1259 1961 1506 2021 inclinant,
1537 1959 1694 2024 quibus
1711 1960 1905 2025 gingivae
1934 1979 2013 2008 na-

177 2024 278 2071 tura
308 2023 464 2072 molles
490 2030 535 2071 δε
562 2024 759 2091 fungosae
787 2026 916 2078 sunt,
944 2042 1017 2071 aut
1044 2026 1091 2070 in
1122 2025 1281 2089 quibus
1309 2024 1483 2088 sanguis
1509 2043 1557 2070 ac
1586 2026 1775 2089 proinde
1806 2026 2013 2089 gingiva-

181 2108 282 2136 rum
310 2108 462 2137 mucus
492 2091 808 2137 ammoniacali
840 2107 994 2154 peccat
1022 2089 1266 2152 dyscrafia,
1299 2091 1452 2154 gravia
1481 2090 1529 2135 in
1558 2106 1657 2135 toto
1685 2108 1764 2137 ore
1790 2091 2014 2139 ulcuscula

181 2154 273 2219 pati
301 2154 471 2207 solent,
504 2154 725 2220 serpentia
744 2189 756 2207 ‚
786 2155 1101 2221 phagedaenica
1121 2189 1134 2206 ,
1179 2153 1337 2200 foetida
1355 2188 1368 2207 ,
1396 2154 1721 2218 gangraenodea
1738 2188 1751 2207 ,
1787 2173 1881 2217 quae
1908 2154 2014 2203 buc-

181 2236 252 2265 cas
271 2251 283 2271 ‚
313 2219 514 2283 gingivas
531 2254 544 2273 ‚
573 2221 773 2283 linguam
790 2255 802 2273 ,
829 2221 1020 2284 palatum
1042 2219 1162 2265 foede
1186 2219 1478 2283 depascuntur
1499 2236 1618 2282 3quae
1651 2217 1679 2263 fi
1706 2219 1886 2266 tonsillis
1905 2255 1918 2274 ,
1937 2240 2016 2268 co-

179 2283 395 2337 lumellae,
424 2284 496 2330 vel
524 2285 786 2349 paristhmiis
817 2284 1027 2330 assideanr
1046 2317 1057 2336 ,
1088 2283 1375 2346 deglutitioni
1402 2284 1674 2348 magnopere
1702 2281 1933 2340 officiunt3
1967 2292 2016 2334 δε

179 2348 342 2412 quibus
372 2349 564 2413 proinde
582 2385 595 2404 ,
628 2349 728 2396 ct‘im
760 2349 1003 2395 maximum
1021 2347 1070 2394 stt
1097 2349 1144 2394 in
1177 2348 1301 2394 mora
1323 2348 1573 2413 periculum
1592 2381 1605 2401 ,
1625 2347 1830 2396 celeriter
1855 2368 2015 2399 occur-

184 2413 375 2459 rendum
410 2413 495 2466 est,

247 2478 307 2521 1⁰.
343 2476 614 2525 Coercendo
634 2477 704 2523 vel
722 2475 973 2523 sustinendo
995 2476 1186 2526 adhibiti
1205 2476 1426 2524 Mercurii
1447 2475 1690 2542 impetum,
1706 2493 1763 2524 ne
1782 2477 2016 2526 immode-³

184 2539 320 2588 ratius
340 2541 595 2590 invalescat.

248 2614 310 2651 20.
348 2607 516 2654 Ulcera
536 2607 689 2652 omnia
709 2605 849 2671 probe
867 2605 1145 2669 detergendo
1166 2605 1353 2667 collyrio
1372 2605 1609 2652 Lanfranci
1623 2640 1634 2659 ,
1655 2611 1700 2652 &
1720 2604 1748 2651 fi
1772 2605 2010 2667 collyrium

183 2669 327 2734 impar
343 2671 393 2716 sit
406 2706 418 2726 ,
438 2672 590 2736 spiritu
610 2671 706 2717 salis
725 2672 884 2717 marini
903 2672 973 2717 vel
994 2671 1163 2717 vitrioli
1197 2671 1428 2719 additione
1449 2671 1591 2717 mellis
1626 2686 1874 2735 temperato
1890 2704 1903 2724 ,
1920 2671 2012 2718 imo

183 2736 319 2783 etiam
342 2735 509 2784 fincero
530 2736 558 2781 si
578 2736 726 2782 morbi
748 2735 1030 2782 vehementia
1048 2735 1110 2781 ita
1129 2736 1321 2782 suadeat.

250 2808 309 2859 30.
364 2805 430 2847 Os
460 2801 711 2848 identidem
745 2800 970 2846 abluendo
998 2801 1186 2847 decocto
1223 2801 1425 2847 radicum
1455 2799 1744 2848 aristolochiae
1778 2801 2015 2855 rotundat,

186 2864 378 2911 bistottae
398 2899 410 2917 ,
430 2866 615 2930 raphani
639 2865 840 2911 rusticani
869 2871 956 2911 &c.
982 2864 1201 2911 foliorum
1247 2865 1503 2912 cochleariae
1519 2899 1532 2918 ,
1563 2864 1789 2928 aquilegiae
1805 2900 1816 2918 ‚
1846 2864 2016 2918 salviae,

185 2928 458 2992 becabungae
477 2936 563 2976 &c-
599 2931 777 2976 corticis
804 2928 1108 2974 aurantiorum
1125 2947 1408 2983 amarorum3
1431 2929 1740 2975 balaustiorum
1757 2962 1770 2980 ,
1789 2928 2015 2977 frutstuum

187 2993 367 3040 sumach
383 3026 394 3046 ‚
417 2994 703 3040 strobilorum
722 2994 815 3058 pini
835 2998 922 3041 &c.
959 3010 1060 3039 cum
1081 2993 1236 3041 addito
1254 2993 1409 3058 spiritu
1426 2994 1521 3042 vini
1550 2993 1838 3058 camphorato
1856 2999 1900 3041 δε
1917 2993 2012 3050 alu-f

185 3059 313 3109 mine
332 3077 469 3125 rupeo
489 3059 543 3106 ad
564 3076 607 3122 q.
631 3057 662 3105 s.

1617 3250 1798 3316 Aaaij

2075 1001 2139 1039 vt.
2161 1001 2285 1040 Inania

2055 1054 2285 1106 phantasma-

2055 1122 2091 1144 ta
2110 1137 2120 1155 ‚
2152 1107 2286 1158 quibus

2055 1158 2285 1211 hypochon-

2055 1212 2166 1249 driati
2198 1222 2287 1260 pcr-

2054 1264 2136 1304 czlli
2159 1263 2286 1306 solemn

2058 1979 2146 2019 VII.
2174 1976 2286 2019 Ulce-

2058 2044 2098 2069 ra
2112 2032 2183 2069 otis
2202 2032 2292 2083 plia-

2060 2085 2239 2136 gerlaentca
2253 2084 2287 2120 ln

2061 2136 2289 2175 scorbuticis·
