2477 3643
633 136 1547 184 anzaIII.CA1›u·r1V.
1889 150 1981 199 ως

155 223 243 273 niis
276 220 450 273 latent,
489 215 826 266 inflammentur
860 250 875 271 ,
911 217 1173 270 tumefiant,
1210 219 1348 266 urinae
1383 216 1551 264 fluxum
1585 215 1759 283 penitus
1796 217 1982 267 interci-

160 288 295 354 piant.

230 350 318 398 10³.
347 352 477 396 Tunc
496 381 510 402 ‚
540 348 740 413 quandiu
767 348 996 395 duraverit
1032 347 1317 413 paroxysmus
1337 380 1350 400 ,
1379 346 1522 394 calere
1542 380 1555 400 ‚
1586 347 1741 394 dolere
1764 381 1777 400 ,
1814 363 1987 396 tumere

160 415 430 482 perinaeum3
457 414 699 478 stranguria
729 413 776 459 in
798 412 1035 459 ischuriam
1069 412 1234 459 mutata
1251 446 1263 464 ‚
1297 414 1514 459 continuo
1542 411 1618 459 sed
1646 412 1796 458 inutili
1827 413 1987 459 mieru-

161 479 312 528 riendi
332 494 494 525 conatu
513 479 625 525 nihil
643 479 885 542 quidquam
912 478 1090 524 excerni
1110 511 1123 530 ‚
1145 478 1215 524 vel
1236 478 1415 524 excerni
1437 476 1607 524 tantum
1627 475 1735 540 quid
1759 478 1987 522 mucosum

161 545 235 591 vel
262 545 577 608 purulentum,
604 543 729 607 quod
765 542 820 588 ab
855 541 1138 588 inflammatis
1171 542 1241 588 vel
1275 541 1517 606 suppuratis
1586 540 1752 587 artibus
1788 542 1984 594 extiilet3

163 608 346 656 demum
382 625 428 653 ut
458 609 595 654 multa
629 607 777 673 paucis
806 607 1096 659 contraham,
1124 606 1276 652 omnia
1301 608 1512 670 ingruere
1541 561 1862 671 (gniptomata,
1891 624 1986 670 quae

162 673 366 720 ischuriae
387 671 626 719 essentialia
646 673 756 718 sunt.

229 745 323 783 110.
351 738 462 783 Inde
498 738 605 784 vero
637 738 893 784 remittente
927 735 1221 801 paroxysmo‚
1257 741 1303 782 &
1340 735 1746 783 detumescentibus
1783 736 1988 784 obicibus

163 802 353 849 urethrae
376 803 494 849 viam
523 802 799 866 pedetentim
831 801 1017 849 relaxari
1039 835 1051 855 ‚
1072 807 1117 848 δε
1144 801 1278 846 urinae
1309 800 1484 847 cursum
1515 800 1666 846 senlim
1701 802 1865 848 restitui
1889 820 1989 865 gra·-

163 867 293 913 dario
314 867 542 932 progressu
561 886 569 912 :
591 870 644 912 Et
663 884 767 912 tunc
795 866 975 912 tandem
1001 883 1144 929 guttas
1167 866 1335 927 aliquot
1367 866 1499 925 ejici,
1534 865 1676 928 plures
1703 867 1991 930 paucioresve

165 931 367 979 humoris
388 930 553 977 mucofi
572 931 643 977 vel
661 930 879 995 pituitosr‚
904 930 932 975 fi
951 932 1004 976 ab
1025 930 1307 976 inflammatis
1328 928 1499 975 tantum
1519 929 1722 976 obicibus
1740 949 1750 983 ·,
1767 932 1992 995 purulenti

165 997 238 1044 vel
260 996 413 1042 saniosi
428 1030 439 1048 ‚
461 995 490 1040 si
511 996 566 1042 ab
585 996 789 1042 obicibus
810 996 1009 1041 ulceratis
1031 1002 1075 1041 ὃ(
1098 995 1343 1059 suppuratis
1369 995 1655 1057 exprimatur.

238 1079 253 1106 1
267 1070 331 1107 2⁰.
369 1060 591 1107 Caeterum
610 1079 758 1107 rarum
777 1061 834 1106 est
851 1060 1058 1106 mulieres
1077 1077 1129 1106 ex
1154 1057 1388 1122 praegressis
1415 1060 1697 1121 gonorrhoeis
1717 1061 1851 1107 etiam
1881 1079 1993 1108 con-

170 1125 418 1172 tumacibus
438 1141 509 1170 aut
532 1126 694 1190 pluries
716 1125 914 1188 repetitis
935 1124 1176 1186 stranguria
1199 1141 1392 1186 unquam
1411 1123 1592 1175 vexari,
1623 1141 1715 1170 tum
1736 1128 1840 1189 quia
1862 1127 1908 1172 in
1932 1128 1996 1192 ip»

169 1189 220 1236 fis
239 1189 427 1236 urethrae
448 1191 607 1235 canalis
630 1190 814 1236 brevior
836 1190 895 1235 est
912 1189 1132 1252 latiorque
1153 1222 1164 1240 ,
1185 1189 1318 1250 quam
1336 1203 1382 1233 ut
1401 1187 1526 1251 possit
1559 1204 1647 1233 tam
1681 1189 1811 1237 facile
1839 1192 1995 1255 angus-

169 1256 256 1300 tati
287 1255 357 1301 vel
378 1255 613 1319 comprimi
632 1272 679 1299 ac
700 1255 746 1299 in
767 1254 872 1299 viris
900 1272 912 1306 3
944 1270 1037 1298 tum
1072 1251 1339 1317 potissimum
1367 1252 1471 1315 quia
1499 1256 1815 1317 conceptacula
1840 1257 2000 1302 mulie-

171 1318 262 1364 bris
283 1318 460 1364 seminis
476 1352 488 1370 ‚
507 1319 583 1365 ubi
605 1318 881 1382 gonorrhoeae
904 1317 1026 1364 sedes
1053 1319 1111 1364 est
1128 1351 1140 1369 ‚
1169 1317 1240 1363 vel
1273 1317 1328 1363 ab
1359 1316 1540 1363 urethrci
1564 1318 1697 1381 longe
1731 1319 1889 1365 distant
1908 1355 1920 1372 ‚
1952 1336 2000 1366 ut

170 1383 390 1447 glandulae
422 1383 736 1448 Cowperianae
775 1388 820 1429 &
853 1382 1069 1446 glandulae
1101 1381 1405 1443 botryformes
1439 1372 1652 1444 vaginae'3
1685 1384 1755 1429 vel.
1788 1383 1817 1428 fi
1859 1387 1998 1449 prope

170 1448 339 1494 adstent
361 1481 373 1499 ‚
397 1448 586 1494 urethrae
611 1465 763 1494 tamen
795 1466 885 1493 non
912 1448 1087 1492 inhiant
1108 1480 1120 1498 ,
1143 1464 1288 1509 neque
1309 1446 1422 1492 adeo
1450 1446 1625 1510 poffunt
1651 1464 1740 1492 tam
1761 1450 1999 1495 commode

171 1530 274 1558 cum
293 1512 450 1558 efidem
470 1513 579 1558 vitia
603 1513 935 1559 communicare
954 1546 966 1565 ‚
994 1528 1040 1557 ut
1060 1511 1115 1558 de
1134 1512 1332 1574 prostatis
1356 1510 1576 1557 foemineis
1604 1529 1758 1558 verum
1783 1517 1842 1560 est
1861 1548 1872 1565 ,
1904 1531 2000 1577 quae

172 1576 279 1623 licet
299 1577 487 1623 urethrae
518 1578 685 1623 adnatae
708 1577 786 1622 sint
820 1583 865 1623 &
895 1576 1211 1640 circumpositae
1229 1609 1241 1628 ‚
1265 1575 1465 1621 dustibus
1484 1591 1631 1621 tamen
1651 1577 1706 1633 ab
1725 1579 1917 1624 uretlirai·
1933 1579 2003 1624 dia

173 1641 305 1690 versis
323 1675 335 1693 ,
363 1659 475 1704 quos
499 1643 665 1688 lacunas
684 1642 839 1687 dicunt
857 1675 868 1693 ,
891 1641 937 1686 in
965 1640 1236 1705 superiorem
1262 1640 1402 1687 vulvae
1428 1656 1598 1703 partem
1617 1643 1884 1705 aperiuntur.

251 1714 342 1767 13⁰.
374 1705 626 1752 Observavi
663 1722 812 1752 tamen
843 1706 1083 1769 aliquando
1103 1705 1310 1751 mulieres
1339 1703 1450 1768 ipsas
1479 1705 1720 1768 stranguria
1758 1706 2004 1753 istiusmodi

177 1789 233 1819 ex
264 1770 534 1834 gonorrhoefi
568 1770 778 1817 laborasse
795 1805 807 1823 ,
829 1771 940 1816 vitio
972 1770 1137 1816 scilicet
1161 1772 1451 1834 prostatarum
1469 1803 1481 1821 ,
1507 1787 1601 1832 quae
1628 1771 1803 1817 tumidae
1836 1777 1881 1817 δε
1913 1771 2004 1817 cal-

177 1834 279 1883 losae
301 1834 487 1881 urethrae
524 1834 702 1881 (lustum
717 1869 729 1887 ,
757 1852 890 1898 quem
911 1835 1110 1880 ambiunt
1129 1868 1142 1885 ,
1176 1833 1520 1898 praetermodum
1543 1837 1836 1897 angustarent.
1880 1837 2004 1893 Quin

177 1900 271 1946 imo
290 1898 424 1946 semel
444 1898 681 1946 observavi
709 1900 755 1944 in
773 1899 959 1945 foemina
986 1899 1237 1962 supputatas
1269 1904 1314 1943 ἃ
1345 1897 1553 1950 fistulosas
1577 1901 1784 1962 prostatas
1814 1901 2006 1946 laterali-

177 1965 259 2010 bus
278 1962 452 2009 finubus
471 1964 517 2008 in
538 1965 766 2010 urethram
789 1980 958 2028 apertas
976 1963 1100 2009 fuiffe
1117 1997 1129 2015 ,
1159 1963 1276 2010 unde
1305 1963 1393 2026 iugi
1417 1962 1537 2028 puris
1555 1964 1735 2011 acrioris
1754 1966 1799 2011 in
1820 1965 2007 2013 urethrae

179 2029 380 2075 canalem
399 2028 620 2074 stillicidio
643 2029 886 2092 stranguria
902 2028 1111 2092 frequens
1140 2027 1449 2074 inducebatur.

244 2094 481 2157 Diagnofis.
523 2094 712 2140 Morbus
747 2112 822 2158 per
855 2093 898 2140 se
930 2093 1089 2139 obvius
1117 2095 1175 2139 est
1200 2111 1254 2140 ex
1279 2093 1439 2138 tradita
1462 2092 1777 2156 descriptione.
1806 2094 2010 2141 obvium

179 2160 239 2217 est
265 2175 447 2220 quoque
474 2158 815 2205 antecedentem
844 2158 995 2204 morbi
1027 2157 1200 2203 causam
1227 2157 1519 2220 dignoscere,
1539 2157 1639 2204 cum
1659 2159 1763 2222 aegri
1791 2160 2010 2207 relatione

178 2223 346 2287 liqueat
373 2238 483 2285 quot
509 2228 554 2269 &
574 2224 747 2286 quantis
776 2223 1056 2286 gonorrhoeis
1078 2228 1162 2280 jam
1180 2223 1281 2268 ante
1302 2222 1584 2269 laboraverit.

248 2286 414 2333 Verum
445 2321 458 2338 ,
503 2288 625 2350 quod
654 2288 712 2333 ad
740 2287 884 2333 causas
912 2290 1166 2348 conjunctas
1193 2321 1205 2338 ‚
1237 2287 1397 2349 quibus
1432 2286 1614 2332 morbus
1639 2287 1733 2332 actu
1766 2287 2007 2343 foveatur,

181 2351 270 2397 hoc
289 2353 347 2397 est
372 2350 493 2414 quod
520 2352 573 2397 acl
595 2368 796 2398 naturam
814 2358 859 2397 δε
877 2353 1133 2414 qualitatem
1166 2351 1347 2397 obicum
1369 2385 1380 2403 ‚
1412 2351 1489 2414 qui
1518 2351 1745 2397 urethram
1774 2353 2008 2406 obfides-its

182 2415 287 2461 cum
316 2415 406 2460 haec
440 2416 485 2460 in
517 2415 707 2462 obscuro
738 2417 899 2462 lateant
920 2450 932 2468 ,
958 2418 1088 2462 meris
1115 2416 1376 2477 conjecturis
1402 2415 1575 2480 poflimt
1595 2415 1774 2478 inquiri.
1801 2423 1958 2480 Itaque
1982 2418 2012 2463 si

182 2480 265 2525 sub
286 2480 506 2525 mistionis
524 2481 655 2526 finem
678 2481 787 2544 quid
808 2481 1091 2544 purulentum
1113 2496 1186 2526 aut
1213 2479 1432 2527 saniosum
1453 2479 1600 2526 effluat
1619 2514 1631 2531 ,
1652 2480 1757 2527 licet
1785 2484 2013 2543 conjicere

183 2545 336 2590 obices
365 2543 449 2590 effe
479 2545 501 2588 ὲ
531 2562 694 2607 genere
716 2544 1055 2609 supputatorum
1075 2579 1086 2596 ,
1114 2561 1242 2607 atque
1270 2545 1385 2591 adeo
1419 2545 1491 2591 vel
1523 2545 1776 2591 carunculas
1808 2546 2016 2610 suppura-

182 2625 249 2655 tas
266 2643 277 2662 ‚
299 2609 372 2654 vel
394 2607 616 2654 ulcuscula
643 2610 690 2654 in
718 2609 898 2655 urethra
933 2609 1093 2658 callosa
1110 2644 1122 2661 ,
1154 2610 1224 2654 vel
1251 2609 1464 2656 abscessus
1496 2614 1542 2654 δέ
1573 2608 1728 2655 fistulas
1749 2610 1795 2655 in
1816 2611 2013 2674 prostatis

186 2690 262 2719 aut
280 2673 478 2719 veficulis
498 2673 737 2719 seminariis
764 2673 929 2719 callofis
947 2708 959 2726 ,
983 2674 1223 2738 spongiosis
1242 2708 1254 2727 ,
1285 2674 1525 2739 suppuratis
1548 2678 1634 2718 &a
1663 2675 1836 2720 Contra
1859 2677 1966 2722 vero
1984 2670 2015 2721 li

187 2737 297 2785 nihil
323 2737 498 2789 effluat,
528 2739 598 2784 vel
626 2738 773 2784 effluat
794 2737 962 2783 rantum
985 2739 1092 2802 quid
1127 2737 1357 2783 mucosum
1374 2772 1389 2791 ,
1407 2739 1510 2784 licet
1539 2738 1646 2784 inde
1673 2738 1885 2802 colligere
1912 2739 2015 2785 obi-

190 2819 260 2847 ces
281 2801 365 2847 effe
387 2803 409 2847 ὲ
431 2819 592 2864 genere
619 2822 710 2849 non
738 2802 1077 2867 supputatorum
1098 2836 1110 2854 ‚
1133 2820 1266 2865 atque
1293 2803 1405 2849 adeo
1434 2803 1503 2848 vel
1526 2803 1752 2849 cicatrices
1781 2804 1981 2849 duriores
1999 2837 2013 2856 ,

187 2866 262 2912 vel
292 2867 544 2911 carunculas
573 2868 750 2913 callosas
782 2900 794 2919 ,
835 2867 905 2913 vel
941 2882 1336 2913 veru-montanum
1363 2866 1618 2913 induratum
1638 2899 1650 2919 ,
1701 2867 1773 2913 vel
1807 2869 2015 2930 prostatas

191 2930 520 2978 sitiri-hoidaeas.

249 2994 387 3052 Quod
415 2994 444 3039 si
477 3012 553 3058 pus
584 2994 750 3040 crebris
788 3000 834 3040 δε
865 2993 1176 3057 grandioribus
1206 2993 1339 3057 guttis
1363 2992 1554 3058 profluat
1577 3029 1590 3047 ,
1617 2994 1817 3059 adeoque
1845 2996 2016 3042 indulia

180 3058 414 3122 ‘frequenti
441 3059 615 3122 lataque
642 3059 812 3104 macula
844 3059 1013 3104 inficiat
1032 3093 1044 3110 ,
1067 3059 1173 3104 inde
1209 3059 1437 3122 probabile
1465 3059 1541 3107 fiet
1572 3060 1740 3105 fluxum
1773 3060 2018 3108 istiusmodi

193 3142 286 3170 non
305 3124 328 3169 a
348 3123 589 3170 levioribus
609 3128 653 3169 &
676 3122 981 3187 superficiariis
1003 3122 1230 3169 ulcusculis
1248 3125 1436 3170 uretlirae
1453 3159 1464 3176 ‚
1487 3142 1568 3169 nec
1587 3124 1610 3169 ὲ
1634 3126 1879 3170 carunculis
1897 3126 2016 3172 exul-

185 3189 349 3246 §eratis
376 3188 585 3237 scaturire
600 3222 612 3242 2
632 3206 725 3253 quae
744 3207 823 3254 pus
842 3187 1072 3254 copiosum
1097 3206 1190 3236 non
1220 3188 1393 3253 poliunt
1427 3187 1624 3237 sufficere
1644 3208 1655 3242 ·,
1677 3188 1753 3235 sed
1774 3192 1794 3234 ὲ
1819 3192 2021 3254 prostati}

1714 3258 1754 3300 D
1776 3256 1804 3298 ui

2037 381 2051 407 1
2064 381 2101 406 0.
2117 370 2162 408 Et
2174 378 2259 407 tunc

2037 420 2236 471 supervenit

2035 472 2203 511 ischutia.

2095 767 2112 792 1
2123 767 2153 790 1.
2174 756 2269 810 O&

2040 806 2217 856 paulatim

2040 870 2209 896 remittit.

2093 1082 2112 1117 'x
2125 1089 2161 1117 2.
2178 1077 2273 1124 Qvae

2044 1132 2140 1169 mala
2155 1131 2186 1166 iu
2202 1131 2271 1169 foe.

2044 1185 2146 1220 mix-ais
2163 1195 2198 1218 ra
2207 1195 2244 1220 ta

2046 1235 2206 1288 quidem⁴

2068 1717 2083 1740 τ
2095 1718 2128 1751 3.
2148 1705 2217 1744 Sed
2234 1719 2280 1745 ae

2049 1755 2221 1807 liquando

2053 1820 2173 1845 tamen
2205 1810 2280 1849 visa

2051 1865 2083 1897 δι
2102 1859 2279 1900 observa-

2052 1923 2089 1948 ta
2111 1913 2200 1952 l'unt.

2086 2108 2284 2160 Diagnofis

2057 2160 2284 2213 stranguriae.

2090 2288 2285 2341 Diagnosis

2056 2356 2123 2381 cau
2130 2342 2249 2378 satum

2059 2392 2286 2446 strangutiaeq
