<?xml version="1.0" encoding="UTF-8"?>
<!DOCTYPE html PUBLIC "-//W3C//DTD XHTML 1.0 Transitional//EN"
    "http://www.w3.org/TR/xhtml1/DTD/xhtml1-transitional.dtd">
<html xmlns="http://www.w3.org/1999/xhtml" xml:lang="en" lang="en">
 <head>
  <title>
</title>
<meta http-equiv="Content-Type" content="text/html;charset=utf-8" />
  <meta name='ocr-system' content='tesseract 3.04.00' />
  <meta name='ocr-capabilities' content='ocr_page ocr_carea ocr_par ocr_line ocrx_word'/>
</head>
<body>
  <div class='ocr_page' id='page_1' title='image "./demorbisvenereis00astr_0097.png"; bbox 0 0 2477 3643; ppageno 0'>
   <div class='ocr_carea' id='block_1_1' title="bbox 621 136 1975 189">
    <p class='ocr_par' dir='ltr' id='par_1_1' title="bbox 621 136 1975 189">
     <span class='ocr_line' id='line_1_1' title="bbox 621 136 1975 189; baseline 0.002 -7"><span class='ocrx_word' id='word_1_1' title='bbox 621 136 1521 183; x_wconf 67' lang='lat' dir='ltr'>anrnI.CA1⁹ui-XI.</span> <span class='ocrx_word' id='word_1_2' title='bbox 1916 147 1975 189; x_wconf 66' lang='grc' dir='ltr'>σε·</span> 
     </span>
    </p>
   </div>
   <div class='ocr_carea' id='block_1_2' title="bbox 138 212 1978 3167">
    <p class='ocr_par' dir='ltr' id='par_1_2' title="bbox 147 212 1978 990">
     <span class='ocr_line' id='line_1_2' title="bbox 154 212 1978 280; baseline 0.003 -19"><span class='ocrx_word' id='word_1_3' title='bbox 154 214 226 261; x_wconf 64' lang='grc' dir='ltr'>ῐὴὲ.</span> <span class='ocrx_word' id='word_1_4' title='bbox 254 212 338 261; x_wconf 76' lang='lat' dir='ltr'>iuis</span> <span class='ocrx_word' id='word_1_5' title='bbox 365 231 564 262; x_wconf 85' lang='lat' dir='ltr'>venereae</span> <span class='ocrx_word' id='word_1_6' title='bbox 583 215 708 261; x_wconf 63' lang='lat' dir='ltr'>causa</span> <span class='ocrx_word' id='word_1_7' title='bbox 744 221 791 261; x_wconf 84' lang='lat'>&amp;</span> <span class='ocrx_word' id='word_1_8' title='bbox 822 216 1030 262; x_wconf 82' lang='lat' dir='ltr'>sciscitari</span> <span class='ocrx_word' id='word_1_9' title='bbox 1059 214 1195 261; x_wconf 83' lang='lat' dir='ltr'>multa</span> <span class='ocrx_word' id='word_1_10' title='bbox 1216 219 1263 259; x_wconf 70' lang='grc' dir='ltr'>δε</span> <span class='ocrx_word' id='word_1_11' title='bbox 1291 213 1427 260; x_wconf 83' lang='lat' dir='ltr'>multa</span> <span class='ocrx_word' id='word_1_12' title='bbox 1456 214 1606 261; x_wconf 88' lang='lat' dir='ltr'>doceri</span> <span class='ocrx_word' id='word_1_13' title='bbox 1635 215 1856 280; x_wconf 75' lang='lat' dir='ltr'>potuisset.</span> <span class='ocrx_word' id='word_1_14' title='bbox 1888 220 1978 267; x_wconf 84' lang='lat' dir='ltr'>Sed</span> 
     </span>
     <span class='ocr_line' id='line_1_3' title="bbox 156 278 1976 344; baseline 0.002 -19"><span class='ocrx_word' id='word_1_15' title='bbox 156 279 316 327; x_wconf 72' lang='lat' dir='ltr'>merito</span> <span class='ocrx_word' id='word_1_16' title='bbox 336 280 538 325; x_wconf 80' lang='lat' dir='ltr'>dolemus</span> <span class='ocrx_word' id='word_1_17' title='bbox 568 279 767 343; x_wconf 80' lang='lat' dir='ltr'>supinam</span> <span class='ocrx_word' id='word_1_18' title='bbox 797 279 881 325; x_wconf 89' lang='lat' dir='ltr'>viri</span> <span class='ocrx_word' id='word_1_19' title='bbox 910 281 1181 344; x_wconf 60' lang='lat' dir='ltr'>caeteroquin</span> <span class='ocrx_word' id='word_1_20' title='bbox 1214 278 1332 324; x_wconf 87' lang='lat' dir='ltr'>haud</span> <span class='ocrx_word' id='word_1_21' title='bbox 1356 279 1635 340; x_wconf 80' lang='lat' dir='ltr'>incliligentis</span> <span class='ocrx_word' id='word_1_22' title='bbox 1665 280 1976 337; x_wconf 81' lang='lat' dir='ltr'>oscitantiam3</span> 
     </span>
     <span class='ocr_line' id='line_1_4' title="bbox 155 343 1977 408; baseline 0.004 -20"><span class='ocrx_word' id='word_1_23' title='bbox 155 346 331 391; x_wconf 85' lang='lat' dir='ltr'>testatur</span> <span class='ocrx_word' id='word_1_24' title='bbox 367 344 457 408; x_wconf 85' lang='lat' dir='ltr'>ipse</span> <span class='ocrx_word' id='word_1_25' title='bbox 483 345 602 390; x_wconf 89' lang='lat' dir='ltr'>luem</span> <span class='ocrx_word' id='word_1_26' title='bbox 637 361 872 390; x_wconf 75' lang='lat' dir='ltr'>veneream</span> <span class='ocrx_word' id='word_1_27' title='bbox 906 345 952 390; x_wconf 88' lang='lat' dir='ltr'>in</span> <span class='ocrx_word' id='word_1_28' title='bbox 987 344 1129 393; x_wconf 66' lang='lat' dir='ltr'>Insula</span> <span class='ocrx_word' id='word_1_29' title='bbox 1158 343 1417 408; x_wconf 63' lang='lat' dir='ltr'>Hispaniola</span> <span class='ocrx_word' id='word_1_30' title='bbox 1452 344 1693 407; x_wconf 83' lang='lat' dir='ltr'>antiquitus</span> <span class='ocrx_word' id='word_1_31' title='bbox 1723 346 1977 395; x_wconf 81' lang='lat' dir='ltr'>endemiam</span> 
     </span>
     <span class='ocr_line' id='line_1_5' title="bbox 153 406 1977 473; baseline 0.002 -20"><span class='ocrx_word' id='word_1_32' title='bbox 153 406 276 454; x_wconf 77' lang='lat' dir='ltr'>fuisse</span> <span class='ocrx_word' id='word_1_33' title='bbox 296 414 340 454; x_wconf 70' lang='lat' dir='ltr'>Sc</span> <span class='ocrx_word' id='word_1_34' title='bbox 371 409 541 454; x_wconf 83' lang='lat' dir='ltr'>ibidem</span> <span class='ocrx_word' id='word_1_35' title='bbox 567 408 654 455; x_wconf 78' lang='lat' dir='ltr'>fine</span> <span class='ocrx_word' id='word_1_36' title='bbox 683 410 846 472; x_wconf 75' lang='lat' dir='ltr'>praevio</span> <span class='ocrx_word' id='word_1_37' title='bbox 868 411 1076 472; x_wconf 80' lang='lat' dir='ltr'>contagio</span> <span class='ocrx_word' id='word_1_38' title='bbox 1095 445 1106 463; x_wconf 92' lang='lat'>,</span> <span class='ocrx_word' id='word_1_39' title='bbox 1138 408 1215 455; x_wconf 88' lang='lat' dir='ltr'>suo</span> <span class='ocrx_word' id='word_1_40' title='bbox 1245 407 1378 454; x_wconf 86' lang='lat' dir='ltr'>etiam</span> <span class='ocrx_word' id='word_1_41' title='bbox 1398 423 1597 473; x_wconf 85' lang='lat' dir='ltr'>tempore</span> <span class='ocrx_word' id='word_1_42' title='bbox 1616 442 1628 461; x_wconf 91' lang='lat'>‚</span> <span class='ocrx_word' id='word_1_43' title='bbox 1660 407 1815 473; x_wconf 85' lang='lat' dir='ltr'>sponte</span> <span class='ocrx_word' id='word_1_44' title='bbox 1836 427 1977 473; x_wconf 79' lang='lat' dir='ltr'>gene-</span> 
     </span>
     <span class='ocr_line' id='line_1_6' title="bbox 153 471 1976 537; baseline 0.003 -20"><span class='ocrx_word' id='word_1_45' title='bbox 153 473 240 518; x_wconf 85' lang='lat' dir='ltr'>rari</span> <span class='ocrx_word' id='word_1_46' title='bbox 266 492 274 517; x_wconf 90' lang='lat'><strong>:</strong></span> <span class='ocrx_word' id='word_1_47' title='bbox 300 472 394 536; x_wconf 85' lang='lat' dir='ltr'>Ipse</span> <span class='ocrx_word' id='word_1_48' title='bbox 414 489 563 520; x_wconf 88' lang='lat' dir='ltr'>tamen</span> <span class='ocrx_word' id='word_1_49' title='bbox 588 478 632 518; x_wconf 63' lang='grc' dir='ltr'>ὃ(</span> <span class='ocrx_word' id='word_1_50' title='bbox 654 490 730 518; x_wconf 89' lang='lat' dir='ltr'>cur</span> <span class='ocrx_word' id='word_1_51' title='bbox 760 474 968 520; x_wconf 83' lang='lat' dir='ltr'>endemia</span> <span class='ocrx_word' id='word_1_52' title='bbox 992 472 1123 527; x_wconf 74' lang='lat' dir='ltr'>effer,</span> <span class='ocrx_word' id='word_1_53' title='bbox 1151 479 1197 520; x_wconf 71' lang='grc' dir='ltr'>δε</span> <span class='ocrx_word' id='word_1_54' title='bbox 1227 472 1313 537; x_wconf 62' lang='lat' dir='ltr'>quai</span> <span class='ocrx_word' id='word_1_55' title='bbox 1349 473 1475 518; x_wconf 62' lang='lat' dir='ltr'>causa</span> <span class='ocrx_word' id='word_1_56' title='bbox 1503 471 1659 537; x_wconf 88' lang='lat' dir='ltr'>sponte</span> <span class='ocrx_word' id='word_1_57' title='bbox 1685 490 1976 537; x_wconf 76' lang='lat' dir='ltr'>generaretur</span> 
     </span>
     <span class='ocr_line' id='line_1_7' title="bbox 150 535 1976 603; baseline 0.003 -22"><span class='ocrx_word' id='word_1_58' title='bbox 150 537 408 600; x_wconf 80' lang='lat' dir='ltr'>investigate</span> <span class='ocrx_word' id='word_1_59' title='bbox 429 538 637 600; x_wconf 76' lang='lat' dir='ltr'>neglexit.</span> <span class='ocrx_word' id='word_1_60' title='bbox 671 540 781 584; x_wconf 65' lang='lat' dir='ltr'>Sanc·</span> <span class='ocrx_word' id='word_1_61' title='bbox 805 538 922 584; x_wconf 87' lang='lat' dir='ltr'>suam</span> <span class='ocrx_word' id='word_1_62' title='bbox 953 539 1122 603; x_wconf 83' lang='lat' dir='ltr'>culpam</span> <span class='ocrx_word' id='word_1_63' title='bbox 1157 535 1381 602; x_wconf 83' lang='lat' dir='ltr'>agnovisse</span> <span class='ocrx_word' id='word_1_64' title='bbox 1416 537 1624 590; x_wconf 90' lang='lat' dir='ltr'>videtur,</span> <span class='ocrx_word' id='word_1_65' title='bbox 1651 537 1755 583; x_wconf 88' lang='lat' dir='ltr'>dum</span> <span class='ocrx_word' id='word_1_66' title='bbox 1794 557 1892 585; x_wconf 87' lang='lat' dir='ltr'>eam</span> <span class='ocrx_word' id='word_1_67' title='bbox 1926 542 1976 587; x_wconf 87' lang='lat' dir='ltr'>in</span> 
     </span>
     <span class='ocr_line' id='line_1_8' title="bbox 153 601 1973 667; baseline 0.002 -21"><span class='ocrx_word' id='word_1_68' title='bbox 153 617 332 647; x_wconf 69' lang='lat' dir='ltr'>cazteros</span> <span class='ocrx_word' id='word_1_69' title='bbox 353 601 573 666; x_wconf 83' lang='lat' dir='ltr'>Hispanos</span> <span class='ocrx_word' id='word_1_70' title='bbox 596 619 779 648; x_wconf 86' lang='lat' dir='ltr'>conatur</span> <span class='ocrx_word' id='word_1_71' title='bbox 811 604 1034 664; x_wconf 82' lang='lat' dir='ltr'>conjicere</span> <span class='ocrx_word' id='word_1_72' title='bbox 1055 637 1066 655; x_wconf 85' lang='lat'>,</span> <span class='ocrx_word' id='word_1_73' title='bbox 1091 621 1201 667; x_wconf 89' lang='lat' dir='ltr'>quos</span> <span class='ocrx_word' id='word_1_74' title='bbox 1229 602 1392 649; x_wconf 84' lang='lat' dir='ltr'>fatetur</span> <span class='ocrx_word' id='word_1_75' title='bbox 1424 601 1482 648; x_wconf 91' lang='lat' dir='ltr'>de</span> <span class='ocrx_word' id='word_1_76' title='bbox 1520 603 1737 665; x_wconf 79' lang='lat' dir='ltr'>religione</span> <span class='ocrx_word' id='word_1_77' title='bbox 1758 635 1771 655; x_wconf 83' lang='lat'>,</span> <span class='ocrx_word' id='word_1_78' title='bbox 1796 603 1938 650; x_wconf 86' lang='lat' dir='ltr'>ufibus</span> <span class='ocrx_word' id='word_1_79' title='bbox 1959 639 1973 657; x_wconf 91' lang='lat'>‚</span> 
     </span>
     <span class='ocr_line' id='line_1_9' title="bbox 154 664 1973 732; baseline 0.003 -22"><span class='ocrx_word' id='word_1_80' title='bbox 154 664 440 729; x_wconf 78' lang='lat' dir='ltr'>moribusque</span> <span class='ocrx_word' id='word_1_81' title='bbox 465 667 778 729; x_wconf 79' lang='lat' dir='ltr'>indigenarum</span> <span class='ocrx_word' id='word_1_82' title='bbox 812 667 962 713; x_wconf 78' lang='lat' dir='ltr'>Insulae</span> <span class='ocrx_word' id='word_1_83' title='bbox 986 668 1256 732; x_wconf 79' lang='lat' dir='ltr'>Hispaniolae</span> <span class='ocrx_word' id='word_1_84' title='bbox 1285 666 1397 713; x_wconf 85' lang='lat' dir='ltr'>nihil</span> <span class='ocrx_word' id='word_1_85' title='bbox 1431 664 1523 713; x_wconf 75' lang='lat' dir='ltr'>fere</span> <span class='ocrx_word' id='word_1_86' title='bbox 1557 683 1838 731; x_wconf 85' lang='lat' dir='ltr'>compertum</span> <span class='ocrx_word' id='word_1_87' title='bbox 1867 668 1973 715; x_wconf 89' lang='lat' dir='ltr'>ideo</span> 
     </span>
     <span class='ocr_line' id='line_1_10' title="bbox 151 729 1974 795; baseline 0.003 -21"><span class='ocrx_word' id='word_1_88' title='bbox 151 729 347 777; x_wconf 77' lang='lat' dir='ltr'>habuilse</span> <span class='ocrx_word' id='word_1_89' title='bbox 363 764 376 782; x_wconf 86' lang='lat'>‚</span> <span class='ocrx_word' id='word_1_90' title='bbox 407 732 527 793; x_wconf 89' lang='lat' dir='ltr'>quod</span> <span class='ocrx_word' id='word_1_91' title='bbox 549 733 604 778; x_wconf 91' lang='lat' dir='ltr'>de</span> <span class='ocrx_word' id='word_1_92' title='bbox 627 732 841 779; x_wconf 88' lang='lat' dir='ltr'>horumce</span> <span class='ocrx_word' id='word_1_93' title='bbox 868 732 1148 795; x_wconf 81' lang='lat' dir='ltr'>inquisltione</span> <span class='ocrx_word' id='word_1_94' title='bbox 1169 731 1301 778; x_wconf 75' lang='lat' dir='ltr'>serius</span> <span class='ocrx_word' id='word_1_95' title='bbox 1323 731 1620 794; x_wconf 79' lang='lat' dir='ltr'>cogitaverint</span> <span class='ocrx_word' id='word_1_96' title='bbox 1635 766 1647 784; x_wconf 90' lang='lat'><em>,</em></span> <span class='ocrx_word' id='word_1_97' title='bbox 1677 730 1845 779; x_wconf 86' lang='lat' dir='ltr'>scilicet</span> <span class='ocrx_word' id='word_1_98' title='bbox 1872 732 1974 780; x_wconf 69' lang='lat' dir='ltr'>cum</span> 
     </span>
     <span class='ocr_line' id='line_1_11' title="bbox 147 795 1973 859; baseline 0.002 -19"><span class='ocrx_word' id='word_1_99' title='bbox 147 795 292 858; x_wconf 87' lang='lat' dir='ltr'>gentis</span> <span class='ocrx_word' id='word_1_100' title='bbox 311 795 526 857; x_wconf 87' lang='lat' dir='ltr'>primores</span> <span class='ocrx_word' id='word_1_101' title='bbox 541 831 553 850; x_wconf 87' lang='lat'>‚</span> <span class='ocrx_word' id='word_1_102' title='bbox 573 797 650 859; x_wconf 84' lang='lat' dir='ltr'>qui</span> <span class='ocrx_word' id='word_1_103' title='bbox 676 815 825 842; x_wconf 89' lang='lat' dir='ltr'>rerum</span> <span class='ocrx_word' id='word_1_104' title='bbox 848 797 1187 843; x_wconf 86' lang='lat' dir='ltr'>domesticarum</span> <span class='ocrx_word' id='word_1_105' title='bbox 1206 796 1332 859; x_wconf 81' lang='lat' dir='ltr'>gnari</span> <span class='ocrx_word' id='word_1_106' title='bbox 1356 811 1479 842; x_wconf 88' lang='lat' dir='ltr'>erant</span> <span class='ocrx_word' id='word_1_107' title='bbox 1498 829 1510 848; x_wconf 87' lang='lat'>‚</span> <span class='ocrx_word' id='word_1_108' title='bbox 1531 797 1637 842; x_wconf 83' lang='lat' dir='ltr'>tristi</span> <span class='ocrx_word' id='word_1_109' title='bbox 1662 796 1754 842; x_wconf 86' lang='lat' dir='ltr'>fato</span> <span class='ocrx_word' id='word_1_110' title='bbox 1784 801 1871 857; x_wconf 81' lang='lat' dir='ltr'>jam</span> <span class='ocrx_word' id='word_1_111' title='bbox 1891 816 1973 843; x_wconf 82' lang='lat' dir='ltr'>oc·-</span> 
     </span>
     <span class='ocr_line' id='line_1_12' title="bbox 151 858 1972 928; baseline 0.003 -24"><span class='ocrx_word' id='word_1_112' title='bbox 151 858 399 906; x_wconf 75' lang='lat' dir='ltr'>ciibiiissent</span> <span class='ocrx_word' id='word_1_113' title='bbox 418 894 430 912; x_wconf 85' lang='lat'>,</span> <span class='ocrx_word' id='word_1_114' title='bbox 458 879 537 907; x_wconf 91' lang='lat' dir='ltr'>nec</span> <span class='ocrx_word' id='word_1_115' title='bbox 567 861 652 907; x_wconf 87' lang='lat' dir='ltr'>ulla</span> <span class='ocrx_word' id='word_1_116' title='bbox 671 861 809 925; x_wconf 83' lang='lat' dir='ltr'>poll&#39;et</span> <span class='ocrx_word' id='word_1_117' title='bbox 828 878 948 908; x_wconf 84' lang='lat' dir='ltr'>certa</span> <span class='ocrx_word' id='word_1_118' title='bbox 968 862 1168 926; x_wconf 79' lang='lat' dir='ltr'>cognitio</span> <span class='ocrx_word' id='word_1_119' title='bbox 1187 860 1386 910; x_wconf 86' lang='lat' dir='ltr'>obtineri</span> <span class='ocrx_word' id='word_1_120' title='bbox 1415 859 1470 907; x_wconf 91' lang='lat' dir='ltr'>ab</span> <span class='ocrx_word' id='word_1_121' title='bbox 1498 860 1651 909; x_wconf 62' lang='lat' dir='ltr'>infima</span> <span class='ocrx_word' id='word_1_122' title='bbox 1673 866 1718 908; x_wconf 60' lang='grc' dir='ltr'>ὃς</span> <span class='ocrx_word' id='word_1_123' title='bbox 1743 862 1854 908; x_wconf 70' lang='grc' dir='ltr'><strong>εεεεὸ.</strong></span> <span class='ocrx_word' id='word_1_124' title='bbox 1873 862 1972 928; x_wconf 87' lang='lat' dir='ltr'>ple-</span> 
     </span>
     <span class='ocr_line' id='line_1_13' title="bbox 153 922 1087 990; baseline 0.003 -21"><span class='ocrx_word' id='word_1_125' title='bbox 153 922 209 970; x_wconf 84' lang='lat' dir='ltr'>be</span> <span class='ocrx_word' id='word_1_126' title='bbox 227 957 238 975; x_wconf 92' lang='lat'>‚</span> <span class='ocrx_word' id='word_1_127' title='bbox 258 942 351 987; x_wconf 72' lang='lat' dir='ltr'>quse</span> <span class='ocrx_word' id='word_1_128' title='bbox 372 942 509 989; x_wconf 86' lang='lat' dir='ltr'>pauca</span> <span class='ocrx_word' id='word_1_129' title='bbox 530 925 766 990; x_wconf 81' lang='lat' dir='ltr'>supererat.</span> <span class='ocrx_word' id='word_1_130' title='bbox 1084 947 1087 949; x_wconf 94' lang='lat'>·</span> 
     </span>
    </p>

    <p class='ocr_par' dir='ltr' id='par_1_3' title="bbox 139 987 1970 1699">
     <span class='ocr_line' id='line_1_14' title="bbox 213 987 1970 1053; baseline 0.003 -20"><span class='ocrx_word' id='word_1_131' title='bbox 213 993 263 1033; x_wconf 88' lang='lat' dir='ltr'>In</span> <span class='ocrx_word' id='word_1_132' title='bbox 291 989 340 1035; x_wconf 67' lang='lat' dir='ltr'>ea</span> <span class='ocrx_word' id='word_1_133' title='bbox 366 1005 515 1036; x_wconf 86' lang='lat' dir='ltr'>tamen</span> <span class='ocrx_word' id='word_1_134' title='bbox 542 991 731 1053; x_wconf 79' lang='lat' dir='ltr'>caligine</span> <span class='ocrx_word' id='word_1_135' title='bbox 747 1025 758 1043; x_wconf 86' lang='lat'>‚</span> <span class='ocrx_word' id='word_1_136' title='bbox 779 988 857 1035; x_wconf 89' lang='lat' dir='ltr'>ubi</span> <span class='ocrx_word' id='word_1_137' title='bbox 881 988 1026 1035; x_wconf 80' lang='lat' dir='ltr'>caeteri</span> <span class='ocrx_word' id='word_1_138' title='bbox 1061 987 1254 1034; x_wconf 81' lang='lat' dir='ltr'>haefitant</span> <span class='ocrx_word' id='word_1_139' title='bbox 1274 1023 1286 1041; x_wconf 93' lang='lat'>‚</span> <span class='ocrx_word' id='word_1_140' title='bbox 1313 990 1571 1036; x_wconf 85' lang='lat' dir='ltr'>Leonardus</span> <span class='ocrx_word' id='word_1_141' title='bbox 1592 991 1844 1038; x_wconf 84' lang='lat' dir='ltr'>Fioravanti</span> <span class='ocrx_word' id='word_1_142' title='bbox 1862 995 1970 1039; x_wconf 88' lang='lat' dir='ltr'>Em-</span> 
     </span>
     <span class='ocr_line' id='line_1_15' title="bbox 147 1052 1968 1118; baseline 0.003 -21"><span class='ocrx_word' id='word_1_143' title='bbox 147 1052 310 1116; x_wconf 87' lang='lat' dir='ltr'>piricus</span> <span class='ocrx_word' id='word_1_144' title='bbox 331 1054 458 1099; x_wconf 84' lang='lat' dir='ltr'>Italus</span> <span class='ocrx_word' id='word_1_145' title='bbox 479 1055 649 1101; x_wconf 85' lang='lat' dir='ltr'>nodum</span> <span class='ocrx_word' id='word_1_146' title='bbox 670 1057 693 1100; x_wconf 74' lang='lat' dir='ltr'>a</span> <span class='ocrx_word' id='word_1_147' title='bbox 714 1054 756 1101; x_wconf 85' lang='lat' dir='ltr'>se</span> <span class='ocrx_word' id='word_1_148' title='bbox 780 1054 970 1100; x_wconf 86' lang='lat' dir='ltr'>solutum</span> <span class='ocrx_word' id='word_1_149' title='bbox 992 1053 1076 1100; x_wconf 76' lang='lat' dir='ltr'>elle</span> <span class='ocrx_word' id='word_1_150' title='bbox 1097 1052 1206 1098; x_wconf 90' lang='lat' dir='ltr'>olim</span> <span class='ocrx_word' id='word_1_151' title='bbox 1234 1054 1426 1100; x_wconf 88' lang='lat' dir='ltr'>credidit</span> <span class='ocrx_word' id='word_1_152' title='bbox 1442 1088 1455 1106; x_wconf 86' lang='lat'>‚</span> <span class='ocrx_word' id='word_1_153' title='bbox 1481 1054 1555 1101; x_wconf 89' lang='lat' dir='ltr'>sed</span> <span class='ocrx_word' id='word_1_154' title='bbox 1582 1057 1775 1103; x_wconf 81' lang='lat' dir='ltr'>vanitate</span> <span class='ocrx_word' id='word_1_155' title='bbox 1809 1058 1968 1118; x_wconf 81' lang='lat' dir='ltr'>majori</span> 
     </span>
     <span class='ocr_line' id='line_1_16' title="bbox 147 1116 1967 1187; baseline 0.005 -26"><span class='ocrx_word' id='word_1_156' title='bbox 147 1117 281 1179; x_wconf 63' lang='lat' dir='ltr'>quam</span> <span class='ocrx_word' id='word_1_157' title='bbox 310 1117 512 1165; x_wconf 70' lang='lat' dir='ltr'>succell&#39;u.</span> <span class='ocrx_word' id='word_1_158' title='bbox 540 1118 859 1165; x_wconf 81' lang='lat' dir='ltr'>Contendebat</span> <span class='ocrx_word' id='word_1_159' title='bbox 878 1135 1038 1182; x_wconf 86' lang='lat' dir='ltr'>nempe</span> <span class='ocrx_word' id='word_1_160' title='bbox 1057 1151 1069 1169; x_wconf 90' lang='lat'>‚</span> <span class='ocrx_word' id='word_1_161' title='bbox 1089 1116 1193 1163; x_wconf 87' lang='lat' dir='ltr'>hinc</span> <span class='ocrx_word' id='word_1_162' title='bbox 1211 1118 1395 1181; x_wconf 88' lang='lat' dir='ltr'>quidem</span> <span class='ocrx_word' id='word_1_163' title='bbox 1417 1136 1654 1166; x_wconf 81' lang='lat' dir='ltr'>veneream</span> <span class='ocrx_word' id='word_1_164' title='bbox 1673 1124 1792 1168; x_wconf 89' lang='lat' dir='ltr'>luem</span> <span class='ocrx_word' id='word_1_165' title='bbox 1812 1121 1967 1187; x_wconf 86' lang='lat' dir='ltr'>sponte</span> 
     </span>
     <span class='ocr_line' id='line_1_17' title="bbox 146 1181 1966 1247; baseline 0.004 -21"><span class='ocrx_word' id='word_1_166' title='bbox 146 1182 324 1247; x_wconf 81' lang='lat' dir='ltr'>concipi</span> <span class='ocrx_word' id='word_1_167' title='bbox 351 1182 404 1228; x_wconf 89' lang='lat' dir='ltr'>ab</span> <span class='ocrx_word' id='word_1_168' title='bbox 427 1183 681 1229; x_wconf 86' lang='lat' dir='ltr'>hominibus</span> <span class='ocrx_word' id='word_1_169' title='bbox 710 1184 844 1230; x_wconf 83' lang='lat' dir='ltr'>etiam</span> <span class='ocrx_word' id='word_1_170' title='bbox 864 1181 975 1227; x_wconf 86' lang='lat' dir='ltr'>sanis</span> <span class='ocrx_word' id='word_1_171' title='bbox 996 1187 1041 1228; x_wconf 72' lang='lat' dir='ltr'>Sc</span> <span class='ocrx_word' id='word_1_172' title='bbox 1060 1181 1147 1227; x_wconf 84' lang='lat' dir='ltr'>fine</span> <span class='ocrx_word' id='word_1_173' title='bbox 1174 1183 1261 1228; x_wconf 88' lang='lat' dir='ltr'>ullo</span> <span class='ocrx_word' id='word_1_174' title='bbox 1285 1184 1493 1245; x_wconf 76' lang='lat' dir='ltr'>contagio</span> <span class='ocrx_word' id='word_1_175' title='bbox 1511 1217 1523 1235; x_wconf 87' lang='lat'>‚</span> <span class='ocrx_word' id='word_1_176' title='bbox 1554 1183 1582 1228; x_wconf 86' lang='lat' dir='ltr'>fi</span> <span class='ocrx_word' id='word_1_177' title='bbox 1610 1184 1803 1230; x_wconf 62' lang='lat' dir='ltr'>humana</span> <span class='ocrx_word' id='word_1_178' title='bbox 1836 1204 1966 1233; x_wconf 83' lang='lat' dir='ltr'>carne</span> 
     </span>
     <span class='ocr_line' id='line_1_18' title="bbox 146 1245 1967 1312; baseline 0.003 -21"><span class='ocrx_word' id='word_1_179' title='bbox 146 1246 406 1299; x_wconf 84' lang='lat' dir='ltr'>vescantur,</span> <span class='ocrx_word' id='word_1_180' title='bbox 426 1247 532 1293; x_wconf 84' lang='lat' dir='ltr'>ficut</span> <span class='ocrx_word' id='word_1_181' title='bbox 548 1253 593 1292; x_wconf 73' lang='grc' dir='ltr'>δε</span> <span class='ocrx_word' id='word_1_182' title='bbox 615 1248 669 1293; x_wconf 86' lang='lat' dir='ltr'>ab</span> <span class='ocrx_word' id='word_1_183' title='bbox 690 1246 948 1293; x_wconf 76' lang='lat' dir='ltr'>animalibus</span> <span class='ocrx_word' id='word_1_184' title='bbox 962 1245 1313 1309; x_wconf 84' lang='lat' dir='ltr'>quibuscumque</span> <span class='ocrx_word' id='word_1_185' title='bbox 1334 1280 1345 1298; x_wconf 84' lang='lat'>‚</span> <span class='ocrx_word' id='word_1_186' title='bbox 1368 1247 1396 1292; x_wconf 82' lang='lat' dir='ltr'>sl</span> <span class='ocrx_word' id='word_1_187' title='bbox 1419 1265 1550 1293; x_wconf 86' lang='lat' dir='ltr'>carne</span> <span class='ocrx_word' id='word_1_188' title='bbox 1571 1250 1827 1295; x_wconf 79' lang='lat' dir='ltr'>animalium</span> <span class='ocrx_word' id='word_1_189' title='bbox 1855 1250 1967 1312; x_wconf 78' lang='lat' dir='ltr'>ejus-</span> 
     </span>
     <span class='ocr_line' id='line_1_19' title="bbox 143 1310 1966 1379; baseline 0.004 -24"><span class='ocrx_word' id='word_1_190' title='bbox 143 1310 247 1356; x_wconf 88' lang='lat' dir='ltr'>dem</span> <span class='ocrx_word' id='word_1_191' title='bbox 271 1310 427 1375; x_wconf 84' lang='lat' dir='ltr'>speciei</span> <span class='ocrx_word' id='word_1_192' title='bbox 449 1312 699 1357; x_wconf 83' lang='lat' dir='ltr'>nutriantur</span> <span class='ocrx_word' id='word_1_193' title='bbox 723 1331 732 1357; x_wconf 71' lang='grc' dir='ltr'><strong>ι</strong></span> <span class='ocrx_word' id='word_1_194' title='bbox 753 1311 864 1357; x_wconf 88' lang='lat' dir='ltr'>Inde</span> <span class='ocrx_word' id='word_1_195' title='bbox 888 1312 996 1357; x_wconf 72' lang='lat' dir='ltr'>vero</span> <span class='ocrx_word' id='word_1_196' title='bbox 1014 1345 1026 1363; x_wconf 88' lang='lat'>‚</span> <span class='ocrx_word' id='word_1_197' title='bbox 1046 1310 1216 1356; x_wconf 86' lang='lat' dir='ltr'>incolas</span> <span class='ocrx_word' id='word_1_198' title='bbox 1238 1310 1391 1357; x_wconf 76' lang='lat' dir='ltr'>[nsulae</span> <span class='ocrx_word' id='word_1_199' title='bbox 1410 1312 1679 1376; x_wconf 83' lang='lat' dir='ltr'>Hispaniolae</span> <span class='ocrx_word' id='word_1_200' title='bbox 1706 1315 1966 1379; x_wconf 81' lang='lat' dir='ltr'>Anthropo-</span> 
     </span>
     <span class='ocr_line' id='line_1_20' title="bbox 139 1374 1967 1440; baseline 0.004 -21"><span class='ocrx_word' id='word_1_201' title='bbox 139 1374 312 1439; x_wconf 80' lang='lat' dir='ltr'>phagos</span> <span class='ocrx_word' id='word_1_202' title='bbox 341 1374 466 1422; x_wconf 74' lang='lat' dir='ltr'>fuiffe</span> <span class='ocrx_word' id='word_1_203' title='bbox 500 1381 546 1422; x_wconf 73' lang='grc' dir='ltr'>δε</span> <span class='ocrx_word' id='word_1_204' title='bbox 576 1376 768 1422; x_wconf 61' lang='lat' dir='ltr'>humana</span> <span class='ocrx_word' id='word_1_205' title='bbox 798 1393 930 1422; x_wconf 82' lang='lat' dir='ltr'>carne</span> <span class='ocrx_word' id='word_1_206' title='bbox 956 1375 1074 1422; x_wconf 80' lang='lat' dir='ltr'>vesci</span> <span class='ocrx_word' id='word_1_207' title='bbox 1102 1374 1283 1428; x_wconf 79' lang='lat' dir='ltr'>solit053</span> <span class='ocrx_word' id='word_1_208' title='bbox 1307 1376 1424 1421; x_wconf 88' lang='lat' dir='ltr'>unde</span> <span class='ocrx_word' id='word_1_209' title='bbox 1450 1376 1689 1440; x_wconf 81' lang='lat' dir='ltr'>colligebat</span> <span class='ocrx_word' id='word_1_210' title='bbox 1718 1379 1796 1424; x_wconf 88' lang='lat' dir='ltr'>illo</span> <span class='ocrx_word' id='word_1_211' title='bbox 1828 1380 1967 1427; x_wconf 57' lang='lat' dir='ltr'>vietus</span> 
     </span>
     <span class='ocr_line' id='line_1_21' title="bbox 145 1440 1967 1507; baseline 0.004 -22"><span class='ocrx_word' id='word_1_212' title='bbox 145 1456 309 1502; x_wconf 82' lang='lat' dir='ltr'>genere</span> <span class='ocrx_word' id='word_1_213' title='bbox 332 1440 518 1487; x_wconf 83' lang='lat' dir='ltr'>eosdem</span> <span class='ocrx_word' id='word_1_214' title='bbox 544 1441 592 1486; x_wconf 87' lang='lat' dir='ltr'>in</span> <span class='ocrx_word' id='word_1_215' title='bbox 624 1441 740 1489; x_wconf 88' lang='lat' dir='ltr'>luem</span> <span class='ocrx_word' id='word_1_216' title='bbox 771 1458 1007 1488; x_wconf 79' lang='lat' dir='ltr'>veneream</span> <span class='ocrx_word' id='word_1_217' title='bbox 1034 1440 1272 1486; x_wconf 72' lang='lat' dir='ltr'>necessario</span> <span class='ocrx_word' id='word_1_218' title='bbox 1302 1440 1430 1488; x_wconf 87' lang='lat' dir='ltr'>brevi</span> <span class='ocrx_word' id='word_1_219' title='bbox 1460 1442 1661 1489; x_wconf 72' lang='lat' dir='ltr'>incidiss&#39;e</span> <span class='ocrx_word' id='word_1_220' title='bbox 1681 1478 1691 1495; x_wconf 84' lang='lat'>,</span> <span class='ocrx_word' id='word_1_221' title='bbox 1712 1461 1807 1507; x_wconf 83' lang='lat' dir='ltr'>quae</span> <span class='ocrx_word' id='word_1_222' title='bbox 1825 1479 1837 1496; x_wconf 87' lang='lat'>,</span> <span class='ocrx_word' id='word_1_223' title='bbox 1861 1446 1967 1492; x_wconf 85' lang='lat' dir='ltr'>licet</span> 
     </span>
     <span class='ocr_line' id='line_1_22' title="bbox 142 1505 1968 1575; baseline 0.004 -26"><span class='ocrx_word' id='word_1_224' title='bbox 142 1505 387 1552; x_wconf 83' lang='lat' dir='ltr'>intrinseco</span> <span class='ocrx_word' id='word_1_225' title='bbox 416 1505 656 1552; x_wconf 89' lang='lat' dir='ltr'>humorum</span> <span class='ocrx_word' id='word_1_226' title='bbox 683 1507 795 1552; x_wconf 85' lang='lat' dir='ltr'>vitio</span> <span class='ocrx_word' id='word_1_227' title='bbox 830 1511 876 1552; x_wconf 85' lang='lat'>&amp;</span> <span class='ocrx_word' id='word_1_228' title='bbox 907 1505 997 1551; x_wconf 76' lang='lat' dir='ltr'>sine</span> <span class='ocrx_word' id='word_1_229' title='bbox 1030 1520 1219 1568; x_wconf 82' lang='lat' dir='ltr'>contage</span> <span class='ocrx_word' id='word_1_230' title='bbox 1255 1505 1341 1551; x_wconf 67' lang='lat' dir='ltr'>ulla</span> <span class='ocrx_word' id='word_1_231' title='bbox 1371 1507 1563 1569; x_wconf 70' lang='lat' dir='ltr'>primum</span> <span class='ocrx_word' id='word_1_232' title='bbox 1596 1523 1693 1553; x_wconf 87' lang='lat' dir='ltr'>orta</span> <span class='ocrx_word' id='word_1_233' title='bbox 1716 1507 1853 1561; x_wconf 78' lang='lat' dir='ltr'>esset,</span> <span class='ocrx_word' id='word_1_234' title='bbox 1886 1528 1968 1575; x_wconf 83' lang='lat' dir='ltr'>po-</span> 
     </span>
     <span class='ocr_line' id='line_1_23' title="bbox 146 1568 1969 1636; baseline 0.004 -22"><span class='ocrx_word' id='word_1_235' title='bbox 146 1570 281 1615; x_wconf 82' lang='lat' dir='ltr'>tuerit</span> <span class='ocrx_word' id='word_1_236' title='bbox 315 1585 464 1616; x_wconf 84' lang='lat' dir='ltr'>tamen</span> <span class='ocrx_word' id='word_1_237' title='bbox 500 1571 769 1634; x_wconf 83' lang='lat' dir='ltr'>contagione</span> <span class='ocrx_word' id='word_1_238' title='bbox 796 1571 843 1616; x_wconf 90' lang='lat' dir='ltr'>in</span> <span class='ocrx_word' id='word_1_239' title='bbox 876 1571 984 1616; x_wconf 88' lang='lat' dir='ltr'>alios</span> <span class='ocrx_word' id='word_1_240' title='bbox 1018 1569 1190 1616; x_wconf 88' lang='lat' dir='ltr'>ibidem</span> <span class='ocrx_word' id='word_1_241' title='bbox 1222 1568 1522 1624; x_wconf 76' lang='lat' dir='ltr'>disseminari,</span> <span class='ocrx_word' id='word_1_242' title='bbox 1556 1590 1669 1634; x_wconf 89' lang='lat' dir='ltr'>quos</span> <span class='ocrx_word' id='word_1_243' title='bbox 1700 1573 1892 1636; x_wconf 85' lang='lat' dir='ltr'>proinde</span> <span class='ocrx_word' id='word_1_244' title='bbox 1921 1581 1969 1622; x_wconf 69' lang='grc' dir='ltr'>ὃς</span> 
     </span>
     <span class='ocr_line' id='line_1_24' title="bbox 148 1633 1630 1699; baseline 0.001 -20"><span class='ocrx_word' id='word_1_245' title='bbox 148 1634 410 1696; x_wconf 81' lang='lat' dir='ltr'>contagiosae</span> <span class='ocrx_word' id='word_1_246' title='bbox 434 1640 478 1680; x_wconf 86' lang='lat'>&amp;</span> <span class='ocrx_word' id='word_1_247' title='bbox 502 1634 749 1699; x_wconf 63' lang='lat' dir='ltr'>spontaneae</span> <span class='ocrx_word' id='word_1_248' title='bbox 775 1635 836 1681; x_wconf 88' lang='lat' dir='ltr'>lui</span> <span class='ocrx_word' id='word_1_249' title='bbox 854 1652 1052 1682; x_wconf 71' lang='lat' dir='ltr'>venerea:</span> <span class='ocrx_word' id='word_1_250' title='bbox 1070 1633 1252 1698; x_wconf 80' lang='lat' dir='ltr'>patuisse</span> <span class='ocrx_word' id='word_1_251' title='bbox 1271 1635 1542 1699; x_wconf 86' lang='lat' dir='ltr'>consequens</span> <span class='ocrx_word' id='word_1_252' title='bbox 1560 1638 1630 1681; x_wconf 77' lang='lat' dir='ltr'>est·</span> 
     </span>
    </p>

    <p class='ocr_par' dir='ltr' id='par_1_4' title="bbox 138 1699 1968 2131">
     <span class='ocr_line' id='line_1_25' title="bbox 208 1699 1966 1766; baseline 0.003 -22"><span class='ocrx_word' id='word_1_253' title='bbox 208 1700 296 1744; x_wconf 82' lang='lat' dir='ltr'>Sed</span> <span class='ocrx_word' id='word_1_254' title='bbox 314 1699 405 1745; x_wconf 78' lang='lat' dir='ltr'>haec</span> <span class='ocrx_word' id='word_1_255' title='bbox 427 1717 617 1762; x_wconf 82' lang='lat' dir='ltr'>utroque</span> <span class='ocrx_word' id='word_1_256' title='bbox 638 1700 752 1765; x_wconf 87' lang='lat' dir='ltr'>pede</span> <span class='ocrx_word' id='word_1_257' title='bbox 778 1699 1041 1745; x_wconf 85' lang='lat' dir='ltr'>claudicant.</span> <span class='ocrx_word' id='word_1_258' title='bbox 1073 1703 1193 1745; x_wconf 85' lang='lat' dir='ltr'>Nam</span> <span class='ocrx_word' id='word_1_259' title='bbox 1221 1708 1280 1747; x_wconf 88' lang='lat'>10.</span> <span class='ocrx_word' id='word_1_260' title='bbox 1307 1700 1511 1746; x_wconf 82' lang='lat' dir='ltr'>Vidimus</span> <span class='ocrx_word' id='word_1_261' title='bbox 1539 1705 1628 1761; x_wconf 84' lang='lat' dir='ltr'>jam</span> <span class='ocrx_word' id='word_1_262' title='bbox 1659 1701 1785 1765; x_wconf 66' lang='lat' dir='ltr'>supra</span> <span class='ocrx_word' id='word_1_263' title='bbox 1822 1702 1966 1766; x_wconf 83' lang='lat' dir='ltr'>capite</span> 
     </span>
     <span class='ocr_line' id='line_1_26' title="bbox 149 1763 1967 1829; baseline 0.002 -21"><span class='ocrx_word' id='word_1_264' title='bbox 149 1770 192 1809; x_wconf 87' lang='lat'>6.</span> <span class='ocrx_word' id='word_1_265' title='bbox 224 1781 379 1811; x_wconf 85' lang='lat' dir='ltr'>canem</span> <span class='ocrx_word' id='word_1_266' title='bbox 397 1798 410 1816; x_wconf 83' lang='lat'>,</span> <span class='ocrx_word' id='word_1_267' title='bbox 443 1782 577 1827; x_wconf 88' lang='lat' dir='ltr'>quem</span> <span class='ocrx_word' id='word_1_268' title='bbox 603 1783 680 1829; x_wconf 90' lang='lat' dir='ltr'>per</span> <span class='ocrx_word' id='word_1_269' title='bbox 713 1765 824 1810; x_wconf 90' lang='lat' dir='ltr'>duos</span> <span class='ocrx_word' id='word_1_270' title='bbox 856 1763 1024 1811; x_wconf 87' lang='lat' dir='ltr'>menses</span> <span class='ocrx_word' id='word_1_271' title='bbox 1056 1764 1213 1809; x_wconf 61' lang='lat' dir='ltr'>canina</span> <span class='ocrx_word' id='word_1_272' title='bbox 1239 1782 1371 1810; x_wconf 85' lang='lat' dir='ltr'>carne</span> <span class='ocrx_word' id='word_1_273' title='bbox 1398 1765 1693 1818; x_wconf 80' lang='lat' dir='ltr'>nutrivimus,</span> <span class='ocrx_word' id='word_1_274' title='bbox 1728 1766 1857 1812; x_wconf 90' lang='lat' dir='ltr'>nullis</span> <span class='ocrx_word' id='word_1_275' title='bbox 1883 1767 1967 1813; x_wconf 88' lang='lat' dir='ltr'>luis</span> 
     </span>
     <span class='ocr_line' id='line_1_27' title="bbox 148 1827 1968 1893; baseline 0.002 -20"><span class='ocrx_word' id='word_1_276' title='bbox 148 1844 349 1875; x_wconf 80' lang='lat' dir='ltr'>venereae</span> <span class='ocrx_word' id='word_1_277' title='bbox 386 1828 686 1893; x_wconf 84' lang='lat' dir='ltr'>symptomatis</span> <span class='ocrx_word' id='word_1_278' title='bbox 721 1829 926 1875; x_wconf 64' lang='lat' dir='ltr'>affeCmm</span> <span class='ocrx_word' id='word_1_279' title='bbox 959 1827 1084 1874; x_wconf 74' lang='lat' dir='ltr'>fuiffe</span> <span class='ocrx_word' id='word_1_280' title='bbox 1107 1861 1119 1879; x_wconf 88' lang='lat'>,</span> <span class='ocrx_word' id='word_1_281' title='bbox 1145 1829 1264 1876; x_wconf 89' lang='lat' dir='ltr'>unde</span> <span class='ocrx_word' id='word_1_282' title='bbox 1292 1830 1487 1892; x_wconf 85' lang='lat' dir='ltr'>sequitur</span> <span class='ocrx_word' id='word_1_283' title='bbox 1516 1847 1599 1876; x_wconf 89' lang='lat' dir='ltr'>nec</span> <span class='ocrx_word' id='word_1_284' title='bbox 1625 1830 1673 1876; x_wconf 86' lang='lat' dir='ltr'>in</span> <span class='ocrx_word' id='word_1_285' title='bbox 1709 1830 1968 1878; x_wconf 86' lang='lat' dir='ltr'>hominibus</span> 
     </span>
     <span class='ocr_line' id='line_1_28' title="bbox 143 1892 1967 1958; baseline 0.003 -22"><span class='ocrx_word' id='word_1_286' title='bbox 143 1892 278 1940; x_wconf 83' lang='lat' dir='ltr'>etiam</span> <span class='ocrx_word' id='word_1_287' title='bbox 298 1894 417 1958; x_wconf 82' lang='lat' dir='ltr'>luem</span> <span class='ocrx_word' id='word_1_288' title='bbox 439 1912 675 1940; x_wconf 83' lang='lat' dir='ltr'>veneream</span> <span class='ocrx_word' id='word_1_289' title='bbox 702 1894 884 1940; x_wconf 81' lang='lat' dir='ltr'>excitari</span> <span class='ocrx_word' id='word_1_290' title='bbox 910 1893 1028 1958; x_wconf 75' lang='lat' dir='ltr'>polse</span> <span class='ocrx_word' id='word_1_291' title='bbox 1047 1892 1123 1938; x_wconf 85' lang='lat' dir='ltr'>esu</span> <span class='ocrx_word' id='word_1_292' title='bbox 1150 1894 1289 1940; x_wconf 85' lang='lat' dir='ltr'>carnis</span> <span class='ocrx_word' id='word_1_293' title='bbox 1321 1894 1536 1940; x_wconf 77' lang='lat' dir='ltr'>humanae.</span> <span class='ocrx_word' id='word_1_294' title='bbox 1575 1903 1636 1940; x_wconf 82' lang='lat'>2⁰.</span> <span class='ocrx_word' id='word_1_295' title='bbox 1660 1897 1844 1940; x_wconf 83' lang='lat' dir='ltr'>Constat</span> <span class='ocrx_word' id='word_1_296' title='bbox 1864 1895 1967 1941; x_wconf 81' lang='lat' dir='ltr'>His-</span> 
     </span>
     <span class='ocr_line' id='line_1_29' title="bbox 147 1957 1966 2023; baseline 0.003 -22"><span class='ocrx_word' id='word_1_297' title='bbox 147 1958 392 2004; x_wconf 87' lang='lat' dir='ltr'>toricorum</span> <span class='ocrx_word' id='word_1_298' title='bbox 421 1959 672 2005; x_wconf 86' lang='lat' dir='ltr'>testimonio</span> <span class='ocrx_word' id='word_1_299' title='bbox 701 1958 930 2021; x_wconf 77' lang='lat' dir='ltr'>indigenas</span> <span class='ocrx_word' id='word_1_300' title='bbox 960 1957 1112 2003; x_wconf 83' lang='lat' dir='ltr'>Insulae</span> <span class='ocrx_word' id='word_1_301' title='bbox 1142 1959 1268 2003; x_wconf 84' lang='lat' dir='ltr'>Haiti</span> <span class='ocrx_word' id='word_1_302' title='bbox 1293 1957 1380 2006; x_wconf 83' lang='lat' dir='ltr'>five</span> <span class='ocrx_word' id='word_1_303' title='bbox 1408 1960 1678 2023; x_wconf 80' lang='lat' dir='ltr'>Hispaniolae</span> <span class='ocrx_word' id='word_1_304' title='bbox 1701 1960 1966 2023; x_wconf 85' lang='lat' dir='ltr'>Anthropo-</span> 
     </span>
     <span class='ocr_line' id='line_1_30' title="bbox 138 2021 1965 2131; baseline 0.003 -65"><span class='ocrx_word' id='word_1_305' title='bbox 138 2021 310 2131; x_wconf 54' lang='lat' dir='ltr'>phagos</span> <span class='ocrx_word' id='word_1_306' title='bbox 342 2025 597 2086; x_wconf 84' lang='lat' dir='ltr'>neutiquam</span> <span class='ocrx_word' id='word_1_307' title='bbox 623 2024 749 2070; x_wconf 78' lang='lat' dir='ltr'>fuiffe</span> <span class='ocrx_word' id='word_1_308' title='bbox 766 2058 777 2076; x_wconf 86' lang='lat'>,</span> <span class='ocrx_word' id='word_1_309' title='bbox 801 2024 893 2068; x_wconf 73' lang='lat' dir='ltr'>imo</span> <span class='ocrx_word' id='word_1_310' title='bbox 919 2023 1074 2068; x_wconf 73' lang='lat' dir='ltr'>contra</span> <span class='ocrx_word' id='word_1_311' title='bbox 1095 2023 1118 2067; x_wconf 74' lang='grc' dir='ltr'>ἒι</span> <span class='ocrx_word' id='word_1_312' title='bbox 1141 2024 1305 2069; x_wconf 80' lang='lat' dir='ltr'>caeteris</span> <span class='ocrx_word' id='word_1_313' title='bbox 1332 2024 1552 2088; x_wconf 85' lang='lat' dir='ltr'>plerisque</span> <span class='ocrx_word' id='word_1_314' title='bbox 1580 2025 1796 2070; x_wconf 86' lang='lat' dir='ltr'>Americae</span> <span class='ocrx_word' id='word_1_315' title='bbox 1817 2026 1965 2088; x_wconf 84' lang='lat' dir='ltr'>genti-</span> 
     </span>
    </p>

    <p class='ocr_par' dir='ltr' id='par_1_5' title="bbox 179 2087 1339 2134">
     <span class='ocr_line' id='line_1_31' title="bbox 179 2087 1339 2134; baseline -0.001 -1"><span class='ocrx_word' id='word_1_316' title='bbox 179 2104 225 2133; x_wconf 85' lang='lat' dir='ltr'>us</span> <span class='ocrx_word' id='word_1_317' title='bbox 242 2088 290 2132; x_wconf 90' lang='lat' dir='ltr'>in</span> <span class='ocrx_word' id='word_1_318' title='bbox 308 2105 362 2134; x_wconf 94' lang='lat' dir='ltr'>eo</span> <span class='ocrx_word' id='word_1_319' title='bbox 381 2088 603 2134; x_wconf 81' lang='lat' dir='ltr'>dissimiles</span> <span class='ocrx_word' id='word_1_320' title='bbox 617 2088 675 2134; x_wconf 81' lang='lat' dir='ltr'>ab</span> <span class='ocrx_word' id='word_1_321' title='bbox 697 2087 884 2134; x_wconf 61' lang='lat' dir='ltr'>humana</span> <span class='ocrx_word' id='word_1_322' title='bbox 903 2105 1030 2134; x_wconf 89' lang='lat' dir='ltr'>carne</span> <span class='ocrx_word' id='word_1_323' title='bbox 1050 2087 1339 2134; x_wconf 78' lang='lat' dir='ltr'>abhorruiffe.</span> 
     </span>
    </p>

    <p class='ocr_par' dir='ltr' id='par_1_6' title="bbox 145 2151 1965 2539">
     <span class='ocr_line' id='line_1_32' title="bbox 205 2151 1965 2216; baseline 0.001 -19"><span class='ocrx_word' id='word_1_324' title='bbox 205 2152 422 2198; x_wconf 88' lang='lat' dir='ltr'>Concidit</span> <span class='ocrx_word' id='word_1_325' title='bbox 454 2153 601 2216; x_wconf 86' lang='lat' dir='ltr'>itaque</span> <span class='ocrx_word' id='word_1_326' title='bbox 636 2153 774 2198; x_wconf 79' lang='lat' dir='ltr'>futilis</span> <span class='ocrx_word' id='word_1_327' title='bbox 806 2153 896 2198; x_wconf 84' lang='lat' dir='ltr'>haec</span> <span class='ocrx_word' id='word_1_328' title='bbox 928 2158 973 2199; x_wconf 64' lang='grc' dir='ltr'>ὃς</span> <span class='ocrx_word' id='word_1_329' title='bbox 1005 2153 1312 2198; x_wconf 87' lang='lat' dir='ltr'>commentitia</span> <span class='ocrx_word' id='word_1_330' title='bbox 1335 2152 1586 2199; x_wconf 83' lang='lat' dir='ltr'>Fioravanti</span> <span class='ocrx_word' id='word_1_331' title='bbox 1611 2151 1767 2215; x_wconf 85' lang='lat' dir='ltr'>opinio</span> <span class='ocrx_word' id='word_1_332' title='bbox 1786 2186 1797 2203; x_wconf 87' lang='lat'>‚</span> <span class='ocrx_word' id='word_1_333' title='bbox 1830 2167 1965 2216; x_wconf 82' lang='lat' dir='ltr'>atque</span> 
     </span>
     <span class='ocr_line' id='line_1_33' title="bbox 145 2216 1963 2281; baseline -0.001 -19"><span class='ocrx_word' id='word_1_334' title='bbox 145 2216 257 2262; x_wconf 79' lang='lat' dir='ltr'>adeo</span> <span class='ocrx_word' id='word_1_335' title='bbox 286 2217 507 2281; x_wconf 81' lang='lat' dir='ltr'>proposita</span> <span class='ocrx_word' id='word_1_336' title='bbox 525 2218 700 2281; x_wconf 79' lang='lat' dir='ltr'>quaestio</span> <span class='ocrx_word' id='word_1_337' title='bbox 722 2217 777 2264; x_wconf 89' lang='lat' dir='ltr'>de</span> <span class='ocrx_word' id='word_1_338' title='bbox 798 2218 938 2281; x_wconf 63' lang='lat' dir='ltr'>prima</span> <span class='ocrx_word' id='word_1_339' title='bbox 974 2218 1055 2263; x_wconf 87' lang='lat' dir='ltr'>luis</span> <span class='ocrx_word' id='word_1_340' title='bbox 1083 2234 1282 2263; x_wconf 81' lang='lat' dir='ltr'>venereae</span> <span class='ocrx_word' id='word_1_341' title='bbox 1309 2217 1511 2279; x_wconf 77' lang='lat' dir='ltr'>origine,</span> <span class='ocrx_word' id='word_1_342' title='bbox 1534 2216 1595 2262; x_wconf 88' lang='lat' dir='ltr'>fin</span> <span class='ocrx_word' id='word_1_343' title='bbox 1622 2216 1764 2262; x_wconf 74' lang='lat' dir='ltr'>minus</span> <span class='ocrx_word' id='word_1_344' title='bbox 1796 2216 1963 2262; x_wconf 84' lang='lat' dir='ltr'>intrac-</span> 
     </span>
     <span class='ocr_line' id='line_1_34' title="bbox 147 2278 1964 2346; baseline 0.001 -19"><span class='ocrx_word' id='word_1_345' title='bbox 147 2297 235 2327; x_wconf 80' lang='lat' dir='ltr'>tata</span> <span class='ocrx_word' id='word_1_346' title='bbox 251 2316 263 2333; x_wconf 86' lang='lat'>,</span> <span class='ocrx_word' id='word_1_347' title='bbox 301 2281 451 2328; x_wconf 82' lang='lat' dir='ltr'>saltem</span> <span class='ocrx_word' id='word_1_348' title='bbox 473 2282 646 2345; x_wconf 81' lang='lat' dir='ltr'>integra</span> <span class='ocrx_word' id='word_1_349' title='bbox 669 2283 867 2346; x_wconf 85' lang='lat' dir='ltr'>superest.</span> <span class='ocrx_word' id='word_1_350' title='bbox 897 2282 1123 2339; x_wconf 85' lang='lat' dir='ltr'>Quocirca</span> <span class='ocrx_word' id='word_1_351' title='bbox 1138 2299 1193 2327; x_wconf 88' lang='lat' dir='ltr'>ne</span> <span class='ocrx_word' id='word_1_352' title='bbox 1213 2278 1472 2328; x_wconf 80' lang='lat' dir='ltr'>difficultate</span> <span class='ocrx_word' id='word_1_353' title='bbox 1490 2281 1692 2328; x_wconf 86' lang='lat' dir='ltr'>deterriti</span> <span class='ocrx_word' id='word_1_354' title='bbox 1709 2280 1859 2326; x_wconf 87' lang='lat' dir='ltr'>officio</span> <span class='ocrx_word' id='word_1_355' title='bbox 1880 2282 1964 2328; x_wconf 86' lang='lat' dir='ltr'>de-</span> 
     </span>
     <span class='ocr_line' id='line_1_35' title="bbox 146 2344 1964 2410; baseline 0.001 -19"><span class='ocrx_word' id='word_1_356' title='bbox 146 2346 270 2392; x_wconf 84' lang='lat' dir='ltr'>fuille</span> <span class='ocrx_word' id='word_1_357' title='bbox 300 2346 529 2392; x_wconf 87' lang='lat' dir='ltr'>videamur</span> <span class='ocrx_word' id='word_1_358' title='bbox 547 2380 558 2399; x_wconf 87' lang='lat'>,</span> <span class='ocrx_word' id='word_1_359' title='bbox 581 2346 775 2404; x_wconf 83' lang='lat' dir='ltr'>ejusdem</span> <span class='ocrx_word' id='word_1_360' title='bbox 797 2345 1141 2410; x_wconf 82' lang='lat' dir='ltr'>explicationem</span> <span class='ocrx_word' id='word_1_361' title='bbox 1167 2362 1339 2392; x_wconf 82' lang='lat' dir='ltr'>tentare</span> <span class='ocrx_word' id='word_1_362' title='bbox 1364 2346 1569 2405; x_wconf 81' lang='lat' dir='ltr'>cogimur</span> <span class='ocrx_word' id='word_1_363' title='bbox 1585 2380 1598 2399; x_wconf 91' lang='lat'>,</span> <span class='ocrx_word' id='word_1_364' title='bbox 1624 2350 1670 2390; x_wconf 85' lang='lat'>&amp;</span> <span class='ocrx_word' id='word_1_365' title='bbox 1702 2344 1730 2389; x_wconf 79' lang='lat' dir='ltr'>si</span> <span class='ocrx_word' id='word_1_366' title='bbox 1765 2363 1855 2390; x_wconf 87' lang='lat' dir='ltr'>non</span> <span class='ocrx_word' id='word_1_367' title='bbox 1887 2364 1964 2392; x_wconf 56' lang='lat' dir='ltr'>ven</span> 
     </span>
     <span class='ocr_line' id='line_1_36' title="bbox 150 2409 1961 2475; baseline -0.001 -18"><span class='ocrx_word' id='word_1_368' title='bbox 150 2429 216 2457; x_wconf 80' lang='lat' dir='ltr'>ras</span> <span class='ocrx_word' id='word_1_369' title='bbox 244 2411 445 2473; x_wconf 83' lang='lat' dir='ltr'>proferre</span> <span class='ocrx_word' id='word_1_370' title='bbox 465 2445 475 2462; x_wconf 87' lang='lat'>‚</span> <span class='ocrx_word' id='word_1_371' title='bbox 496 2427 538 2456; x_wconf 87' lang='lat' dir='ltr'>at</span> <span class='ocrx_word' id='word_1_372' title='bbox 565 2409 716 2457; x_wconf 88' lang='lat' dir='ltr'>saltem</span> <span class='ocrx_word' id='word_1_373' title='bbox 738 2411 927 2456; x_wconf 76' lang='lat' dir='ltr'>maxime</span> <span class='ocrx_word' id='word_1_374' title='bbox 958 2410 1211 2475; x_wconf 85' lang='lat' dir='ltr'>probabiles</span> <span class='ocrx_word' id='word_1_375' title='bbox 1242 2411 1304 2458; x_wconf 89' lang='lat' dir='ltr'>rei</span> <span class='ocrx_word' id='word_1_376' title='bbox 1333 2411 1477 2456; x_wconf 73' lang='lat' dir='ltr'>causas</span> <span class='ocrx_word' id='word_1_377' title='bbox 1503 2409 1686 2475; x_wconf 78' lang='lat' dir='ltr'>seligere</span> <span class='ocrx_word' id='word_1_378' title='bbox 1710 2427 1763 2456; x_wconf 83' lang='lat' dir='ltr'>ex</span> <span class='ocrx_word' id='word_1_379' title='bbox 1796 2410 1961 2474; x_wconf 84' lang='lat' dir='ltr'>triplici</span> 
     </span>
     <span class='ocr_line' id='line_1_37' title="bbox 147 2474 899 2539; baseline -0.003 -17"><span class='ocrx_word' id='word_1_380' title='bbox 147 2474 374 2522; x_wconf 84' lang='lat' dir='ltr'>causarum</span> <span class='ocrx_word' id='word_1_381' title='bbox 400 2475 526 2520; x_wconf 71' lang='lat' dir='ltr'>classe</span> <span class='ocrx_word' id='word_1_382' title='bbox 547 2474 671 2539; x_wconf 66' lang='lat' dir='ltr'>supra</span> <span class='ocrx_word' id='word_1_383' title='bbox 690 2475 899 2520; x_wconf 62' lang='lat' dir='ltr'>indicata.</span> 
     </span>
    </p>

    <p class='ocr_par' dir='ltr' id='par_1_7' title="bbox 143 2538 1962 3167">
     <span class='ocr_line' id='line_1_38' title="bbox 210 2538 1961 2604; baseline -0.001 -19"><span class='ocrx_word' id='word_1_384' title='bbox 210 2545 243 2585; x_wconf 94' lang='grc' dir='ltr'>Ι.</span> <span class='ocrx_word' id='word_1_385' title='bbox 279 2539 469 2585; x_wconf 83' lang='lat' dir='ltr'>Videtur</span> <span class='ocrx_word' id='word_1_386' title='bbox 488 2539 671 2602; x_wconf 89' lang='lat' dir='ltr'>quidem</span> <span class='ocrx_word' id='word_1_387' title='bbox 691 2545 762 2586; x_wconf 83' lang='lat' dir='ltr'>a&#39;c&#39;r</span> <span class='ocrx_word' id='word_1_388' title='bbox 782 2541 804 2585; x_wconf 82' lang='grc' dir='ltr'>ὲ</span> <span class='ocrx_word' id='word_1_389' title='bbox 827 2557 1015 2586; x_wconf 89' lang='lat' dir='ltr'>numero</span> <span class='ocrx_word' id='word_1_390' title='bbox 1045 2539 1269 2586; x_wconf 80' lang='lat' dir='ltr'>causarum</span> <span class='ocrx_word' id='word_1_391' title='bbox 1296 2539 1619 2604; x_wconf 75' lang='lat' dir='ltr'>expungendus</span> <span class='ocrx_word' id='word_1_392' title='bbox 1636 2571 1649 2590; x_wconf 83' lang='lat'>‚</span> <span class='ocrx_word' id='word_1_393' title='bbox 1678 2538 1756 2601; x_wconf 90' lang='lat' dir='ltr'>qui</span> <span class='ocrx_word' id='word_1_394' title='bbox 1786 2538 1832 2583; x_wconf 88' lang='lat' dir='ltr'>in</span> <span class='ocrx_word' id='word_1_395' title='bbox 1853 2538 1961 2585; x_wconf 82' lang='lat' dir='ltr'>His-</span> 
     </span>
     <span class='ocr_line' id='line_1_39' title="bbox 146 2603 1959 2669; baseline 0 -20"><span class='ocrx_word' id='word_1_396' title='bbox 146 2604 321 2669; x_wconf 67' lang='lat' dir='ltr'>paniolzi</span> <span class='ocrx_word' id='word_1_397' title='bbox 345 2604 527 2650; x_wconf 86' lang='lat' dir='ltr'>morbos</span> <span class='ocrx_word' id='word_1_398' title='bbox 546 2604 651 2650; x_wconf 85' lang='lat' dir='ltr'>alios</span> <span class='ocrx_word' id='word_1_399' title='bbox 676 2603 826 2649; x_wconf 79' lang='lat' dir='ltr'>forsan</span> <span class='ocrx_word' id='word_1_400' title='bbox 852 2603 1021 2651; x_wconf 87' lang='lat' dir='ltr'>inferre</span> <span class='ocrx_word' id='word_1_401' title='bbox 1053 2605 1199 2668; x_wconf 84' lang='lat' dir='ltr'>potuit</span> <span class='ocrx_word' id='word_1_402' title='bbox 1215 2639 1226 2656; x_wconf 85' lang='lat'>‚</span> <span class='ocrx_word' id='word_1_403' title='bbox 1256 2620 1297 2650; x_wconf 86' lang='lat' dir='ltr'>at</span> <span class='ocrx_word' id='word_1_404' title='bbox 1327 2606 1435 2651; x_wconf 75' lang='lat' dir='ltr'>vero</span> <span class='ocrx_word' id='word_1_405' title='bbox 1462 2605 1579 2649; x_wconf 88' lang='lat' dir='ltr'>luem</span> <span class='ocrx_word' id='word_1_406' title='bbox 1612 2620 1850 2650; x_wconf 79' lang='lat' dir='ltr'>veneream</span> <span class='ocrx_word' id='word_1_407' title='bbox 1873 2605 1959 2649; x_wconf 91' lang='lat' dir='ltr'>mi-</span> 
     </span>
     <span class='ocr_line' id='line_1_40' title="bbox 149 2668 1962 2733; baseline 0.001 -20"><span class='ocrx_word' id='word_1_408' title='bbox 149 2669 284 2713; x_wconf 67' lang='lat' dir='ltr'>nim&#39;e&#39;.</span> <span class='ocrx_word' id='word_1_409' title='bbox 316 2669 489 2731; x_wconf 86' lang='lat' dir='ltr'>Utique</span> <span class='ocrx_word' id='word_1_410' title='bbox 524 2671 690 2714; x_wconf 84' lang='lat' dir='ltr'>constat</span> <span class='ocrx_word' id='word_1_411' title='bbox 721 2673 952 2733; x_wconf 65' lang='lat' dir='ltr'>Europaeos</span> <span class='ocrx_word' id='word_1_412' title='bbox 971 2703 983 2721; x_wconf 83' lang='grc'>,</span> <span class='ocrx_word' id='word_1_413' title='bbox 1003 2671 1078 2732; x_wconf 90' lang='lat' dir='ltr'>qui</span> <span class='ocrx_word' id='word_1_414' title='bbox 1101 2688 1197 2716; x_wconf 85' lang='lat' dir='ltr'>eam</span> <span class='ocrx_word' id='word_1_415' title='bbox 1227 2668 1418 2715; x_wconf 79' lang='lat' dir='ltr'>Insulam</span> <span class='ocrx_word' id='word_1_416' title='bbox 1445 2673 1532 2730; x_wconf 89' lang='lat' dir='ltr'>jam</span> <span class='ocrx_word' id='word_1_417' title='bbox 1559 2668 1583 2713; x_wconf 71' lang='lat' dir='ltr'>a</span> <span class='ocrx_word' id='word_1_418' title='bbox 1608 2668 1808 2714; x_wconf 86' lang='lat' dir='ltr'>ducentis</span> <span class='ocrx_word' id='word_1_419' title='bbox 1837 2669 1962 2714; x_wconf 89' lang='lat' dir='ltr'>annis</span> 
     </span>
     <span class='ocr_line' id='line_1_41' title="bbox 144 2732 1958 2797; baseline 0.001 -19"><span class='ocrx_word' id='word_1_420' title='bbox 144 2732 346 2778; x_wconf 87' lang='lat' dir='ltr'>incolunt</span> <span class='ocrx_word' id='word_1_421' title='bbox 363 2767 375 2785; x_wconf 89' lang='lat'>‚</span> <span class='ocrx_word' id='word_1_422' title='bbox 393 2734 512 2781; x_wconf 89' lang='lat' dir='ltr'>luem</span> <span class='ocrx_word' id='word_1_423' title='bbox 540 2751 777 2795; x_wconf 83' lang='lat' dir='ltr'>veneream</span> <span class='ocrx_word' id='word_1_424' title='bbox 791 2733 962 2779; x_wconf 87' lang='lat' dir='ltr'>ibidem</span> <span class='ocrx_word' id='word_1_425' title='bbox 982 2751 1223 2797; x_wconf 85' lang='lat' dir='ltr'>numquam</span> <span class='ocrx_word' id='word_1_426' title='bbox 1244 2733 1530 2785; x_wconf 80' lang='lat' dir='ltr'>contraxiffe,</span> <span class='ocrx_word' id='word_1_427' title='bbox 1561 2732 1637 2778; x_wconf 83' lang='lat' dir='ltr'>uisi</span> <span class='ocrx_word' id='word_1_428' title='bbox 1659 2732 1927 2794; x_wconf 82' lang='lat' dir='ltr'>contagione</span> <span class='ocrx_word' id='word_1_429' title='bbox 1949 2753 1958 2779; x_wconf 91' lang='lat'>:</span> 
     </span>
     <span class='ocr_line' id='line_1_42' title="bbox 148 2796 1959 2869; baseline -0.001 -26"><span class='ocrx_word' id='word_1_430' title='bbox 148 2797 345 2860; x_wconf 66' lang='lat' dir='ltr'>Europaei</span> <span class='ocrx_word' id='word_1_431' title='bbox 372 2813 519 2844; x_wconf 84' lang='lat' dir='ltr'>tamen</span> <span class='ocrx_word' id='word_1_432' title='bbox 539 2796 685 2869; x_wconf 49' lang='grc' dir='ltr'>ειὲῑῇᾞ</span> <span class='ocrx_word' id='word_1_433' title='bbox 703 2798 873 2845; x_wconf 88' lang='lat' dir='ltr'>ibidem</span> <span class='ocrx_word' id='word_1_434' title='bbox 891 2799 1058 2844; x_wconf 89' lang='lat' dir='ltr'>ducunt</span> <span class='ocrx_word' id='word_1_435' title='bbox 1077 2805 1122 2845; x_wconf 60' lang='grc' dir='ltr'>ὃς</span> <span class='ocrx_word' id='word_1_436' title='bbox 1139 2799 1346 2845; x_wconf 84' lang='lat' dir='ltr'>eumdem</span> <span class='ocrx_word' id='word_1_437' title='bbox 1362 2817 1496 2861; x_wconf 88' lang='lat' dir='ltr'>quem</span> <span class='ocrx_word' id='word_1_438' title='bbox 1513 2798 1623 2843; x_wconf 89' lang='lat' dir='ltr'>olim</span> <span class='ocrx_word' id='word_1_439' title='bbox 1652 2796 1875 2842; x_wconf 88' lang='lat' dir='ltr'>ducebant</span> <span class='ocrx_word' id='word_1_440' title='bbox 1893 2798 1959 2841; x_wconf 89' lang='lat' dir='ltr'>in-</span> 
     </span>
     <span class='ocr_line' id='line_1_43' title="bbox 144 2862 1959 2926; baseline -0.001 -18"><span class='ocrx_word' id='word_1_441' title='bbox 144 2862 315 2923; x_wconf 67' lang='lat' dir='ltr'>digente</span> <span class='ocrx_word' id='word_1_442' title='bbox 332 2894 343 2911; x_wconf 78' lang='grc'>,</span> <span class='ocrx_word' id='word_1_443' title='bbox 365 2867 408 2906; x_wconf 84' lang='lat'>&amp;</span> <span class='ocrx_word' id='word_1_444' title='bbox 433 2862 572 2907; x_wconf 87' lang='lat' dir='ltr'>dubio</span> <span class='ocrx_word' id='word_1_445' title='bbox 593 2864 746 2926; x_wconf 86' lang='lat' dir='ltr'>procul</span> <span class='ocrx_word' id='word_1_446' title='bbox 766 2863 925 2909; x_wconf 92' lang='lat' dir='ltr'>eodem</span> <span class='ocrx_word' id='word_1_447' title='bbox 948 2863 1086 2909; x_wconf 84' lang='lat' dir='ltr'>modo</span> <span class='ocrx_word' id='word_1_448' title='bbox 1109 2880 1403 2926; x_wconf 77' lang='lat' dir='ltr'>temperatum</span> <span class='ocrx_word' id='word_1_449' title='bbox 1424 2869 1469 2908; x_wconf 80' lang='lat'>&amp;</span> <span class='ocrx_word' id='word_1_450' title='bbox 1490 2862 1796 2912; x_wconf 80' lang='lat' dir='ltr'>constitutum3</span> <span class='ocrx_word' id='word_1_451' title='bbox 1813 2878 1959 2923; x_wconf 86' lang='lat' dir='ltr'>neque</span> 
     </span>
     <span class='ocr_line' id='line_1_44' title="bbox 143 2923 1956 2990; baseline -0.001 -18"><span class='ocrx_word' id='word_1_452' title='bbox 143 2926 264 2973; x_wconf 88' lang='lat' dir='ltr'>enim</span> <span class='ocrx_word' id='word_1_453' title='bbox 294 2923 429 2988; x_wconf 77' lang='lat' dir='ltr'>posset</span> <span class='ocrx_word' id='word_1_454' title='bbox 452 2925 581 2971; x_wconf 75' lang='lat' dir='ltr'>facile</span> <span class='ocrx_word' id='word_1_455' title='bbox 608 2927 782 2990; x_wconf 88' lang='lat' dir='ltr'>concipi</span> <span class='ocrx_word' id='word_1_456' title='bbox 803 2928 912 2972; x_wconf 83' lang='lat' dir='ltr'>a&#39;e&#39;ris</span> <span class='ocrx_word' id='word_1_457' title='bbox 935 2928 1165 2988; x_wconf 86' lang='lat' dir='ltr'>qualitates</span> <span class='ocrx_word' id='word_1_458' title='bbox 1191 2929 1237 2972; x_wconf 88' lang='lat' dir='ltr'>in</span> <span class='ocrx_word' id='word_1_459' title='bbox 1269 2928 1451 2989; x_wconf 75' lang='lat' dir='ltr'>regione</span> <span class='ocrx_word' id='word_1_460' title='bbox 1478 2926 1634 2973; x_wconf 67' lang='lat' dir='ltr'>eadem</span> <span class='ocrx_word' id='word_1_461' title='bbox 1666 2941 1756 2969; x_wconf 88' lang='lat' dir='ltr'>uno</span> <span class='ocrx_word' id='word_1_462' title='bbox 1793 2940 1866 2969; x_wconf 89' lang='lat' dir='ltr'>aut</span> <span class='ocrx_word' id='word_1_463' title='bbox 1897 2925 1956 2971; x_wconf 81' lang='lat' dir='ltr'>al-</span> 
     </span>
     <span class='ocr_line' id='line_1_45' title="bbox 147 2988 1958 3052; baseline -0.001 -16"><span class='ocrx_word' id='word_1_464' title='bbox 147 3007 243 3036; x_wconf 87' lang='lat' dir='ltr'>tero</span> <span class='ocrx_word' id='word_1_465' title='bbox 271 2989 426 3035; x_wconf 75' lang='lat' dir='ltr'>saeculo</span> <span class='ocrx_word' id='word_1_466' title='bbox 453 2990 514 3034; x_wconf 91' lang='lat' dir='ltr'>ita</span> <span class='ocrx_word' id='word_1_467' title='bbox 538 3007 721 3036; x_wconf 85' lang='lat' dir='ltr'>mutatas</span> <span class='ocrx_word' id='word_1_468' title='bbox 745 2989 870 3036; x_wconf 81' lang='lat' dir='ltr'>fuilse</span> <span class='ocrx_word' id='word_1_469' title='bbox 890 3024 902 3042; x_wconf 82' lang='lat'>‚</span> <span class='ocrx_word' id='word_1_470' title='bbox 924 3006 971 3034; x_wconf 94' lang='lat' dir='ltr'>ut</span> <span class='ocrx_word' id='word_1_471' title='bbox 996 2992 1073 3052; x_wconf 89' lang='lat' dir='ltr'>qui</span> <span class='ocrx_word' id='word_1_472' title='bbox 1095 2991 1202 3035; x_wconf 88' lang='lat' dir='ltr'>olim</span> <span class='ocrx_word' id='word_1_473' title='bbox 1231 2991 1350 3036; x_wconf 88' lang='lat' dir='ltr'>luem</span> <span class='ocrx_word' id='word_1_474' title='bbox 1378 3007 1615 3037; x_wconf 89' lang='lat' dir='ltr'>veneream</span> <span class='ocrx_word' id='word_1_475' title='bbox 1643 2988 1866 3051; x_wconf 55' lang='lat' dir='ltr'>indigenis</span> <span class='ocrx_word' id='word_1_476' title='bbox 1888 2989 1958 3034; x_wconf 88' lang='lat' dir='ltr'>in-</span> 
     </span>
     <span class='ocr_line' id='line_1_46' title="bbox 143 3053 1957 3118; baseline -0.001 -17"><span class='ocrx_word' id='word_1_477' title='bbox 143 3055 265 3101; x_wconf 87' lang='lat' dir='ltr'>ferre</span> <span class='ocrx_word' id='word_1_478' title='bbox 307 3070 481 3118; x_wconf 85' lang='lat' dir='ltr'>poterat</span> <span class='ocrx_word' id='word_1_479' title='bbox 515 3087 528 3106; x_wconf 86' lang='grc'>,</span> <span class='ocrx_word' id='word_1_480' title='bbox 569 3059 657 3117; x_wconf 86' lang='lat' dir='ltr'>jam</span> <span class='ocrx_word' id='word_1_481' title='bbox 696 3054 960 3101; x_wconf 87' lang='lat' dir='ltr'>nullomodo</span> <span class='ocrx_word' id='word_1_482' title='bbox 1002 3054 1140 3118; x_wconf 84' lang='lat' dir='ltr'>poslet</span> <span class='ocrx_word' id='word_1_483' title='bbox 1181 3054 1385 3101; x_wconf 85' lang='lat' dir='ltr'>eamdem</span> <span class='ocrx_word' id='word_1_484' title='bbox 1421 3054 1602 3102; x_wconf 89' lang='lat' dir='ltr'>advenis</span> <span class='ocrx_word' id='word_1_485' title='bbox 1646 3053 1741 3117; x_wconf 82' lang='lat' dir='ltr'>pari</span> <span class='ocrx_word' id='word_1_486' title='bbox 1784 3053 1957 3100; x_wconf 86' lang='lat' dir='ltr'>ratione</span> 
     </span>
     <span class='ocr_line' id='line_1_47' title="bbox 143 3118 374 3167; baseline -0.013 0"><span class='ocrx_word' id='word_1_487' title='bbox 143 3118 374 3167; x_wconf 87' lang='lat' dir='ltr'>inducere.</span> 
     </span>
    </p>
   </div>
   <div class='ocr_carea' id='block_1_3' title="bbox 205 3181 1955 3311">
    <p class='ocr_par' dir='ltr' id='par_1_8' title="bbox 205 3181 1955 3311">
     <span class='ocr_line' id='line_1_48' title="bbox 205 3181 1955 3238; baseline 0.001 -8"><span class='ocrx_word' id='word_1_488' title='bbox 205 3187 273 3230; x_wconf 80' lang='grc' dir='ltr'>ΙΙ.</span> <span class='ocrx_word' id='word_1_489' title='bbox 308 3183 442 3230; x_wconf 84' lang='lat' dir='ltr'>Haud</span> <span class='ocrx_word' id='word_1_490' title='bbox 473 3182 578 3232; x_wconf 86' lang='lat' dir='ltr'>licet</span> <span class='ocrx_word' id='word_1_491' title='bbox 615 3184 735 3233; x_wconf 87' lang='lat' dir='ltr'>idem</span> <span class='ocrx_word' id='word_1_492' title='bbox 756 3183 920 3232; x_wconf 86' lang='lat' dir='ltr'>sentire</span> <span class='ocrx_word' id='word_1_493' title='bbox 954 3183 1010 3232; x_wconf 94' lang='lat' dir='ltr'>de</span> <span class='ocrx_word' id='word_1_494' title='bbox 1039 3183 1216 3233; x_wconf 83' lang='lat' dir='ltr'>cibariis</span> <span class='ocrx_word' id='word_1_495' title='bbox 1238 3198 1311 3235; x_wconf 83' lang='lat' dir='ltr'>aut</span> <span class='ocrx_word' id='word_1_496' title='bbox 1330 3183 1602 3233; x_wconf 84' lang='lat' dir='ltr'>cibariorum</span> <span class='ocrx_word' id='word_1_497' title='bbox 1621 3181 1919 3231; x_wconf 80' lang='lat' dir='ltr'>condimentis</span> <span class='ocrx_word' id='word_1_498' title='bbox 1940 3215 1955 3238; x_wconf 89' lang='lat'><em>,</em></span> 
     </span>
     <span class='ocr_line' id='line_1_49' title="bbox 1615 3246 1740 3311; baseline -0.032 -16"><span class='ocrx_word' id='word_1_499' title='bbox 1615 3251 1659 3295; x_wconf 91' lang='lat' dir='ltr'><strong>H</strong></span> <span class='ocrx_word' id='word_1_500' title='bbox 1690 3246 1740 3311; x_wconf 79' lang='lat' dir='ltr'>iij</span> 
     </span>
    </p>
   </div>
   <div class='ocr_carea' id='block_1_4' title="bbox 2013 1019 2249 1421">
    <p class='ocr_par' dir='ltr' id='par_1_9' title="bbox 2013 1019 2249 1421">
     <span class='ocr_line' id='line_1_50' title="bbox 2042 1019 2249 1071; baseline -0.005 -16"><span class='ocrx_word' id='word_1_501' title='bbox 2042 1019 2173 1071; x_wconf 85' lang='lat' dir='ltr'>Neque</span> <span class='ocrx_word' id='word_1_502' title='bbox 2191 1019 2249 1058; x_wconf 60' lang='lat' dir='ltr'>fui-⁴</span> 
     </span>
     <span class='ocr_line' id='line_1_51' title="bbox 2015 1069 2202 1122; baseline 0.005 -16"><span class='ocrx_word' id='word_1_503' title='bbox 2015 1069 2058 1107; x_wconf 90' lang='lat' dir='ltr'>de</span> <span class='ocrx_word' id='word_1_504' title='bbox 2090 1074 2202 1122; x_wconf 75' lang='lat' dir='ltr'>repeti</span> 
     </span>
     <span class='ocr_line' id='line_1_52' title="bbox 2014 1123 2245 1175; baseline 0.004 -17"><span class='ocrx_word' id='word_1_505' title='bbox 2014 1123 2125 1173; x_wconf 79' lang='lat' dir='ltr'>poss&#39;e,</span> <span class='ocrx_word' id='word_1_506' title='bbox 2142 1124 2245 1175; x_wconf 80' lang='lat' dir='ltr'>quod</span> 
     </span>
     <span class='ocr_line' id='line_1_53' title="bbox 2015 1176 2235 1213; baseline 0 0"><span class='ocrx_word' id='word_1_507' title='bbox 2015 1176 2235 1213; x_wconf 78' lang='lat' dir='ltr'>Ancillarum</span> 
     </span>
     <span class='ocr_line' id='line_1_54' title="bbox 2013 1227 2188 1278; baseline 0.011 -16"><span class='ocrx_word' id='word_1_508' title='bbox 2013 1227 2188 1278; x_wconf 67' lang='lat' dir='ltr'>indigena:</span> 
     </span>
     <span class='ocr_line' id='line_1_55' title="bbox 2013 1279 2218 1317; baseline 0.015 -3"><span class='ocrx_word' id='word_1_509' title='bbox 2013 1290 2116 1315; x_wconf 81' lang='lat' dir='ltr'>carne</span> <span class='ocrx_word' id='word_1_510' title='bbox 2140 1279 2218 1317; x_wconf 84' lang='lat' dir='ltr'>hu-</span> 
     </span>
     <span class='ocr_line' id='line_1_56' title="bbox 2013 1331 2210 1368; baseline 0.015 -3"><span class='ocrx_word' id='word_1_511' title='bbox 2013 1331 2118 1368; x_wconf 63' lang='lat' dir='ltr'>mana</span> <span class='ocrx_word' id='word_1_512' title='bbox 2135 1332 2210 1368; x_wconf 72' lang='lat' dir='ltr'>ves-</span> 
     </span>
     <span class='ocr_line' id='line_1_57' title="bbox 2015 1395 2190 1421; baseline -0.006 0"><span class='ocrx_word' id='word_1_513' title='bbox 2015 1395 2190 1421; x_wconf 66' lang='lat' dir='ltr'>ceremur,</span> 
     </span>
    </p>
   </div>
   <div class='ocr_carea' id='block_1_5' title="bbox 1999 2558 2235 2761">
    <p class='ocr_par' dir='ltr' id='par_1_10' title="bbox 1999 2558 2235 2761">
     <span class='ocr_line' id='line_1_58' title="bbox 2053 2558 2232 2599; baseline 0.028 -5"><span class='ocrx_word' id='word_1_514' title='bbox 2053 2558 2154 2598; x_wconf 74' lang='lat' dir='ltr'>Sicut</span> <span class='ocrx_word' id='word_1_515' title='bbox 2167 2569 2232 2599; x_wconf 78' lang='lat' dir='ltr'>nec</span> 
     </span>
     <span class='ocr_line' id='line_1_59' title="bbox 2002 2611 2207 2661; baseline -0.005 -13"><span class='ocrx_word' id='word_1_516' title='bbox 2002 2611 2020 2648; x_wconf 78' lang='grc' dir='ltr'>ὲ</span> <span class='ocrx_word' id='word_1_517' title='bbox 2041 2612 2207 2661; x_wconf 46' lang='lat' dir='ltr'>temperie</span> 
     </span>
     <span class='ocr_line' id='line_1_60' title="bbox 1999 2663 2235 2712; baseline -0.008 -12"><span class='ocrx_word' id='word_1_518' title='bbox 1999 2663 2106 2706; x_wconf 64' lang='lat' dir='ltr'>aeris,</span> <span class='ocrx_word' id='word_1_519' title='bbox 2120 2674 2235 2712; x_wconf 81' lang='lat' dir='ltr'>quem</span> 
     </span>
     <span class='ocr_line' id='line_1_61' title="bbox 2003 2715 2184 2761; baseline -0.011 -9"><span class='ocrx_word' id='word_1_520' title='bbox 2003 2715 2184 2761; x_wconf 71' lang='lat' dir='ltr'>ducerent,</span> 
     </span>
    </p>
   </div>
   <div class='ocr_carea' id='block_1_6' title="bbox 2032 3205 2230 3249">
    <p class='ocr_par' dir='ltr' id='par_1_11' title="bbox 2032 3205 2230 3249">
     <span class='ocr_line' id='line_1_62' title="bbox 2032 3205 2230 3249; baseline 0.015 -7"><span class='ocrx_word' id='word_1_521' title='bbox 2032 3205 2118 3242; x_wconf 62' lang='lat' dir='ltr'>Im&amp;</span> <span class='ocrx_word' id='word_1_522' title='bbox 2135 3207 2230 3249; x_wconf 56' lang='lat' dir='ltr'>vex&amp;</span> 
     </span>
    </p>
   </div>
  </div>
 </body>
</html>
