2477 3643
115 525 176 562 De
193 520 260 560 illis
273 520 348 558 duo

116 576 229 628 quaeri
257 571 348 625 pos-

117 630 200 666 iunt
214 639 257 663 an
267 625 350 662 den-

116 691 176 717 tur
199 685 208 715 Ξ
230 684 283 716 An
300 677 348 714 li-

117 743 198 769 ceat
226 730 350 767 eadem

117 783 312 835 divulgare
326 810 337 828 ‚

119 835 147 872 fi
163 835 312 875 dentur?

173 1042 353 1080 Probatur

122 1095 215 1130 circa
231 1097 326 1144 prius

123 1159 192 1182 uon
208 1148 295 1185 dari.

379 121 476 163 '182
761 112 869 157 DE
929 108 1872 157 MORBISVENEREIS.

387 189 584 238 minibus
599 187 791 236 libidine
811 189 996 254 perditis
1010 223 1022 242 ,
1052 205 1165 251 quos
1196 201 1304 232 nota
1332 185 1576 250 vulgivagae
1596 187 1773 234 veneris
1790 185 2048 237 discrimina
2067 205 2111 238 te
2121 198 2221 240 rreae*

388 255 496 302 baut
515 288 528 308 ‚
546 273 680 319 quam
701 254 820 319 spem
840 255 1009 301 temere
1037 267 1296 317 conceptam
1321 265 1370 297 ut
1398 251 1560 297 abhinc
1580 250 1790 299 foverent
1809 286 1821 305 ‚
1841 249 2013 316 suisque
2041 256 2220 320 pollici-

390 319 634 366 tationibus
654 318 879 366 interdum
897 317 1191 364 incenderent
1211 351 1223 369 ‚
1245 316 1394 361 multis
1422 315 1594 380 semper
1615 335 1728 363 curae
1751 316 1837 363 fuit
1853 351 1866 370 2
1895 335 2008 380 quos
2034 321 2220 368 minime

390 384 530 450 pudet
560 383 698 431 dubia
717 419 729 437 ,
748 384 897 429 inania
914 416 927 435 ,
953 381 1059 428 falsa
1092 380 1351 444 confingere
1381 397 1513 444 atque
1537 382 1850 436 comminisci,
1881 382 2137 431 dummodo
2163 403 2218 433 ex

393 449 536 496 aliena
565 448 825 495 credulitate
853 449 1060 510 quaestum
1080 445 1245 492 faciant
1264 445 1649 509 qualemcumque.

452 513 540 561 Sed
563 530 612 560 ut
639 513 819 559 tandem
846 511 1085 575 aliquando
1116 510 1346 557 fraudibus
1377 529 1425 556 ac
1460 509 1643 556 fallaciis
1669 510 1766 557 finis
1802 510 1877 556 fiat
1896 545 1908 564 ‚
1935 529 2080 576 operte
2114 531 2218 577 pre-

395 578 507 624 tium
536 577 736 624 futurum
756 575 841 623 effe
861 576 1002 623 visum
1022 577 1081 622 est
1099 610 1110 627 ,
1131 577 1278 640 paucis
1313 575 1389 622 sed
1414 575 1646 638 diligentia
1666 609 1678 626 ,
1710 574 1794 637 qua
1824 575 2044 639 poffumus
2062 611 2075 630 ,
2103 579 2222 624 sum-

395 644 468 690 ma
496 643 720 706 sequentia
744 642 834 688 duo
863 641 1005 705 capita
1032 638 1208 686 seorsim
1233 641 1483 705 expendere
1503 674 1515 693 ,
1536 639 1696 702 quibus
1727 640 1932 687 universa
1956 643 2131 704 quaestio
2163 645 2221 690 de

399 708 661 774 prophylaxi
684 705 948 752 morborum
978 723 1276 752 venereorum
1294 703 1600 752 circumscribi
1625 709 1669 749 δέ
1691 703 1869 749 definiri
1893 706 2070 752 videtur
2093 726 2102 752 ε
2130 709 2221 755 Ni-

396 773 557 819 mirum
593 781 652 817 10.
682 775 770 835 An3¹
789 771 942 817 revera
964 771 1125 817 dentur
1158 771 1357 817 remedia
1383 770 1543 833 quibus
1568 766 1693 833 possit
1719 771 1930 831 contagio
1958 772 2006 815 in
2024 770 2118 836 ipso
2138 775 2221 818 ima

396 855 513 902 purae
542 838 612 883 vel
647 836 845 900 suspestae
875 837 1051 882 veneris
1077 834 1154 881 usu
1184 836 1305 881 certo
1331 835 1598 899 praecaveri?
1631 842 1693 878 20.
1727 836 1797 878 An
1822 831 1851 878 fi
1882 835 2043 880 dentur
2076 854 2222 884 reme-

396 903 469 948 dia
494 901 765 953 istiusmodi,
797 900 982 946 Medico
1013 901 1144 946 liceat
1165 934 1177 952 ,
1212 901 1288 964 qui
1321 899 1485 964 probus
1522 899 1571 944 fit
1607 903 1651 943 δι’
1684 898 1913 961 religionis
1940 917 2087 946 amans
2106 935 2118 953 ‚
2148 903 2225 949 illa

394 966 688 1032 quaerentibus
711 966 911 1012 indicare
926 1000 938 1018 ‚
963 983 1216 1030 proponere
1236 999 1247 1017 ,
1274 965 1367 1010 imo
1392 965 1525 1010 etiam
1549 963 1719 1027 scriptis
1738 963 1869 1008 editis
1891 964 2102 1027 vulgare?

456 1032 591 1076 Circa
623 1035 744 1077 Prius
783 1039 842 1075 10.
875 1030 1116 1076 Indubium
1137 1032 1197 1076 est
1222 1029 1543 1093 gonorrhoeam
1565 1063 1576 1080 ‚
1607 1026 1874 1091 caeterosque
1908 1047 2062 1076 omnes
2088 1028 2223 1076 affec-

397 1111 464 1141 tus
492 1113 708 1142 venereos
736 1096 972 1160 praecaveri
1004 1114 1096 1141 non
1120 1094 1238 1160 poffe
1259 1129 1270 1148 ,
1299 1094 1376 1140 nisi
1407 1094 1614 1140 remediis
1642 1092 1801 1155 quibus
1832 1110 2039 1139 curantur
2075 1114 2083 1139 :
2118 1098 2220 1141 Ne·-

393 1178 480 1222 que
499 1161 620 1206 enim
638 1161 931 1223 ingressurum
953 1178 1177 1207 venenum
1201 1160 1379 1205 retundi
1403 1160 1542 1223 potest
1571 1158 1777 1204 remediis
1805 1158 1897 1202 aliis
1916 1192 1927 1210 ,
1955 1159 2087 1221 quam
2120 1160 2222 1222 qui-

395 1224 477 1270 bus
505 1227 671 1271 constat
689 1226 809 1271 idem
826 1229 913 1288 jam
934 1225 1171 1289 ingrestum
1194 1243 1242 1270 ac
1270 1225 1481 1269 tumultus
1503 1239 1634 1286 agens
1662 1223 1708 1266 in
1741 1222 1951 1285 sanguine
1972 1223 2186 1270 debellari
2208 1258 2224 1276 ‚

396 1290 607 1343 domari,
630 1290 804 1336 destrui.
839 1295 994 1353 Itaque
1019 1292 1066 1335 in
1097 1289 1530 1354 prophyla&icorum
1567 1287 1865 1333 remediorum
1900 1305 2134 1334 numerum
2171 1307 2224 1334 ea

395 1355 568 1400 tantum
592 1355 748 1401 venire
774 1354 947 1420 possunt
966 1389 979 1407 ,
1007 1372 1103 1418 quae
1131 1353 1337 1400 adversus
1359 1354 1477 1400 virus
1509 1369 1753 1398 venereum
1780 1352 1926 1397 valere
1953 1351 2077 1416 supra
2102 1352 2222 1398 dixi-

394 1437 492 1465 mus
525 1439 534 1464 :
573 1423 814 1484 Praeparata
842 1419 1010 1466 scilicet
1044 1419 1328 1465 Mercurialia
1357 1452 1371 1470 ‚
1403 1418 1475 1464 vel
1513 1417 1696 1463 decocta
1725 1415 1965 1462 sudorifica
2003 1417 2187 1462 Guaiaci
2208 1451 2222 1470 ,

397 1484 600 1530 Saffafras
631 1518 642 1536 ‚
673 1486 830 1530 Chinae
868 1490 914 1531 δε
942 1484 1260 1548 Sarsae-parillae
1292 1500 1372 1529 ore
1396 1481 1596 1529 exhibita
1626 1500 1636 1525 :
1661 1481 1947 1527 InunCtiones
1979 1483 2224 1529 mercuria-

393 1549 456 1594 les
482 1549 660 1595 externe
692 1550 811 1594 illitae
839 1549 1105 1612 genitalibus
1125 1582 1137 1601 ,
1159 1549 1236 1595 ubi
1257 1548 1475 1612 potissima
1507 1564 1555 1592 ac
1578 1546 1721 1610 prima
1744 1546 2042 1610 impendentis
2063 1563 2225 1609 tragoe-

395 1613 476 1658 diae
497 1613 621 1659 scena
641 1612 789 1659 futura
807 1616 865 1660 est
888 1634 897 1660 ε
920 1613 1183 1676 Suffumigia
1211 1619 1255 1659 δεῖ
1277 1611 1507 1676 emplastra
1540 1610 1819 1656 mercurialia
1846 1610 2005 1656 iisdem
2026 1611 2228 1675 partibus

394 1677 576 1723 admota
596 1712 608 1730 ,
629 1695 702 1723 aut
725 1679 860 1725 lintea
880 1679 1073 1725 decoctis
1093 1677 1354 1725 vulnerariis
1384 1682 1428 1722 &
1463 1675 1779 1723 anti-venereis
1798 1674 1968 1720 imbuta
1989 1709 2001 1727 ‚
2027 1676 2175 1739 qualia
2195 1677 2222 1722 a

392 1742 589 1806 Fallopio
611 1742 778 1788 laudari
797 1743 935 1790 modo
962 1743 1218 1790 dicebamus
1241 1763 1250 1788 :
1272 1741 1479 1788 Tandem
1510 1740 1771 1801 injectiones
1800 1758 1898 1785 cum
1932 1740 2125 1786 decoctis
2154 1740 2227 1787 su·-

393 1807 592 1853 dorificis
617 1807 846 1870 lignorum
883 1815 928 1854 &
962 1808 1161 1854 radicum
1180 1842 1192 1860 ‚
1215 1823 1287 1852 aut
1321 1825 1422 1852 cum
1454 1805 1700 1870 praeparatis
1722 1804 2066 1851 Mercurialibus
2097 1805 2224 1852 blan-

394 1872 599 1918 dioribus
620 1907 632 1925 ,
662 1889 709 1917 ut
748 1873 891 1936 aquila
922 1873 1019 1918 alba
1049 1874 1120 1919 vel
1156 1872 1347 1937 panacea
1377 1871 1424 1916 in
1454 1870 1641 1917 decocto
1668 1870 1832 1916 hordei
1863 1870 1936 1916 vel
1970 1870 2131 1916 radicis
2164 1871 2224 1929 al-

395 1938 513 1981 thaeae
532 1938 615 1990 ‚jn
642 1936 868 1983 urethram
887 1938 934 1982 in
951 1938 1056 1983 viris
1077 1971 1088 1988 ‚
1114 1938 1161 1982 in
1180 1936 1375 1982 foeminis
1395 1936 1504 1981 vero
1528 1935 1574 1980 in
1594 1935 1822 1981 urethram
1853 1940 1898 1980 δέ
1920 1935 2128 1996 vaginam
2149 1934 2219 1995 sy-

393 2001 545 2066 phone
574 2001 767 2046 immiffae
786 2033 797 2051 ‚
816 2002 966 2063 quales
1001 2002 1024 2046 a
1059 2001 1228 2047 Carolo
1261 2007 1353 2062 (a)
1381 1999 1602 2044 Musitano
1633 1999 1822 2063 proponi
1843 1999 1970 2062 supra
1993 1998 2184 2045 vidimus
2204 2034 2219 2052 ³

393 2066 544 2128 quales
573 2065 658 2112 effe
689 2065 923 2129 probabile
943 2068 1002 2112 est
1037 2066 1131 2112 illas
1159 2083 1254 2130 quae
1276 2065 1299 2110 a
1321 2063 1563 2110 Guillelmo
1595 2063 1676 2122 (b)
1709 2061 1987 2110 Cockburne
2019 2063 2110 2109 tam
2135 2064 2223 2111 ima

392 2132 527 2194 pense
560 2130 805 2176 laudantur.

461 2196 522 2240 2⁹.
552 2199 610 2240 At
628 2195 739 2241 vero
754 2228 766 2246 ,
787 2210 836 2240 ut
853 2212 904 2241 ea
927 2194 1124 2240 remedia
1143 2209 1342 2258 optatum
1359 2191 1565 2238 effectum
1586 2193 1775 2256 praestare
1797 2190 1973 2238 valeant
1989 2225 2000 2243 ,
2030 2199 2089 2235 10.
2114 2192 2221 2238 Dofi

392 2259 548 2306 eadem
568 2261 640 2306 vel
659 2258 810 2305 saltem
833 2259 925 2305 dofi
945 2259 1039 2305 fere
1059 2259 1262 2324 proxima
1282 2256 1535 2304 adhibenda
1557 2256 1654 2301 sunt
1671 2290 1683 2308 ‚
1705 2274 1751 2301 ac
1773 2255 1879 2302 dum
1904 2254 2087 2301 morbus
2104 2267 2217 2321 ptae'-

391 2324 488 2370 sens
513 2324 630 2370 adest
652 2357 663 2375 ,
691 2325 1059 2387 quandoquidem
1102 2341 1194 2371 non
1234 2324 1382 2367 minor
1410 2323 1457 2366 in
1486 2321 1686 2367 remedio
1714 2320 1905 2383 exigitur
1942 2321 2152 2383 energia,
2173 2337 2222 2367 ut

392 2389 602 2450 contagio
621 2388 861 2450 ingressum
891 2389 1096 2447 molienti
1127 2388 1355 2433 obnitatur
1376 2421 1388 2439 ‚
1408 2386 1541 2449 quam
1571 2402 1617 2430 ut
1645 2386 1875 2431 medeatur
1904 2390 1990 2447 jam
2020 2386 2220 2432 admisso.

391 2462 453 2499 20.
491 2452 654 2499 Iisdem
680 2454 886 2516 quotidie
911 2452 1191 2499 insistendum
1223 2454 1280 2499 est
1307 2451 1396 2497 fine
1423 2450 1767 2501 intermissione>
1794 2449 1992 2512 quandiu
2020 2448 2227 2514 suspecstae·

390 2518 566 2565 venetis
587 2518 683 2563 usus
703 2517 914 2580 frequens
947 2519 1005 2564 est
1034 2524 1078 2562 δέ
1109 2517 1203 2563 fere
1233 2516 1544 2580 quotidianus,
1566 2514 1931 2577 quandoquidem
1968 2515 2219 2578 periculum.

390 2583 662 2645 caeteroquin
680 2581 829 2635 foret,
868 2600 924 2630 ne
957 2582 1138 2645 quando
1174 2581 1376 2627 oblatum
1401 2581 1657 2642 contagium
1686 2579 1733 2623 in
1764 2580 1861 2625 loca
1891 2577 2122 2625 indefensa
2153 2580 2215 2624 ir-

389 2663 580 2711 reperet.

451 2721 513 2772 30.
543 2710 632 2757 Sed
654 2711 705 2757 ea
724 2710 940 2756 methodo
961 2727 1052 2755 non
1074 2725 1162 2754 tam
1186 2723 1507 2774 praecaveretur
1533 2706 1694 2752 malum
1719 2707 1841 2769 quod
1863 2705 2183 2754 reformidatur
2199 2743 2213 2761 ³

390 2777 523 2839 quam
548 2792 814 2839 perpetuum
836 2775 1123 2821 induceretur
1141 2808 1153 2827 ‚
1172 2774 1386 2837 quoniam
1406 2790 1461 2818 ne
1488 2772 1666 2835 quando
1694 2769 1842 2816 forsan
1869 2789 1982 2835 opus
2012 2770 2212 2818 futurum

389 2840 494 2887 ess'et
522 2841 732 2888 remediis
762 2840 1082 2886 anti-venereis
1111 2839 1165 2884 ad
1187 2837 1505 2902 gonorrhoeam
1534 2840 1620 2897 jam
1639 2838 1907 2881 contractam
1931 2870 1941 2886 ‚
1960 2854 2054 2898 quae
2072 2838 2211 2900 porro

390 2905 526 2952 rarius
550 2904 738 2951 obvenit
755 2923 765 2957 3
785 2904 942 2950 iisdem
971 2904 1187 2950 utendum
1213 2903 1333 2949 foret
1352 2900 1556 2966 quotidie
1574 2934 1586 2952 ,
1611 2900 1700 2946 fine
1730 2901 2050 2947 intermistione
2071 2934 2082 2952 ‚
2116 2916 2214 2945 toto

391 2970 490 3015 vitae
510 2986 712 3033 tempore
732 3004 744 3023 ,
765 2970 836 3017 vel
868 2968 1019 3016 saltem
1040 2968 1238 3032 quandiu
1268 2968 1413 3015 libido
1432 2966 1650 3015 effraenata
1670 2965 1976 3014 dominaretur
1997 2984 2008 3020 3
2029 2981 2209 3029 quaeta-f

445 3128 498 3224 {Z
511 3135 525 3227 ἰ
554 3123 776 3226 gzsiigxh.
791 3177 897 3215 virul.
909 3175 1084 3227 symptom.
1101 3187 1222 3217 natur.
1238 3175 1347 3215 camd
1363 3176 1409 3219 όν
1428 3177 1602 3214 curation.
1634 3178 1714 3214 Par.
1735 3189 1765 3214 2.
1782 3186 1859 3227 cap.
1879 3188 1910 3217 ι,
