2477 3643
547 142 877 204 'antu
936 155 1048 204 1v.
1107 151 1392 203 Catu-r
1457 153 1594 202 111.

403 302 592 361 §.IIL
641 301 907 348 MORBI
963 302 1154 348 ORIS
1213 303 1307 348 ET
1362 300 1725 349 NARIUM.

214 432 443 478 Humores
477 429 590 476 duos
633 428 682 474 in
726 445 806 475 ore
833 427 1112 493 agnoscimus
1148 428 1411 493 quibuscum
1442 429 1562 476 virus
1590 444 1835 476 venereum
1860 426 1987 492 jungi

152 511 276 542 amat
296 513 309 548 ·,
335 504 399 540 10.
426 498 612 541 Mucum
633 492 799 540 scilicet
819 493 1037 540 viscosum
1057 528 1068 546 ‚
1090 496 1167 558 qui
1200 496 1247 540 in
1271 493 1543 542 tonfillarum
1560 493 1727 541 cellulis
1750 492 1988 559 glandulis-

155 577 245 623 que
272 559 514 606 columellae
547 565 593 605 δε
630 558 765 603 totius
793 558 1011 605 lacunaris
1041 558 1238 605 faucium
1268 558 1512 606 secernitur
1536 577 1548 612 3
1577 567 1640 605 20.
1661 557 1904 605 Sebaceum
1939 562 1987 604 &

154 623 455 687 unguinosum
486 624 751 675 humorem,
781 623 858 686 qui
891 624 915 669 ὲ
947 622 1168 686 glandulis
1191 623 1266 671 seu
1284 624 1448 672 lacunis
1469 624 1751 688 gingivarum
1786 628 1831 669 &
1853 622 1987 687 palati

157 688 322 735 exudat
335 722 349 741 ,
366 694 413 735 &
425 706 517 752 quo
534 688 684 752 lingua
701 693 746 733 δέ
770 688 926 734 dentes
945 687 1112 733 obduci
1129 688 1270 735 solent
1285 722 1298 742 ‚
1315 688 1393 735 nisi
1408 689 1739 752 detergeantur.
1760 692 1810 733 ln
1825 687 1990 734 eodem

156 768 339 817 quoque
369 752 501 800 censu
519 752 819 799 numerandus
838 753 884 797 in
906 751 1086 798 naribus
1104 770 1254 800 mucus
1272 787 1284 805 ‚
1301 754 1378 817 qui
1405 755 1426 799 ὲ
1461 753 1686 817 glandulis
1718 752 1988 799 membranae

157 817 391 882 pituitatiae
410 818 582 882 depluit
595 852 607 870 ‚
631 823 676 863 &
696 818 889 863 internas
906 834 1033 863 nares
1053 817 1228 863 emollit
1245 852 1258 870 ,
1279 817 1307 862 [i
1323 817 1619 865 abundaverit
1635 818 1957 881 emungendus.

222 882 420 930 Proinde
439 888 472 929 Ι.
502 886 661 928 Mucus
679 880 873 927 faucium
889 915 900 934 ,
922 882 951 927 si
971 881 1145 928 seminii
1165 881 1442 929 consortium
1463 883 1667 929 admittat
1684 917 1696 935 ‚
1718 899 1811 928 tum
1829 881 1985 947 inspis-

157 945 327 992 sabitur
359 980 371 1000 ,
402 963 535 1011 atque
570 946 682 993 adeo
718 945 928 992 haerendo
965 946 1141 992 cellulas
1170 946 1491 1010 glandulasque
1517 947 1675 1012 quibus
1699 948 1987 1003 continetur,

161 1010 426 1058 dilataturus
444 1014 527 1064 est,
552 1010 775 1074 venasque
794 1012 1168 1075 circumrepentes
1184 1010 1504 1075 compressurus
1517 1046 1528 1064 ,
1546 1013 1663 1059 unde
1683 1012 1953 1061 tonsillarum
1974 1047 1987 1066 ‚

162 1076 410 1122 columella:
444 1082 491 1122 &
524 1076 739 1122 lacunaris
770 1074 965 1121 faucium
997 1092 1145 1120 tumor
1164 1109 1175 1128 ‚
1212 1076 1342 1123 dolor
1361 1109 1375 1129 ,
1404 1076 1622 1140 phlogosis
1655 1111 1667 1130 ,
1696 1077 1990 1125 inflammatio

161 1156 264 1186 cum
293 1139 554 1188 difficultate
573 1139 854 1203 deglutiendi
875 1158 886 1192 ·‚
907 1156 1001 1185 tum
1022 1141 1165 1185 acrior
1196 1140 1272 1187 fiet
1289 1174 1301 1193 ,
1321 1157 1451 1203 atque
1478 1142 1591 1187 adeo
1622 1141 1827 1188 rodendo
1847 1159 1991 1208 partes

160 1204 339 1252 easdem
352 1207 681 1252 exulceratur-us
698 1206 757 1250 est
772 1238 785 1257 ,
807 1204 926 1251 unde
945 1203 1220 1250 tonslllarum
1239 1239 1251 1258 ‚
1273 1205 1517 1251 columellae
1536 1239 1548 1257 ,
1563 1206 1778 1253 lacunaris
1797 1207 1991 1254 faucium

160 1269 312 1316 ulcera
335 1269 638 1334 dysepulotica
655 1302 668 1321 ‚
699 1269 918 1332 maligna,
952 1269 1216 1323 caco'e'thea,
1252 1270 1562 1335 phagedaenica
1583 1304 1595 1323 ‚
1624 1271 1782 1333 quibus
1802 1274 1994 1336 palatina

163 1333 254 1379 offa
273 1334 466 1398 apposita
481 1368 493 1387 ‚
511 1351 605 1397 quae
634 1334 784 1380 tenuia
810 1332 910 1380 sunt
931 1368 944 1386 ‚
968 1334 1086 1381 carie
1118 1333 1248 1382 brevi
1276 1336 1440 1383 tentari
1460 1340 1505 1382 &
1524 1335 1694 1382 absumi
1714 1337 1882 1385 neceffe
1902 1340 1960 1384 est
1977 1371 1992 1391 ‚

163 1397 285 1445 unde
311 1399 456 1445 hiatus
481 1399 535 1445 ad
559 1415 702 1445 nares.

228 1467 296 1509 ΙΙ.
330 1463 456 1510 Idem
489 1462 732 1510 dicendum
769 1461 826 1509 de
855 1461 1040 1510 sebaceo
1073 1463 1263 1512 humore
1290 1463 1337 1510 in
1371 1462 1501 1528 palati
1534 1464 1754 1528 glandulis
1789 1465 1960 1513 secreto
1981 1500 1994 1520 ,

160 1527 241 1590 qui
268 1527 401 1574 semel
426 1527 612 1575 infectus
636 1534 681 1574 ὃς
701 1526 866 1592 spissior
888 1527 994 1575 inde
1026 1528 1101 1576 fiet
1116 1563 1127 1582 ‚
1151 1530 1269 1576 unde
1292 1529 1505 1576 haerendo
1526 1537 1571 1576 δε
1592 1531 1906 1597 conceptacula
1925 1532 1994 1578 di-

161 1591 346 1639 latando
376 1592 605 1640 tubercula
625 1594 735 1638 dura
754 1625 765 1644 ‚
790 1591 978 1638 discreta
994 1626 1006 1645 ‚
1029 1594 1225 1639 rotunda
1239 1627 1252 1646 ,
1272 1592 1428 1658 parum
1446 1592 1661 1658 fastigiata
1678 1598 1725 1642 in
1746 1596 1878 1662 palati
1898 1596 1995 1643 for·

166 1656 269 1704 nice
290 1657 582 1722 producturus
605 1659 663 1703 est
677 1691 689 1709 ,
711 1656 1055 1703 inflammatoria
1071 1658 1210 1703 modo
1229 1692 1241 1711 ,
1262 1658 1400 1704 modo
1415 1659 1524 1704 vero
1543 1660 1906 1707 inflammationis
1923 1679 1998 1708 ex-

167 1722 314 1787 pertia
333 1741 344 1775 ·,
365 1727 410 1767 &
439 1721 516 1768 fiet
546 1721 670 1766 simul
703 1720 876 1772 acrior,
899 1722 1017 1768 unde
1048 1721 1215 1768 summa
1247 1722 1581 1768 tuberculorum
1601 1723 1768 1789 fastigia
1794 1725 2000 1773 erosums

167 1789 230 1833 est
265 1788 312 1833 in
345 1787 494 1833 ulcera
525 1786 719 1832 rotunda
738 1819 750 1838 ,
767 1784 1071 1850 dysepulotica
1085 1820 1098 1839 ,
1116 1787 1310 1850 maligna
1327 1821 1338 1839 ,
1355 1786 1516 1849 quibus
1535 1788 1676 1836 osseus
1690 1790 1825 1855 palati
1847 1789 1998 1838 fornix

164 1851 504 1917 superinducitus
520 1851 636 1898 carie
656 1850 711 1896 ad
736 1867 859 1896 nares
874 1849 1010 1913 usque
1025 1850 1251 1898 interdum
1271 1851 1588 1916 perforabitur.

239 1921 256 1962 I
273 1922 288 1962 1
305 1921 339 1962 Ι.
372 1915 541 1962 Eadem
558 1932 739 1979 quoque
763 1914 942 1960 humori
962 1915 1146 1963 sebaceo
1164 1916 1448 1979 gingivarum
1470 1917 1747 1964 conveniunt
1765 1951 1776 1969 ,
1794 1918 1871 1982 qui
1891 1937 1999 1965 con-

167 1981 293 2045 tagio
319 1994 515 2028 venereo
545 1978 789 2044 inspissatus
817 1979 889 2025 sua
918 1981 1235 2044 conceptacula
1254 1982 1300 2026 in
1327 1997 1523 2027 tumores
1551 1983 1842 2045 grandinosos
1866 1984 2000 2031 indu-

168 2062 343 2095 raturus
364 2047 422 2093 est
439 2079 452 2098 ,
468 2045 587 2091 unde
606 2045 888 2109 gingivarum
914 2045 1146 2091 tubercula
1167 2064 1178 2099 3
1198 2046 1271 2108 qui
1290 2045 1412 2091 simul
1429 2063 1482 2092 ex
1502 2049 1712 2110 contagio
1739 2049 1904 2094 eodem
1932 2050 2002 2095 vi·

169 2111 365 2158 tulentus
383 2110 702 2173 conceptacula
727 2110 933 2156 indurata
948 2109 1206 2156 corrosurus
1224 2111 1284 2156 cst
1302 2144 1314 2163 ‚
1335 2110 1456 2156 unde
1483 2111 1653 2173 aphthae
1674 2111 1760 2159 five
1782 2114 2006 2160 ulcuscula

167 2177 454 2240 gingivarum
474 2209 486 2228 ,
516 2175 850 2239 suppurationes
872 2174 1079 2221 ulcerosae
1109 2175 1156 2220 in
1187 2175 1395 2221 extremis
1427 2174 1618 2238 gingivis
1636 2210 1647 2228 ‚
1665 2178 1886 2240 parulides
1914 2177 2005 2226 five

170 2239 389 2287 abscessus
412 2241 530 2287 inter
564 2240 766 2303 gingivas
794 2246 839 2286 ὅ(
874 2239 1042 2286 radices
1067 2240 1271 2286 dentium
1289 2258 1366 2291 ‚ac
1387 2239 1567 2285 demum
1596 2259 1704 2305 pure
1733 2242 1787 2287 ad
1820 2257 2005 2290 tenuem

171 2305 480 2351 membranam
495 2339 508 2357 ‚
526 2322 621 2368 quae
641 2305 771 2350 instar
800 2305 993 2368 periostii
1013 2305 1195 2350 dentem
1213 2304 1330 2350 intra
1350 2302 1573 2351 alveolum
1588 2307 1804 2354 convestit
1819 2340 1832 2359 ‚
1848 2307 2005 2355 senfim

169 2386 439 2434 prorepente
456 2404 467 2422 ‚
490 2369 622 2415 dolor
639 2402 652 2421 ,
671 2368 897 2414 vacillatio
914 2402 926 2420 ‚
947 2369 1084 2414 caries
1104 2402 1115 2420 ‚
1139 2368 1258 2414 casus
1278 2368 1497 2415 dentium.

238 2439 329 2481 IV.
361 2438 462 2481 Nec
488 2433 633 2497 dispar
654 2435 713 2479 est
732 2433 934 2478 conditio
964 2434 1083 2479 muci
1109 2433 1308 2486 narium,
1329 2434 1405 2497 qui
1431 2432 1697 2497 fi-contagio
1721 2433 1903 2482 admisso
1930 2437 2002 2482 ni-

173 2497 316 2545 mium
353 2497 627 2561 inspissetur,
662 2497 891 2561 glandulas
926 2497 1086 2560 quibus
1117 2497 1393 2550 secernitur,
1425 2497 1684 2545 dilataturus
1713 2500 1922 2546 haerendo
1957 2507 2002 2548 δέ

173 2561 331 2609 sensim
352 2561 669 2608 tumefacturus
691 2562 811 2608 estin
831 2560 1073 2607 sarcomata
1091 2562 1300 2626 polyposa
1315 2596 1328 2615 ‚
1347 2562 1505 2608 callosa
1522 2596 1533 2614 ,
1551 2562 1739 2625 fungosa
1753 2597 1764 2615 ‚
1780 2565 2004 2618 ulcerosa,

175 2627 570 2673 carcinomatodea
591 2645 670 2690 pro
697 2626 870 2673 diversa
899 2626 1075 2690 limphae
1103 2628 1294 2674 nutritiae
1322 2627 1532 2690 qualitate
1568 2646 1580 2673 z
1606 2629 1650 2673 Si
1685 2628 1792 2674 verb
1820 2630 2005 2677 nimiam

173 2692 469 2738 acrimoniam
496 2690 621 2737 causa
649 2691 805 2737 eadem
839 2691 1105 2754 adipiscatur
1139 2726 1151 2744 ‚
1187 2691 1459 2738 easdemmet
1492 2709 1634 2755 partes
1663 2693 1870 2739 rodendo
1906 2714 2009 2759 pro-

175 2755 387 2803 ducturus
414 2758 475 2803 est
499 2756 668 2808 ulcera,
690 2756 950 2817 plily&aenas
979 2762 1023 2802 δέ
1052 2774 1220 2802 ozaenas
1239 2756 1313 2802 seu
1333 2757 1679 2817 exulcerationes
1697 2757 1932 2820 malignas,
1960 2765 2008 2806 δε

177 2820 283 2866 hinc
315 2822 450 2867 caries
484 2819 824 2883 spongiosorum
851 2820 1004 2866 offium
1030 2822 1233 2872 narium,
1258 2821 1594 2883 triangularium
1627 2821 1818 2867 duorum
1853 2822 2008 2868 offium

177 2884 266 2932 nafi
288 2917 299 2935 ,
325 2883 612 2946 vomerisque
645 2884 773 2947 ipsius
794 2884 865 2929 cui
885 2885 1136 2929 innituntur
1155 2918 1166 2936 ‚
1187 2885 1308 2930 unde
1343 2902 1582 2931 corruente
1608 2885 1694 2929 nasi
1717 2903 2008 2933 concamera-

176 2949 303 2994 tione
322 2955 369 2994 δε
385 2948 586 3012 depresso
604 2948 863 2994 acrorhinio
879 2981 892 2999 ,
915 2948 1009 2993 simi
1027 2948 1269 3011 derepente
1288 2948 1422 3001 fient,
1442 2948 1601 3011 quibus
1622 2949 1722 2995 ante
1741 2950 1866 2998 nasus
1883 2952 2010 3016 aqui-

177 3012 296 3060 linus
323 3012 483 3058 fuerat.

242 3083 299 3125 V.
329 3075 527 3124 corrosa
558 3073 822 3127 colurnel133
851 3073 1038 3129 officulis
1057 3074 1257 3138 palatinis
1276 3108 1288 3126 ‚
1310 3071 1551 3138 spongiosis
1580 3076 1753 3123 narium
1773 3078 1931 3125 offibus
1957 3085 2005 3127 &

179 3158 365 3189 vomere
398 3142 515 3187 carie
538 3139 695 3192 exesis3
720 3137 922 3202 depresso
954 3139 1042 3185 nasi
1069 3139 1243 3186 fornice
1268 3172 1280 3191 ‚
1310 3141 1529 3186 neceffum
1557 3143 1617 3188 est
1637 3142 1728 3188 vias
1746 3143 1905 3205 quibus
1924 3144 2004 3192 de-

180 3205 323 3259 fertur
359 3210 433 3254 a‘e'r
464 3205 543 3272 qui
562 3203 761 3260 efflatur,
782 3220 917 3270 penes
948 3203 1290 3271 amplitudinem
1317 3205 1438 3255 varie
1465 3205 1707 3257 immutari.
1743 3208 1863 3254 Hinc
1897 3226 2005 3275 ergo

1686 3273 1795 3339 Q

1887 105 2030 224 ’,οῖ’

2080 891 2110 927 1.
2135 889 2276 933 Us'ceza

2033 939 2198 979 faucium

2034 1007 2116 1031 cum
2148 996 2244 1034 carie

2034 1046 2163 1083 offium
2199 1060 2271 1098 pa-

2036 1099 2250 1139 latinorum,

2069 1481 2121 1521 11.
2141 1482 2278 1525 Ulcera

2042 1535 2153 1584 palati
2167 1564 2179 1579 ,
2192 1550 2277 1576 curn

2041 1588 2136 1624 carie
2160 1587 2275 1626 forni-

2043 1639 2095 1676 cis
2116 1639 2216 1679 oss'ei.
2268 1690 2277 1696 ,

2043 1936 2117 1977 111.
2143 1939 2281 1981 Ulcera

2048 1995 2281 2043 gmgivatum

2043 2047 2077 2079 &
2110 2044 2211 2083 casus

2045 2095 2220 2139 dentium.

2048 2435 2113 2474 IV.
2147 2435 2284 2475 Ulcera

2046 2487 2190 2524 natium
2222 2494 2257 2526 &

2046 2538 2120 2576 nafi
2137 2538 2285 2590 depr-eli«

2048 2589 2114 2635 sto,
2247 2589 2262 2593 “

2100 3082 2145 3117 Y.
2167 3082 2289 3122 Sonus

2046 3131 2174 3169 nasalis
2193 3138 2226 3171 &
2244 3145 2282 3173 &a

2048 3183 2198 3236 plionia·
