2477 3643
239 484 421 534 Sympto-

195 544 310 572 mata.

204 597 237 622 1.
249 585 422 622 Reniten-

197 637 245 675 tia
259 642 389 690 major.

230 717 264 743 2.
285 707 421 746 Dolor.

197 897 228 941 3..
247 883 416 922 Lancina—

195 945 261 973 no.

254 1149 294 1180 4·
326 1134 420 1179 Quae

193 1185 330 1243 lingula
362 1187 418 1222 in-

190 1243 408 1290 g1avelcunt

190 1291 225 1328 in
239 1289 323 1327 dies.

246 1375 263 1407 5
277 1388 284 1396 .
320 1365 419 1412 Apcx

194 1409 415 1465 fastigiatus.

229 1790 265 1822 6.
282 1782 411 1820 Rubor

184 1834 220 1870 in
240 1836 380 1873 summo

183 1887 297 1938 apice.

208 2110 411 2169 7.·Exulce·

185 2176 290 2201 tatio.

199 2444 248 2494 8„-
258 2437 405 2489 Suppu-

178 2501 276 2526 ratio
312 2503 405 2528 ano-

181 2541 289 2580 mala.

236 2963 256 2992 9
288 2948 407 2986 Labra

181 2998 308 3036 ulceris
346 3014 404 3038 re-

181 3051 365 3102 plicantur.

210 3160 271 3183 10.
290 3146 330 3181 Et
349 3160 408 3184 ve-

180 3211 229 3236 na:
246 3210 384 3237 circum

462 211 600 259 motis
628 212 786 278 topicis
807 216 903 261 aestu
929 213 1000 261 vel
1023 213 1222 279 potentia
1240 212 1528 259 calidioribus
1545 231 1557 267 3
1574 214 1828 280 praepostera
1859 232 2072 280 aquarum
2089 217 2290 280 therma&⁴

464 277 575 325 lium
594 278 865 333 embroche3
888 278 1162 343 imprudenti
1191 276 1327 324 abusu
1351 276 1727 326 escharoticorum
1749 285 1837 326 &a
2223 278 2227 280 ’

530 343 712 390 Debent
739 362 845 408 ergo
863 345 952 390 haec
982 343 1132 389 omnia
1157 342 1274 389 inter
1296 359 1487 391 remotas
1509 343 1597 392 five
1617 343 1954 410 procatarssticas
1978 348 2289 401 carcinomatis

466 407 612 454 causas
632 407 798 472 fingula
824 406 1059 455 recenseri.

524 479 556 519 S
552 487 815 537 ymptomata.
846 473 955 519 Ideo
977 490 1030 519 ex
1050 472 1175 518 distis
1194 469 1396 519 skirrhus
1416 471 1572 537 incipit
1594 473 1641 519 in
1666 474 1920 521 carcinoma
1948 478 2110 525 mutari
2127 511 2140 531 ‚
2163 479 2288 542 qubd

466 554 675 584 contenta
699 537 881 584 materia
899 536 1072 584 ferveat
1103 542 1148 584 δέ
1178 536 1379 583 rarescat.
1412 537 1561 585 Debet
1592 556 1701 602 ergo
1732 538 1934 588 skirrhus
1958 542 2005 588 in
2031 543 2289 591 carcinoma

466 603 739 666 degenerans
759 603 889 667 paulo
909 603 1046 667 magis
1065 603 1206 649 calere
1222 637 1234 655 ‚
1256 619 1428 649 tumere
1446 637 1458 655 ‚
1484 603 1630 649 reniti.

531 676 594 714 20.
631 671 795 714 Tumet
821 668 1006 715 materia
1042 669 1090 712 in
1130 665 1309 714 skirrho
1341 668 1578 731 degenere.
1621 668 1805 716 Debent
1830 688 1938 735 ergo
1972 671 2295 720 concludentes

465 732 629 780 cellulae
662 737 707 777 δέ
728 749 908 778 externa
931 733 1148 797 glandulae
1168 730 1398 780 skirrhosae
1417 734 1652 780 involucra
1672 734 1833 781 fortius
1860 736 1967 783 inde
1998 736 2177 784 distrahi
2194 771 2208 791 ,
2225 752 2289 784 at-⁴

463 814 549 861 que
569 796 738 843 idcirco
765 797 937 845 dolere.

530 865 590 922 3⁰.
627 863 820 909 Materia
850 863 1006 909 eadem
1028 863 1243 910 validiore
1271 862 1365 909 nisu
1382 861 1632 910 identidem
1650 862 1870 911 rarescens
1890 863 1946 910 ab
1965 865 2147 912 externa
2162 865 2290 912 caus&

460 925 774 990 qualicumque
802 927 901 973 vasa
926 929 1047 990 juxta
1068 929 1267 993 repentia
1293 927 1452 974 fortius
1470 929 1741 992 comprimit.
1772 929 1955 975 Debent
1981 947 2090 992 ergo
2119 932 2292 977 arteriae

464 1007 640 1037 retento
669 991 880 1055 sanguine
902 995 1040 1057 magis
1060 994 1243 1058 turgidae
1271 992 1430 1039 fortius
1448 993 1554 1039 inde
1577 991 1776 1040 oscillare
1791 1028 1804 1046 ‚
1826 994 2061 1058 partesque
2078 993 2294 1060 appositas

463 1072 643 1119 quatere
669 1057 975 1104 vehementius
991 1092 1002 1110 ‚
1024 1059 1141 1106 unde
1161 1059 1292 1105 dolor
1313 1059 1554 1104 lancinans.

536 1129 603 1178 40.
638 1122 740 1179 Qua
767 1124 1062 1188 proportione
1082 1125 1127 1169 in
1147 1122 1328 1169 skirrho
1356 1123 1579 1186 degenere
1605 1122 1791 1168 materia
1819 1122 2024 1185 gradario
2046 1139 2296 1186 augmento»

463 1186 600 1248 magis
630 1186 778 1233 fervet
809 1193 853 1233 &
880 1188 1114 1253 impenfius
1139 1188 1316 1235 rarescit
1354 1222 1368 1240 ,
1411 1187 1703 1252 proportione
1740 1186 1896 1233 eadem
1932 1188 2099 1234 debent
2130 1189 2251 1234 calor
2273 1222 2290 1241 2,

461 1249 594 1296 dolor
613 1284 625 1303 ‚
657 1267 805 1298 tumor
827 1286 840 1305 ,
860 1254 1097 1299 renitentia
1114 1287 1126 1306 ,
1145 1253 1386 1299 lancinatio
1404 1253 1542 1316 magis
1563 1257 1606 1297 &
1626 1253 1764 1316 magis
1787 1252 1833 1296 in
1853 1252 1947 1299 dies
1975 1252 2260 1300 invalescere.

538 1324 598 1376 50.
622 1316 741 1362 Cum
765 1315 993 1364 skirrhosa
1011 1319 1194 1364 materia
1219 1336 1311 1364 non
1340 1317 1387 1362 fit
1423 1316 1616 1381 perfecte
1642 1317 1924 1380 homogenea
1957 1322 2003 1362 δέ
2022 1317 2286 1372 uniformis„

459 1379 538 1425 sed
558 1382 605 1426 in
637 1382 767 1427 variis
797 1383 979 1428 tumoris
998 1383 1165 1429 cellulis
1192 1383 1247 1428 ad
1281 1382 1594 1446 expansionem
1617 1382 1753 1444 magis
1775 1380 1977 1427 minusve
1997 1399 2249 1446 comparata
2272 1402 2286 1436 ·,

460 1445 556 1509 pari
589 1446 727 1492 modo
760 1446 861 1492 cum
900 1465 981 1495 nec
1009 1447 1105 1512 ipsae
1134 1448 1296 1494 cellulae
1315 1482 1327 1499 ‚
1355 1446 1514 1510 quibus
1559 1447 1871 1499 concluditur,
1902 1445 2136 1510 expansivo
2171 1446 2291 1493 nisui

456 1511 685 1573 'acqualiter
712 1511 900 1557 refistant
919 1546 931 1565 ,
955 1511 1032 1558 sed
1053 1529 1285 1558 momento
1306 1513 1430 1558 vario
1454 1517 1499 1556 δε
1520 1510 1723 1575 inaequali
1744 1529 1827 1576 pro
1851 1510 2029 1557 diverso
2054 1511 2295 1558 contextus

458 1574 598 1620 modo
620 1609 633 1627 ‚
657 1576 793 1622 debet
821 1595 908 1622 una
940 1593 1013 1622 aut
1043 1577 1177 1623 altera
1196 1576 1365 1622 skirrhi
1391 1577 1626 1638 degeneris
1650 1595 1746 1640 pars
1776 1574 1986 1621 alterutra
2004 1576 2074 1622 vel
2099 1576 2293 1639 utraque

458 1639 583 1685 causa
605 1657 832 1688 extumere
857 1658 941 1706 prae
961 1642 1125 1688 cacteris
1141 1675 1154 1694 ,
1178 1647 1222 1687 δε
1248 1642 1415 1687 mutata
1432 1639 1571 1704 figura
1587 1641 1635 1686 in
1660 1641 1828 1706 apicem
1846 1639 2112 1703 fastigiatum
2131 1639 2294 1688 sensim.

453 1704 768 1769 protuberare.
1743 1716 1760 1731 ⁴

518 1777 584 1814 60.
622 1770 728 1828 Quo
758 1770 895 1833 magis
920 1788 1032 1816 unus
1069 1785 1142 1816 aut
1175 1769 1287 1816 alter
1325 1770 1513 1816 tumoris
1545 1770 1777 1833 degeneris
1807 1769 1991 1833 angulus
2022 1768 2069 1814 in
2113 1769 2292 1834 apicenr.

453 1833 698 1897 'fastigiatur
718 1869 730 1887 ‚
756 1835 810 1881 eb
842 1837 979 1898 magis
1017 1834 1239 1880 necessum
1277 1837 1334 1881 est
1363 1834 1716 1898 superextenfiun
1739 1851 1886 1881 cutem
1917 1834 2096 1880 distrahi
2117 1867 2128 1886 ,
2162 1835 2289 1880 tendi

459 1903 505 1944 δε
526 1899 752 1963 explicari.
786 1899 934 1945 Debet
955 1917 1064 1962 ergo
1095 1898 1289 1944 summus
1329 1918 1437 1969 apex
1468 1900 1616 1952 tensa,
1645 1902 1772 1960 laevi',
1799 1900 2004 1950 lucente,
2033 1899 2155 1945 tenui
2184 1915 2285 1943 cute

458 1962 612 2026 obtegi
630 1982 641 2016 3
657 1963 749 2008 imb
773 1970 816 2009 δι’
837 1963 1054 2009 subrubra
1073 1997 1086 2016 ,
1105 1964 1319 2027 quoniam
1343 1965 1514 2028 {anguis
1534 1964 1633 2011 vasa
1650 1965 1846 2028 ejusdem
1876 1962 2064 2008 nimium
2085 1962 2288 2008 distr-asta

457 2025 679 2074 difficilius
700 2044 911 2092 permeat.

515 2101 581 2150 70.
616 2094 743 2138 Cutis
771 2092 1048 2139 distr-afflone
1073 2091 1209 2137 nimia
1229 2107 1450 2138 attenuata
1479 2093 1745 2141 discinditur
1765 2110 1864 2138 cum
1883 2091 2073 2152 subjecta·
2096 2091 2290 2140 mareri&

457 2157 696 2220 degenere.
725 2157 835 2204 Inde
853 2158 972 2203 ulcus
997 2175 1184 2221 parvum
1217 2163 1261 2203 δε
1295 2156 1644 2221 superficiarium
1666 2191 1676 2209 ‚
1697 2157 1773 2203 sed
1805 2156 1930 2221 quod
1955 2155 2181 2202 causarum
2202 2174 2280 2204 ea·-

453 2222 661 2269 'rumdem
687 2219 881 2268 efficacia
915 2221 1256 2268 senfimcrescit
1291 2226 1337 2267 &
1369 2222 1591 2268 dilatatur.
1622 2223 1691 2269 Sic
1719 2222 1766 2267 in
1800 2221 1918 2267 malo
1952 2237 2137 2284 granato
2159 2254 2172 2272 ‚
2207 2221 2282 2268 vel

455 2287 743 2333 momordicae
769 2305 904 2352 pomo
921 2322 931 2339 ‚
971 2287 1068 2332 cum
1094 2303 1263 2332 matura
1292 2284 1390 2332 sunt
1416 2321 1428 2340 ,
1450 2287 1520 2334 vel
1547 2286 1759 2333 leviffima
1782 2285 1956 2332 sciffura
1983 2285 2094 2332 solet
2121 2284 2285 2350 sponte

454 2351 502 2397 vin
534 2352 797 2416 ampliorem
827 2351 1055 2398 dehiscere
1076 2349 1172 2396 solo
1197 2351 1534 2398 involucrorum
1554 2352 1758 2399 elaterio.

512 2422 575 2463 80.
609 2421 763 2463 Manat
791 2436 842 2464 ex
874 2418 1071 2462 ulcerato
1100 2416 1399 2462 carcinomate
1419 2416 1617 2480 sanguis,
1643 2416 1672 2461 fi
1700 2419 1865 2478 majora
1898 2412 1996 2459 vasa
2029 2413 2284 2476 sanguiserae

453 2480 759 2528 discindantur
780 2501 789 2527 :
811 2481 997 2546 Lirnpha
1016 2480 1101 2526 sive
1117 2481 1245 2526 ichor
1261 2515 1272 2532 ‚
1294 2480 1323 2525 fi
1341 2481 1471 2526 illaefis
1505 2481 1752 2545 sanguineis
1780 2478 1878 2524 vasa
1904 2478 2160 2542 limphatica
2179 2495 2282 2524 tan-

446 2546 546 2592 'tum
565 2547 892 2611 disrumpantur
912 2565 921 2591 τ
943 2546 1181 2592 Purulenta
1199 2546 1383 2591 materia
1399 2580 1411 2597 ,
1430 2546 1458 2590 fi
1474 2546 1661 2609 fungosa
1683 2563 1786 2591 caro
1803 2578 1814 2596 ‚
1834 2561 1927 2606 quoe
1947 2544 2106 2589 ulceris
2125 2542 2276 2606 super-

450 2612 598 2657 ficiem
628 2611 842 2664 obducit,
876 2608 1199 2674 computrescat
1237 2629 1246 2654 :
1278 2610 1470 2657 Demum
1504 2609 1641 2657 sanies
1675 2611 1762 2657 five
1789 2609 1957 2672 limpha
1989 2607 2199 2669 sanguine
2231 2613 2278 2653 δε

450 2694 562 2739 pure
587 2676 841 2738 inquinata,
863 2675 893 2721 fi
917 2690 1170 2722 memorata>
1202 2674 1484 2720 conditiones
1517 2676 1600 2720 ura
1629 2675 1752 2720 fimul
1780 2675 2048 2719 concurrant
2083 2691 2092 2716 ε
2127 2676 2277 2718 Num-

448 2758 582 2803 quam
623 2756 770 2787 tamen
799 2758 876 2805 pus
901 2757 1057 2786 verum
1087 2773 1098 2790 ‚
1132 2738 1349 2784 sincerum
1375 2772 1387 2791 ‚
1416 2738 1664 2791 laudabile,
1700 2739 1799 2784 cum
1836 2735 2063 2782 skirrhosa
2093 2737 2285 2783 materia

446 2821 540 2850 tum
559 2821 741 2869 propter
759 2822 962 2850 naturam
982 2802 1282 2868 limphaticam
1301 2837 1313 2856 ‚
1335 2819 1428 2849 tum
1440 2821 1621 2868 propter
1639 2801 1953 2869 spiffitudinem
1969 2802 2151 2846 nimiam
2168 2819 2275 2866 per-

448 2869 569 2916 fectae
597 2869 903 2934 suppurationi
931 2869 1071 2933 impar
1096 2867 1161 2913 fit.

507 2943 574 2992 90.
603 2935 846 2982 Crescente
876 2933 1088 2979 cancrosae
1117 2932 1317 2978 materiei
1332 2932 1593 2997 expansione
1617 2966 1628 2984 ‚
1653 2930 1753 2977 cum
1779 2931 1889 2977 cutis
1915 2927 2280 2976 circumferentia

449 3016 543 3045 non
566 2998 692 3062 possit
711 3001 802 3064 pati
832 3000 1002 3045 ratione
1034 2997 1243 3049 extendi,
1271 2996 1541 3060 consequens
1573 2999 1630 3043 est
1649 3012 1694 3041 ut
1710 2996 1868 3043 ulceris
1889 2995 2011 3041 labra
2028 2991 2277 3041 extrorsum}

450 3064 738 3111 revolvantur
758 3071 802 3110 &
826 3079 1203 3126 contorqueantur
1221 3061 1458 3108 foediffimo
1478 3062 1739 3126 spectaculo.

518 3129 612 3174 10⁰.
643 3128 847 3174 Tandem
866 3128 1114 3190 compressis
1134 3128 1476 3189 circumquaque
1509 3128 1630 3173 venis
1644 3162 1655 3178 ,
1678 3124 1850 3188 sanguis
1873 3141 1965 3170 non
1983 3120 2118 3167 moda
2138 3119 2278 3167 haeret

451 3193 497 3236 in
522 3192 706 3240 tumoris
720 3191 922 3241 confiniis
936 3226 949 3246 2
970 3191 1045 3240 sed
1065 3191 1262 3255 deposito
1282 3191 1341 3240 ob
1370 3209 1542 3238 moram
1564 3191 1726 3239 rubore
1747 3190 1900 3238 nativo
1925 3186 2173 3251 nigriorem
2192 3202 2274 3243 atta»-⁴
