2477 3643
452 135 569 192 ,ψ
823 129 1362 181 ΠεΜοκΒῑε
1436 130 1930 184 VENEREm.

469 210 596 259 terne
613 207 748 258 etiam
764 206 965 274 usurpari
980 209 1132 258 debita
1147 213 1193 256 &
1207 205 1509 255 conveniente
1522 206 1615 255 dost
1629 241 1642 263 ‚
1661 222 1707 256 ut
1720 206 1827 256 inde
1846 207 1978 256 dolor
1993 205 2210 260 efficacius
2229 211 2306 262 de}

469 276 653 324 liniatur
671 308 683 328 ,
716 274 840 340 quod
862 274 919 323 de
941 291 1101 322 cancro
1131 270 1317 324 mobili,
1350 270 1381 319 si
1402 272 1529 320 acute
1551 272 1728 327 doleat,
1764 277 1811 321 δε
1846 273 1904 322 de
1934 275 2113 324 occulto
2134 277 2304 325 diorum

472 358 655 407 quoque
678 341 899 387 volumus.

543 416 637 453 100.
681 404 877 452 Domum
904 416 1086 468 oportet
1113 399 1366 450 identidem
1393 399 1564 450 blando
1591 401 1872 451 cathaeretico
1904 402 2107 451 carnium
2135 403 2303 469 fungo-

468 471 616 519 sarum
638 504 650 523 ‚
682 486 777 533 quae
798 465 1106 519 succrescunt,
1139 465 1363 514 luxuriem
1394 467 1668 532 reprimere,
1691 469 1745 516 ad
1775 487 1910 534 quem
1942 468 2124 534 scopum
2149 468 2302 517 effica-

470 536 687 583 cissimum
715 533 800 580 effe
829 533 1037 579 novimus
1068 531 1315 578 balsamum.
1332 565 1346 585 ,
1373 533 1498 596 quod
1525 532 1721 595 chalybis
1742 535 1878 598 vulgo
1895 535 2082 588 dicunt,
2105 540 2152 582 δε
2182 538 2306 597 cujus

471 599 743 649 conficiendi
775 599 962 645 modum
993 597 1110 644 infra
1141 614 1444 662 proponemus
1476 598 1532 644 ad
1567 600 1733 646 calcem
1764 601 1889 646 Libri
1920 623 1964 659 4.
2004 602 2304 665 Unguentum

473 667 598 715 enim
612 665 698 711 sive
714 662 960 710 balsamum
984 662 1230 709 istiusmodi
1245 663 1451 710 rodendo
1480 662 1670 710 absumit
1691 681 1844 712 carnes
1870 663 2109 729 fungosas,
2142 665 2305 714 leniter

471 748 649 782 tamen,
677 728 891 793 quoniam
927 728 1093 794 spicula
1119 727 1345 775 corrosiva
1370 727 1545 792 spiritus
1576 729 1702 777 Nitri
1731 727 2080 777 fermentatione
2113 732 2263 777 attrita
2283 762 2303 782 ‚

471 795 742 857 chalybeatis
772 793 971 860 partibus
998 796 1206 846 castrata,
1233 794 1336 840 oleo
1362 794 1585 841 olivarum
1610 793 1782 841 irretita
1806 794 1920 840 sunt.
1962 796 2087 854 Quin
2114 795 2207 842 imo
2224 828 2239 848 ‚
2269 793 2304 840 fi

470 861 534 908 ita
568 860 774 907 videatur
794 894 808 913 ,
852 861 991 924 potest
1021 859 1264 906 balsamum
1296 858 1406 904 illud
1438 858 1636 906 insulfius
1673 858 1960 924 insulfiusque
1994 859 2124 912 fieri,
2168 877 2302 925 atque

469 926 586 973 adeo
601 926 745 972 minus
774 924 1005 989 minusque
1033 925 1278 972 corrodens
1292 957 1304 977 ‚
1324 924 1353 971 fi
1374 926 1562 991 repetita
1582 924 1729 991 lssaepius
1741 925 1971 974 ablutione
1992 925 2119 973 acida
2131 924 2305 991 spiritus

469 991 600 1039 Nitri
618 990 782 1056 spicula
803 990 1061 1055 diligentius
1081 991 1298 1040 eluantur.

978 1200 1448 1257 CAPUT
1549 1204 1802 1257 VII.

464 1328 540 1376 De
563 1324 846 1397 Ulcusc'ulis
889 1324 1117 1392 cancrofis
1140 1324 1261 1393 sive
1285 1324 1408 1375 carie
1433 1320 1779 1394 pudendorum
1795 1363 1810 1384 ,
1834 1321 1991 1395 vulg&
2013 1319 2300 1380 Chancres,

649 1471 686 1519 §-
730 1464 766 1507 1.
815 1463 1320 1508 DESCRIPTIO
1371 1461 1463 1506 ET
1513 1459 2106 1508 DIFFERENTIAE.

233 1593 423 1638 Ulcuscu..
636 1579 668 1624 L
688 1595 712 1624 c
732 1596 760 1627 U
778 1596 795 1624 s
816 1598 841 1626 c
861 1597 891 1627 U
909 1594 932 1624 1.
951 1594 983 1625 A
1014 1576 1225 1625 cancrosa
1253 1576 1308 1623 ab
1335 1574 1508 1640 impura
1527 1594 1694 1624 venere
1709 1610 1722 1629 ‚
1749 1577 1844 1641 qu'oe
1876 1577 2191 1643 pudendorum
2213 1596 2289 1624 ca-

194 1650 321 1686 lorum
361 1662 422 1688 ve·
634 1643 746 1691 riem
768 1646 1040 1692 constituunt
1059 1678 1071 1696 ‚
1105 1642 1205 1689 sunt
1223 1642 1369 1689 ulcera
1389 1644 1577 1705 exigua,
1608 1642 1906 1708 superficiaria
1922 1676 1937 1696 ,
1966 1642 2121 1708 parum
2151 1661 2260 1690 cava
2278 1676 2298 1696 ,

192 1712 382 1760 nereo-tuin
463 1707 656 1756 rotunda
670 1742 682 1761 ‚
707 1710 867 1757 callosa
881 1744 893 1763 ,
913 1709 1194 1755 contumacia
1212 1742 1224 1761 ,
1253 1724 1348 1772 quae
1367 1725 1421 1755 ex
1438 1724 1636 1755 venereo
1658 1709 1868 1773 contagio
1888 1709 1936 1754 in
1952 1708 2175 1774 pudendis
2193 1708 2293 1756 suc-

189 1751 395 1827 d²s⁶¹¹‚ft¹⁰'
466 1773 669 1822 crescunt
685 1794 733 1821 ac
751 1775 1012 1840 frequenter
1032 1774 1315 1839 repullulant.

530 1839 727 1886 Insident
752 1841 800 1886 in
827 1858 1020 1904 utroque
1046 1838 1151 1885 sexu
1177 1840 1310 1886 variis
1335 1837 1598 1902 genitalium
1623 1837 1758 1892 locis·,
1784 1838 1832 1886 in
1857 1838 1965 1885 viris
1993 1837 2178 1902 quidem
2205 1837 2298 1886 fre-

465 1920 658 1969 quenter
686 1906 871 1952 internae
902 1905 1102 1969 praeputii
1127 1903 1292 1956 faciei,
1325 1910 1371 1950 &
1405 1904 1540 1949 dorso
1573 1904 1643 1951 vel
1667 1903 1922 1951 lateralibus
1950 1903 2148 1968 partibus
2176 1902 2298 1949 bala-

466 1971 544 2024 ni;
576 1969 925 2030 frequentiffime
944 1970 1140 2030 ejusdem
1167 1987 1344 2015 coronae
1362 1970 1434 2016 vel
1460 1967 1599 2014 fraeno
1616 1987 1627 2022 3
1642 1969 1914 2033 quandoque
1935 1968 2069 2014 etiam
2093 1983 2298 2015 extremo

466 2035 656 2083 urethrae
690 2036 842 2081 duCtui
868 2036 945 2098 qui
973 2052 1051 2098 per
1080 2035 1278 2080 medium
1307 2034 1513 2080 balanum
1540 2033 1790 2080 extrorsum
1820 2033 2065 2098 porrigitur
2090 2053 2099 2079 ε
2133 2040 2185 2080 In
2212 2033 2300 2080 foe-

463 2100 600 2147 minis
629 2101 737 2148 vero
768 2100 875 2164 saepe
902 2101 1085 2146 internae
1114 2098 1245 2146 faciei
1273 2099 1496 2145 labiorum
1528 2098 1668 2146 vulvae
1704 2099 1779 2146 seu
1808 2116 1976 2162 magnae
2002 2098 2187 2152 fiffurae3
2222 2099 2299 2145 sae-

463 2165 633 2231 piffime
661 2165 859 2212 clitoridi
878 2199 890 2218 ‚
910 2164 1131 2211 clitoridis
1161 2164 1301 2210 radici
1324 2198 1336 2217 ‚
1364 2163 1578 2228 praeputio
1605 2182 1696 2227 quo
1717 2164 1886 2210 clitoris
1927 2163 2157 2227 obtegitur
2174 2199 2187 2218 ‚
2219 2181 2298 2229 ge-

463 2231 595 2277 minae
616 2230 911 2295 nympharum
935 2230 1006 2276 seu
1030 2230 1335 2294 pterygiorum
1363 2227 1523 2281 faciei,
1545 2230 1791 2276 carunculis
1811 2228 2170 2291 myrtiformibus
2187 2263 2200 2283 ‚
2219 2248 2298 2278 va-

462 2297 604 2360 ginae3
626 2297 736 2359 quin
759 2295 894 2342 etiam
912 2295 1181 2359 quandoque
1200 2311 1405 2342 extremae
1425 2294 1614 2341 urethrae
1635 2299 1754 2353 juxta
1773 2294 1964 2340 lacunas.

521 2360 657 2407 Initio
700 2360 810 2407 levis
841 2360 1074 2408 extuberat
1101 2361 1258 2426 papula
1299 2360 1482 2406 miliaris
1518 2360 1587 2406 vel
1621 2361 1840 2406 miliarem
1872 2357 2027 2424 parum
2059 2358 2299 2423 superans,

462 2425 627 2478 rubra,
656 2426 905 2472 acuminata
922 2460 934 2478 ,
964 2426 1110 2473 calens
1128 2459 1140 2477 ‚
1169 2425 1374 2491 pruriens
1391 2459 1403 2478 ‚
1436 2429 1557 2483 cujus
1582 2442 1692 2490 apex
1720 2424 1875 2470 sensim
1906 2423 2087 2470 albescit
2109 2429 2154 2470 ὃς
2176 2441 2298 2470 com-

460 2491 664 2555 planatur
685 2525 697 2543 ‚
728 2509 775 2537 ac
805 2490 986 2538 tandem
1014 2491 1105 2537 levi
1134 2490 1336 2554 apertura
1360 2490 1550 2537 dehiscit
1569 2523 1581 2542 ,
1610 2490 1730 2536 unde
1759 2489 1923 2536 ichoris
1951 2488 2181 2554 quidpiam
2215 2490 2299 2551 eji-

461 2556 596 2602 citur.
635 2555 914 2603 Continuata
934 2556 1041 2604 dein
1068 2555 1299 2602 labrorum
1318 2555 1521 2602 erosione
1541 2555 1663 2601 ulcus
1690 2554 1846 2600 crescit
1866 2588 1878 2606 ‚
1899 2554 2107 2600 dilatatur
2122 2588 2136 2606 ,
2167 2571 2299 2600 exca-

463 2638 620 2674 vatur3
652 2621 770 2668 callis
801 2621 996 2684 cingitur
1024 2621 1162 2684 magis
1192 2622 1263 2667 vel
1297 2619 1440 2666 minus
1462 2620 1581 2666 duris
1613 2619 1892 2683 densatisque
1930 2638 1942 2672 3
1976 2636 2085 2683 pure
2119 2618 2256 2664 craffo
2279 2651 2294 2670 ,

461 2686 636 2732 viscido
657 2719 669 2738 ,
701 2702 855 2733 tenace
881 2686 1016 2733 scatet
1034 2719 1046 2739 ‚
1071 2691 1116 2732 δε
1137 2684 1294 2732 similia
1315 2684 1538 2732 ulcuscula
1558 2685 1606 2730 in
1629 2685 1794 2732 vicinis.
1807 2684 2006 2749 partibus
2030 2683 2295 2748 plerumque

464 2766 645 2799 exeitat.

231 2839 417 2882 Dgfferen„
528 2813 756 2862 Differunt
781 2814 978 2862 invicem
1004 2814 1225 2861 ulcuscula
1247 2813 1522 2861 istiusmodi:
1564 2822 1625 2859 10.
1656 2812 1802 2876 Sede3
1830 2811 1911 2858 alia
1936 2811 2056 2858 enim
2085 2812 2139 2858 ad
2167 2812 2292 2858 bala-

190 2896 261 2935 ῃῑχ.
465 2899 572 2928 num
592 2915 604 2933 ,
631 2877 688 2926 ut‘
708 2898 758 2926 ea
785 2897 880 2941 quae
906 2879 1103 2937 ejusdem
1133 2879 1314 2926 dorsum
1336 2879 1425 2927 five
1446 2879 1778 2925 convexitatem
1797 2911 1810 2930 ‚
1842 2877 1916 2924 vel
1943 2876 2067 2940 quod
2087 2876 2294 2940 frequen-

466 2947 550 2993 tius
570 2979 582 2999 ‚
618 2963 860 2999 coronam3
894 2945 979 2992 alia
1008 2946 1116 2993 vero
1148 2945 1204 2991 ad
1235 2945 1525 3010 praeputium,
1559 2960 1608 2990 ut
1642 2961 1694 2990 ea
1722 2959 1817 3007 quae
1843 2942 2062 2989 internam
2094 2941 2291 3003 ejusdem

465 3011 628 3058 faciem
650 3044 662 3062 ‚
692 3026 765 3056 aut
789 3026 1038 3058 extremum
1070 3011 1347 3074 marginem3
1377 3009 1459 3056 alia
1483 3008 1666 3057 demum
1694 3010 1750 3055 ad
1778 3023 2015 3071 utrumque
2035 3006 2290 3071 pertinent}

468 3092 516 3124 ut
532 3092 583 3122 ea
602 3092 696 3138 quae
717 3074 900 3121 fraenurn
926 3076 1028 3121 hinc
1048 3076 1120 3122 vel
1152 3075 1258 3122 inde
1280 3090 1498 3139 occupant
1514 3108 1528 3129 ‚
1553 3093 1644 3139 quo
1663 3072 1925 3139 praeputium
1945 3090 2045 3118 cum
2070 3069 2288 3117 inferiore

464 3142 543 3190 seu
561 3139 664 3185 sima
682 3138 826 3185 balani
845 3155 968 3203 parte
990 3141 1282 3188 connectitur.

530 3214 594 3252 2⁰.
637 3207 872 3258 Numero3
903 3219 1007 3251 nam
1033 3205 1171 3253 modo
1199 3222 1338 3271 pauca
1366 3203 1465 3256 sunt
1494 3209 1544 3255 δε
1566 3203 1786 3257 discreta,
1817 3200 1954 3251 modb
1982 3197 2216 3251 numerosa
2239 3203 2285 3246 δε
