2477 3643
435 164 470 227 ἦ
928 142 1731 202 PRAEFA‘rro.

434 244 644 301 tantum
667 260 755 298 aut
781 242 947 296 altero
982 237 1168 292 morbo
1203 252 1425 288 venereo
1449 277 1465 301 ,
1499 231 1584 287 sed
1621 235 1757 287 leves
1779 277 1794 302 ,
1824 235 2035 304 jeiunae,
2062 238 2265 291 turnul-

433 320 613 376 tuariae
637 364 651 387 ,
689 320 747 372 in
787 316 975 390 quibus
1021 313 1112 365 vix
1155 310 1354 362 summa
1393 328 1564 361 rerum
1606 309 1782 381 capita
1818 309 1987 362 obiter
2022 311 2270 383 perstrin-

432 414 645 470 guntur.
689 395 751 446 In
790 388 1050 465 plerisque
1091 384 1410 457 opinionum
1444 402 1744 436 commenta
1781 383 2003 456 reperire
2038 385 2107 438 est
2139 384 2264 439 ant&

432 469 674 525 inaudita
692 511 705 535 ,
732 479 781 519 H
770 465 1028 540 ypothesks
1053 461 1236 513 dicunt
1257 503 1270 525 ‚
1296 458 1484 530 quibus
1507 457 1679 530 palam
1703 457 1771 510 est
1805 458 2063 530 superiore
2087 459 2259 514 seculo

435 545 548 618 post
571 540 836 596 excussum
867 537 1231 608 Antiquorum
1251 535 1428 604 jugum
1462 531 1572 605 plus
1607 550 1756 604 aequo
1779 550 1931 604 capta
1957 546 2007 588 δε
2037 533 2264 588 delinita.

432 618 585 672 fuisse
624 615 958 669 Medicorum
997 609 1208 681 ingenia
1237 652 1249 674 ,
1291 609 1409 660 cum
1450 606 1745 659 au&orirari
1786 625 2026 679 parerent
2057 607 2257 675 minsis,

437 691 661 746 necdum
696 688 893 742 rationi
930 696 982 741 &
1018 683 1353 756 experientia:
1385 681 1587 733 noss'ent
1627 701 1802 753 parere
1838 681 1974 734 satis.
2028 680 2262 737 Demum

437 766 466 820 ὲ
508 786 588 820 tot
623 763 966 836 Scriptoribus
1001 779 1068 811 ne
1107 757 1323 829 quidem
1365 777 1496 809 unus
1532 755 1854 827 therapeiam
1898 757 2263 812 mercurialem

436 839 675 894 accurare
712 837 1026 901 describere,
1066 831 1612 903 variosquescopulos
1651 850 1740 902 per
1776 849 1907 901 quos
1946 830 2144 884 medios
2180 852 2263 884 re-

435 916 604 987 genda
636 914 703 966 est
728 957 741 979 ,
780 911 1060 982 diligenter
1105 906 1341 977 detegere
1375 904 1610 962 curavit;
1664 904 1747 956 sed
1778 905 1924 957 suum
1961 905 2146 976 singuli
2183 927 2264 959 ar-

408 990 628 1043 ¹canum
668 985 957 1040 remedium
997 978 1270 1053 magnifice
1305 978 1582 1032 venditant
1614 1020 1629 1042 ,
1671 977 1816 1049 quod
1855 996 2111 1050 tanquam
2149 1000 2264 1034 cer-

437 1081 584 1129 tum,
618 1061 929 1125 indubium,
961 1055 1360 1111 efficacissimum
1394 1053 1470 1106 ita
1507 1051 1661 1105 enixe
1693 1052 1998 1106 collaudant
2023 1097 2036 1118 ,
2078 1072 2136 1107 ut
2171 1055 2263 1128 ipfi

436 1142 700 1191 occultam
722 1137 777 1189 in
801 1133 1040 1188 laudibus
1064 1129 1300 1183 fraudem
1324 1129 1559 1202 aperiant
1576 1171 1590 1194 ,
1610 1146 1669 1180 ac
1691 1125 1978 1201 planiffi-sne
1997 1127 2029 1180 d
2045 1130 2263 1200 efignent

214 1236 294 1284 (a)
328 1233 394 1270 En·
443 1218 533 1278 (a)
563 1217 612 1279 ſs)
645 1218 722 1282 fui
746 1210 940 1283 quissib
967 1206 1554 1277 causti-falstzssascitare
1568 1208 1848 1273 sententias
1866 1245 1878 1263 ‚
1904 1220 2000 1255 nec
2028 1204 2134 1255 alio
2159 1203 2262 1257 fine

165 1289 244 1329 nius
273 1313 285 1333 ›
320 1288 359 1323 Μ
438 1286 549 1340 suas
577 1279 846 1340 Diatribas
876 1276 1176 1354 scriptitasse
1194 1322 1209 1346 ,
1241 1278 1337 1331 nisi
1369 1295 1428 1331 ut
1462 1295 1650 1330 arcano
1680 1277 1769 1330 suo
1805 1274 2102 1330 lucriferam
2122 1281 2262 1332 cele-

154 1341 353 1393 fragment.
439 1361 687 1415 britatem
714 1373 1092 1432 compararent.

189 1460 271 1501 (b)
296 1457 395 1495 phae.
516 1440 746 1490 Utantur
776 1453 886 1487 tam
914 1427 1224 1505 praeposteris
1252 1426 1446 1481 artibus
1473 1427 1679 1498 Agyrtae
1701 1434 1754 1480 δε
1779 1424 2131 1482 Circulatores
2149 1472 2163 1496 ,
2191 1426 2255 1496 (b)

161 1511 356 1556 ‘³¹³⁵›Lssb
442 1532 648 1585 quorum
668 1509 898 1577 stizsszinae
938 1507 1135 1579 quiessm
1165 1505 1472 1578 impudentia
1511 1505 1590 1571 cst.
1639 1500 1736 1554 Sed
1765 1502 1831 1553 ab
1868 1500 2051 1555 iisdem
2083 1503 2263 1556 sedulo

164 1564 401 1612 ;.Fab.14‚—
440 1586 542 1640 sese
584 1584 872 1638 abstineant
909 1579 1071 1634 velim
1094 1621 1109 1641 ‚
1150 1579 1472 1649 quicumque
1508 1575 1686 1648 gloriae
1730 1574 1907 1647 cupidi
1938 1574 2089 1628 famae
2132 1590 2298 1631 con-³

442 1662 656 1726 sulunt,
691 1658 1013 1730 quicumque
1049 1652 1285 1706 veritatis
1318 1654 1542 1705 cultores
1573 1658 1627 1704 &
1664 1649 1859 1702 fraudis
1892 1650 2099 1703 inimici
2133 1671 2263 1704 con-

438 1735 639 1789 civium
666 1728 1025 1785 incolumitati
1058 1726 1262 1780 student
1293 1746 1356 1778 ex
1386 1725 1582 1778 animo.
1627 1726 1968 1798 Quapropter
1990 1725 2118 1797 aegre
2148 1725 2262 1779 fero

439 1809 470 1863 εἴ
505 1807 777 1878 Chirurgis
807 1825 915 1858 non
945 1801 1121 1876 paucis
1144 1847 1155 1869 ‚
1186 1799 1214 1853 a
1243 1799 1471 1853 Medicis
1505 1800 1777 1853 nonnullis
1810 1799 2000 1867 exteris
2028 1843 2041 1866 ,
2075 1800 2104 1853 Ξι
2141 1800 2264 1853 Me·-

440 1883 678 1937 dicorum
712 1878 1019 1934 nostratium
1052 1896 1160 1928 uno
1193 1892 1283 1927 aut
1306 1877 1469 1927 altero
1492 1916 1506 1940 ,
1543 1894 1729 1927 arcana
1753 1873 1977 1947 proponi
2002 1875 2261 1942 remedia,

440 1976 668 2030 quorum
712 1951 1142 2028 praeparationem
1177 1948 1239 2001 de
1279 1948 1526 2000 industria
1564 1950 1738 2001 celant
1764 1992 1779 2015 ,
1826 1966 1883 2000 ut
1917 1947 2262 2003 inefficaciam

441 2052 552 2085 non
594 2030 817 2104 prodant
839 2072 853 2094 ,
885 2025 969 2079 sed
994 2024 1181 2096 quibus
1210 2040 1388 2075 amant
1411 2022 1645 2075 credulos
1670 2022 1817 2094 vulgi
1854 2021 2056 2076 animos
2093 2023 2263 2078 ludifi-

442 2126 562 2161 care
581 2149 595 2172 ,
637 2124 745 2157 non
776 2104 878 2155 sine
906 2100 1034 2153 lucri
1055 2098 1276 2170 turpiter
1306 2096 1500 2168 quaefiti
1532 2096 1768 2150 infamia.

513 2177 740 2232 Abunde
763 2176 1027 2240 indicant,
1052 2192 1165 2244 quae
1186 2173 1429 2224 ha&ent1s
1452 2169 1691 2244 praefatus
1716 2171 1855 2237 sum,
1877 2189 2078 2244 quanto
2098 2178 2208 2241 jure
2231 2171 2261 2227 a

440 2253 670 2307 Medicis
712 2251 835 2305 artis
876 2251 971 2303 suae
1012 2247 1237 2300 studiosis
1274 2245 1579 2298 defideretur
1617 2248 1768 2319 Opus
1803 2266 2037 2314 novum,
2073 2246 2136 2300 de
2172 2266 2263 2299 eo·-

440 2328 560 2382 dem
583 2345 890 2399 argumento
915 2320 1217 2394 diligentius
1238 2364 1252 2387 ,
1285 2319 1436 2374 fufius
1458 2363 1472 2387 ,
1503 2320 1720 2372 meliore
1750 2319 1849 2372 fide
1879 2321 2261 2393 conscriptum:

440 2405 516 2455 At
554 2404 674 2456 vero
708 2401 946 2454 indicant
973 2396 1153 2450 eadem
1187 2396 1333 2447 fimul
1363 2413 1560 2466 quanta
1582 2394 1638 2447 fit
1665 2394 1855 2467 Operis
1880 2395 2022 2448 illius
2056 2395 2263 2466 magni-

440 2476 571 2529 tudo
617 2494 775 2548 atque
813 2473 1092 2527 difficultas
1120 2515 1136 2537 ,
1177 2478 1231 2524 δε
1274 2488 1406 2541 quot
1450 2468 1612 2522 adfint
1656 2487 1960 2541 quantaque
2000 2469 2028 2523 *a
2072 2472 2262 2541 quibus

441 2551 693 2624 Scriptori
735 2548 1027 2605 cavendum
1065 2545 1123 2614 fit
1159 2589 1176 2613 ‚
1221 2544 1255 2598 si
1291 2544 1548 2598 curaverit
1584 2545 1872 2617 peritorum
1916 2544 2053 2598 votis
2093 2543 2266 2597 facere

440 2624 581 2677 satis.

517 2698 722 2752 Profuit
756 2698 889 2751 mihi
924 2698 1031 2751 haec
1063 2694 1244 2749 omnia
1276 2691 1416 2767 prius
1453 2692 1705 2767 percepiffi
1750 2708 1900 2764 atque
1945 2698 2108 2744 animo
2156 2712 2261 2744 me-

442 2795 546 2827 cum
596 2774 713 2827 ant?
758 2773 988 2848 peregtſji³
1026 2813 1039 2832 ‚
1101 2770 1260 2841 quam
1303 2767 1368 2821 ad
1411 2766 1735 2821 scribendum
1779 2766 2015 2818 animum
2061 2766 2261 2839 appuli.

443 2847 574 2899 Inde
609 2847 750 2900 enim
788 2844 945 2920 probe
978 2844 1219 2898 intellexi
1260 2861 1426 2916 partes
1462 2862 1599 2894 meas
1633 2840 1730 2892 effe
1759 2883 1773 2906 ,
1820 2859 1877 2893 ut
1918 2859 2260 2911 quaecumque

445 2920 512 2972 ad
544 2922 713 2973 morbi
746 2921 1035 2992 originem,
1071 2918 1344 2990 ingressum
1369 2960 1383 2982 ,
1422 2915 1884 2989 propagationem3
1920 2933 2261 2986 quaecumque

445 2993 510 3045 ad
547 2995 913 3065 contagionem
935 3037 948 3060 ,
983 2991 1313 3064 contagionis
1345 3009 1566 3063 genera,
1609 2990 1881 3061 variosque
1916 2988 2096 3041 modos
2137 2987 2259 3059 qui-

444 3067 539 3120 bus
575 3068 859 3140 susceptum
892 3069 1032 3122 virus
1066 3067 1225 3121 modo
1261 3066 1370 3118 filet
1398 3109 1412 3132 ‚
1446 3064 1604 3117 modo
1638 3064 1777 3117 saevit
1814 3062 1986 3115 furore
2024 3062 2167 3114 vario
2203 3062 2260 3113 in

445 3141 710 3213 singulos;
757 3161 1095 3213 quaecumque
1139 3141 1203 3194 ad
1243 3140 1544 3193 morborum
1589 3148 1925 3191 venereorum
1968 3134 2078 3189 tuan
2125 3142 2260 3189 loca-

444 3216 579 3272 lium
601 3215 712 3270 tum
735 3215 1106 3271 universalium
1128 3214 1299 3270 causas
1313 3257 1331 3284 ,
1355 3214 1731 3288 symptomata,
1754 3216 1890 3285 figna
1905 3255 1920 3281 ,
1940 3210 2259 3283 therapeiam
