2477 3643
164 1961 379 2014 Therapeia

144 2015 349 2069 palliativa.

395 130 490 186 ιφ
768 124 875 170 DE
933 99 1876 169 MORBrstNERErs.

395 203 502 252 vide
521 202 768 250 Fernelium
789 201 985 250 Method.
1005 199 1187 246 medendi
1206 195 1304 244 Lib.
1326 202 1385 244 16.
1412 212 1503 261 cap.
1527 203 1589 244 18⁴.
1620 197 1696 244 ubi
1713 196 1850 245 refert
1881 198 2141 247 Arsenicum
2169 182 2241 256 &⁴²

398 268 679 315 Mercurium
698 266 981 313 sublimatum
1000 280 1162 309 cancro
1181 278 1380 307 mammae
1404 262 1606 326 imposita
1634 263 1867 310 mulierem
1895 262 2052 312 diebus
2071 264 2144 312 sex
2161 263 2223 312 de

398 332 553 381 medio
575 330 775 378 sustuliffe
791 365 802 383 ,
819 328 1005 394 perinde
1027 345 1075 373 ac
1096 326 1125 371 fi
1144 325 1300 375 eadem
1328 344 1408 373 ore
1421 326 1569 374 hausta
1583 327 1776 374 fuissent.

461 399 527 456 4⁰.
552 397 692 461 Igitur
714 395 842 441 satius
860 396 919 440 est
944 391 1160 438 mobilem
1186 408 1392 437 cancrum
1423 389 1547 438 ferto
1573 392 1833 441 exscindere
1861 390 2070 440 radicitus
2086 390 2223 440 celeti-

401 461 690 528 operatione:
712 460 890 506 Scilicet
909 456 1116 520 glandula
1135 454 1346 501 cancrosa
1366 455 1517 520 digitis
1534 491 1546 509 ,
1567 457 1753 520 ligatura
1770 491 1782 510 ‚
1811 457 1985 522 forcipe
2018 456 2225 503 circulari

404 543 478 573 aut
507 525 688 573 volsella
710 522 919 570 uncinata
943 536 1115 585 arrepta
1134 519 1410 585 suspenditur
1433 539 1446 574 3
1470 521 1576 567 inde
1596 522 1705 567 cutis
1728 528 1772 568 δε
1798 524 1985 569 tumoris
2012 520 2119 569 basis
2138 538 2226 567 no-

397 591 560 639 *vacula
587 590 641 636 ad
660 588 894 634 dimidiam
917 585 1213 649 longitudinis
1239 600 1407 649 partem
1435 585 1578 632 linteo
1608 585 1824 633 obvoluto
1850 587 2016 634 armata
2036 586 2227 632 circum-

403 673 582 720 quaque
608 652 754 700 subtus
786 651 1122 698 circumciditur
1143 685 1156 703 ‚
1189 650 1335 697 donec
1373 668 1531 696 cancer
1559 666 1677 696 totus
1710 651 1916 698 radicitus
1950 652 2231 717 extirpetur,

408 721 560 768 sedulo
580 717 781 764 cavendo
805 734 863 764 ne
888 716 999 780 quid
1026 715 1248 762 refiduum
1277 731 1501 762 remaneat
1518 748 1532 767 ,
1550 715 1673 778 quod
1704 717 1919 763 cancrosae
1947 717 2112 763 indolis
2141 714 2230 761 sus-

409 787 582 851 pestum
616 781 701 830 effe
729 781 946 829 videatur.
975 780 1209 843 Sanguinis
1238 779 1378 826 fluxus
1412 780 1484 826 vel
1512 779 1775 843 ligattira‚fi
1802 781 1902 828 vasa
1928 781 2047 828 unde
2079 794 2233 826 manat

411 848 627 913 ampliora
659 846 767 899 finr,
787 847 856 893 vel
889 845 979 891 sola
998 845 1214 892 vitriolici
1245 844 1417 890 frustuli
1437 845 1732 909 applicatione
1762 846 2059 908 restinguitur.
2098 844 2232 907 Plaga·

409 915 657 960 linamento
685 912 800 957 sicco
834 911 1039 975 oppletur
1074 916 1118 956 δέ
1151 927 1284 955 manu
1309 909 1566 973 aliquandiu
1591 910 1900 974 comprimitur
1921 945 1933 964 ‚
1961 911 2106 956 donec
2134 908 2232 954 san-

414 977 510 1041 guis
532 976 733 1023 subfistat.
766 977 886 1022 Dein
909 974 1077 1040 postera
1098 974 1287 1021 tertiave
1308 974 1381 1021 die
1405 975 1633 1039 postqutim
1662 975 1952 1021 linamentum
1981 973 2202 1021 'deciderit
2218 1005 2238 1026 2

412 1043 619 1107 superstes
641 1042 761 1087 ulcus
785 1040 1001 1104 digestivo
1017 1040 1191 1104 vulgari
1210 1073 1223 1092 ,
1251 1038 1445 1085 balsamo
1467 1040 1608 1086 Arcaei
1625 1073 1637 1092 ,
1659 1038 1858 1087 balsamo
1880 1040 2017 1087 viridi
2037 1037 2244 1085 successi--

410 1108 466 1156 νὲ
496 1107 722 1153 curabitur
741 1140 754 1158 ,
785 1121 834 1151 ut
854 1105 956 1151 artis
974 1106 1059 1156 est,
1082 1110 1126 1150 δε
1149 1121 1197 1150 ut
1220 1103 1337 1151 feret
1354 1103 1465 1153 usus.

481 1180 544 1235 50.
579 1170 800 1218 Caeterum
827 1170 873 1216 in
902 1170 950 1216 id
975 1170 1103 1216 unice
1123 1170 1401 1233 Chirurgum
1429 1168 1665 1216 intendere
1692 1167 1912 1215 necessum
1946 1169 2006 1215 est
2027 1201 2039 1220 ,
2070 1177 2132 1213 10.
2166 1170 2242 1213 Ut·

413 1237 445 1282 s}
476 1255 560 1300 qua
585 1236 732 1301 pusilla
753 1235 962 1299 glandula
994 1234 1201 1281 cancrosa
1229 1236 1300 1282 vel
1332 1234 1387 1281 ad
1411 1234 1555 1280 cancri
1581 1249 1784 1280 naturam
1804 1231 2004 1298 proxima
2039 1233 2171 1279 lateat
2191 1232 2242 1278 iri·

417 1301 620 1348 confiniis
638 1335 649 1353 ‚
670 1301 909 1363 diligenter
934 1300 1179 1364 extirpetur
1198 1319 1209 1352 3
1229 1317 1385 1345 cancer
1412 1300 1534 1345 enim
1552 1298 1694 1357 hydr-a
1715 1300 1773 1344 est
1793 1332 1804 1351 ‚
1836 1315 1933 1361 quae
1962 1298 2132 1362 semper
2166 1315 2242 1343 re·-

415 1365 594 1412 viviscit
611 1401 623 1419 ,
641 1365 717 1411 nisi
737 1365 879 1429 capita
904 1364 1056 1410 omnia
1072 1363 1233 1411 resedita
1251 1363 1346 1409 lint.
1373 1371 1435 1409 2⁰.
1462 1368 1529 1409 Ut
1555 1362 1696 1408 carnis
1715 1362 1891 1427 optimae
1909 1361 2238 1426 regenerationi

417 1432 545 1476 caute
562 1430 879 1495 provideatur,
898 1429 1021 1475 ulcus
1043 1428 1239 1475 curando
1267 1428 1433 1474 summa
1456 1427 1714 1491 diligentia,
1747 1445 1803 1474 ne
1827 1428 1874 1472 in
1897 1426 2080 1474 fistulam
2105 1428 2246 1490 dege-2

417 1511 545 1542 neret
565 1530 577 1548 ,
599 1496 724 1558 quod
747 1495 802 1541 de
822 1493 1036 1540 cancrofis
1053 1493 1275 1540 ulceribus
1293 1492 1480 1539 nimium
1501 1493 1711 1556 frequens
1731 1493 1803 1538 est.

481 1569 547 1605 60.
584 1564 746 1607 Sanato
774 1558 955 1605 demum
989 1558 1135 1604 ulcere
1168 1559 1241 1604 vel
1277 1558 1332 1604 ad
1363 1559 1615 1603 cicatricem
1644 1571 1908 1621 properante
1927 1589 1939 1608 ‚
1965 1556 2125 1603 vitiosa
2146 1556 2245 1603 san-4

420 1625 564 1687 guinis
610 1623 812 1670 diathesis
831 1657 844 1676 ‚
868 1640 963 1686 quae
994 1625 1017 1668 u
1050 1641 1212 1668 cancro
1238 1622 1417 1668 induerat
1450 1623 1508 1668 est
1539 1623 1610 1669 vel
1629 1638 1721 1685 quae
1751 1638 1959 1666 cancrum
1990 1620 2081 1685 ipsa
2111 1620 2244 1667 fove-

420 1689 497 1736 bat
513 1723 525 1741 ‚
556 1689 763 1735 remediis
784 1687 1051 1750 corrigenda
1069 1689 1126 1733 est
1147 1722 1157 1739 ,
1186 1705 1241 1734 ne
1260 1686 1388 1733 simili
1407 1687 1518 1733 vitio
1540 1705 1682 1733 novus
1699 1703 1857 1732 cancer
1885 1686 1931 1730 in
1957 1703 2079 1751 parte
2108 1686 2247 1732 altera

421 1753 673 1817 repullulet.
700 1753 772 1799 Ad
802 1753 919 1798 hunc
950 1768 1095 1798 autem
1129 1751 1311 1816 scopum
1342 1751 1475 1798 faciet
1507 1751 1745 1798 methodus
1776 1750 1914 1796 modu
1948 1751 2244 1814 proponenda

422 1819 478 1864 ad
498 1821 762 1882 palliativam
790 1816 939 1863 cancri
966 1817 1125 1862 stabilis
1157 1817 1429 1881 therapeiam
1448 1837 1459 1861 ε
1479 1819 1766 1875 Quaecunque
1792 1816 1911 1861 enim
1935 1834 2097 1861 cancro
2123 1815 2247 1861 miti·-

426 1883 575 1946 gando
604 1883 859 1929 conducunt
876 1915 888 1933 ,
914 1880 1169 1928 conducunt
1197 1882 1352 1928 eadem
1383 1899 1548 1927 cancro
1572 1881 1876 1946 praecavendo.

485 1952 550 1993 11.
584 1952 635 1993 In
655 1946 755 1992 casu
774 1947 912 1992 altero
928 1980 940 1999 ‚
961 1963 1121 2010 nempe
1140 1945 1169 1990 fi
1187 1945 1420 1992 cancrosus
1441 1962 1591 1991 tumor
1612 1945 1769 1991 vicinis
1786 1943 1983 2009 partibus
1999 1948 2085 2006 jam
2105 1942 2258 1989 adhaea-

425 2009 561 2064 serit,
587 2029 733 2074 neque
757 2010 871 2057 adeo
901 2010 1025 2074 possit
1065 2010 1272 2056 radicitus
1304 2010 1388 2056 ulla
1423 2011 1597 2056 ratione
1628 2009 1868 2073 extirpari,
1899 2008 1953 2054 ab
1986 2007 2257 2072 operatione

427 2077 553 2122 omni
581 2076 887 2122 abstinendum
912 2076 971 2121 est
990 2092 1198 2139 tanquam
1223 2075 1399 2127 inutili,
1430 2075 1522 2120 imo
1542 2073 1680 2121 noxia:
1706 2107 1719 2127 >
1745 2074 1795 2120 &
1821 2075 2056 2137 palliativis
2077 2072 2258 2119 tantumv

427 2141 638 2189 remediis
662 2140 957 2187 insistendum.

496 2215 558 2252 1⁰.
586 2205 720 2252 Haud
747 2204 903 2252 desunt
935 2221 1083 2251 tamen
1104 2238 1116 2256 ,
1146 2204 1223 2268 qui
1254 2206 1530 2252 curationem
1559 2203 1798 2269 perfectam
1828 2202 1962 2248 etiam
1989 2203 2034 2247 in
2066 2221 2121 2249 eo
2150 2202 2262 2248 casu

432 2271 729 2337 polliceantur
764 2269 850 2316 usu-
881 2269 1264 2315 cathaereticorum
1282 2305 1294 2323 ‚
1322 2271 1561 2335 praesertim
1589 2269 1699 2315 verb
1723 2266 2027 2314 arsenicalium
2048 2267 2160 2321 ysed
2194 2286 2255 2312 ae-

432 2352 659 2399 grotantes
676 2369 688 2387 ,
718 2334 756 2379 fi*
778 2334 1024 2397 magnificis
1049 2335 1262 2398 promiffis
1284 2335 1528 2381 istiusmodi
1550 2333 1778 2380 confidant
1795 2367 1808 2384 ,
1830 2332 2066 2378 temera-riae
2091 2332 2263 2377 creda--

432 2402 571 2447 litatis
606 2418 754 2464 poenas
776 2400 872 2445 cito
900 2400 1022 2445 luent
1055 2415 1203 2445 morte
1235 2400 1392 2447 miser-21
1418 2406 1465 2445 &
1492 2397 1798 2445 crudeliffima.
1826 2400 1990 2459 Neque
2009 2397 2129 2443 enim
2158 2395 2264 2460 spe-⁴

436 2483 534 2514 rare
555 2465 658 2511 licet
679 2465 832 2510 utilem
851 2463 951 2509 fore
973 2464 1019 2508 in
1052 2463 1192 2509 stabili
1221 2482 1382 2511 cancro
1413 2464 1685 2529 therapeiam
1705 2497 1717 2516 ,
1736 2479 1868 2527 quam
1890 2461 2066 2507 nox-iam
2095 2461 2180 2508 effe
2206 2462 2265 2507 in*

435 2529 595 2578 mobili
623 2529 761 2575 modo
779 2528 1188 2575 demonstravimus.

501 2602 563 2642 2⁰.
594 2597 723 2640 Tunc
758 2611 867 2656 ergo
900 2611 987 2639 una
1018 2592 1126 2638 salus
1151 2593 1274 2655 aegtis
1305 2594 1365 2640 est
1393 2588 1776 2638 nullam'salmem
1811 2591 2011 2656 sperare,
2042 2595 2088 2636 δε
2127 2588 2263 2634 miss&

437 2659 561 2707 inani
592 2663 636 2704 &
669 2658 923 2721 periculosa-
944 2657 1106 2703 fiducia
1132 2658 1260 2702 unice
1289 2657 1556 2718 providere,
1584 2673 1629 2701 ut
1666 2657 1814 2702 cancri
1841 2670 2126 2718 augmentum
2152 2672 2269 2718 prae-v·

440 2738 646 2770 caveatur
665 2741 676 2775 3
695 2721 852 2767 vitiosa
875 2722 1097 2784 sanguinis
1117 2719 1321 2767 diathesis
1347 2722 1592 2782 corrigatur
1609 2755 1621 2771 ,
1656 2721 1836 2766 dolores
1852 2754 1863 2770 ‚
1892 2719 1971 2781 qui
1991 2735 2154 2781 aegrum
2179 2719 2266 2764 mi·-

441 2787 622 2835 serrime
637 2802 847 2849 torquent
867 2820 879 2839 ,
897 2786 1146 2838 leniantur3
1166 2787 1346 2832 demum
1361 2786 1452 2832 vita
1466 2784 1598 2846 quam
1614 2784 1846 2829 diutiffime
1869 2789 1913 2829 ὃς
1934 2783 2068 2846 quum
2088 2782 2269 2828 mitisfi*

443 2852 514 2901 me
528 2852 864 2916 procrastinetur
883 2884 894 2903 ‚
915 2851 963 2896 in
977 2850 1136 2914 quibus
1157 2850 1444 2915 procurandis
1460 2846 1685 2913 therapeia
1701 2848 1924 2913 palliativa
1937 2864 2032 2894 tota
2045 2845 2267 2894 versatur-0.

513 2925 572 2978 3⁰.
608 2919 849 2981 Eaptopter
875 2933 985 2979 aeger
1009 2915 1257 2962 identidem
1287 2915 1540 2979 purgandus
1566 2916 1623 2960 est
1639 2948 1650 2966 ‚
1692 2931 1783 2959 non
1803 2913 1986 2977 quidem
2012 2911 2272 2958 catharticis

447 2981 639 3027 drasticis
657 3015 669 3032 ,
695 2998 742 3027 ur
768 2981 992 3028 nonnullis
1011 2979 1378 3026 temere-videtur
1393 3014 1405 3032 ‚
1431 2979 1507 3026 sed
1527 2978 1831 3024 blandioribus
1846 3011 1858 3030 ‚
1881 2995 1928 3023 ut
1955 2977 2142 3027 mannii,
2171 2973 2260 3020 cas-

446 3045 503 3090 sia
523 3079 535 3097 ‚
563 3045 832 3091 rhabarbaro
848 3079 860 3098 ,
887 3045 1044 3108 syrupo
1063 3044 1225 3091 florum
1244 3043 1506 3108 persicorum
1528 3049 1613 3089 &c-
1651 3060 1745 3107 quat
1764 3044 2012 3104 congestam
2033 3043 2081 3086 in
2100 3038 2266 3103 primis

447 3109 849 3174 viis-cacochyliam
869 3114 914 3156 ὃ(
937 3109 1141 3158 biliosam
1165 3126 1399 3157 amurcam
1417 3108 1576 3159 leniter
1604 3109 1796 3158 educant
1828 3106 1917 3155 fine
1952 3105 2157 3170 graviore
2179 3120 2258 3149 or-

453 3173 628 3236 gasmot*
2218 3232 2238 3252 ο

2185 3250 2265 3290 4,.
