2477 3643
661 107 1615 158 anER111.CAt›u-·r'V.
1905 127 2039 162 ιη’,

217 198 231 208 P
240 209 244 214 ι

206 222 207 228 1
225 201 290 259 3⁰.
317 189 506 241 Incessus
534 191 631 239 fieri
653 209 747 239 non
773 194 911 257 potest
928 226 940 245 ,
963 192 1037 239 nisi
1059 189 1244 239 musculi
1264 207 1359 238 crus
1376 189 1591 238 tibiamve
1611 190 1862 237 an'trorsum
1882 193 1991 242 flec-

159 270 309 307 tentes
335 275 435 305 cum
466 257 810 304 extendentibus
829 257 1079 304 alternatim
1097 255 1430 304 contrahantur.
1459 254 1549 302 Sed
1573 254 1639 300 illi
1656 254 1839 301 musculi
1858 257 1990 304 alter-

168 325 305 372 natim
334 340 424 367 non
443 322 616 386 possunt
638 322 844 367 contrahi
867 323 976 385 quin
1007 320 1286 387 suprapositas
1317 320 1512 384 inguinis
1540 318 1768 383 glandulas
1802 323 1889 381 jam
1921 336 1989 367 tu·

163 387 371 435 mefatstas
392 402 622 450 premant,
643 404 692 433 ac
725 387 973 452 premendo
1003 387 1209 433 dolorem
1229 385 1440 432 excitent.
1471 386 1641 445 Inceffm
1672 400 1781 447 ergo
1810 388 1988 432 exerceri

160 470 241 499 non
265 451 384 516 potes}
409 452 455 497 in
477 451 657 498 bubone
677 469 872 498 venereo
889 486 901 504 ‚
921 453 999 513 mfi
1014 470 1102 498 cnm
1122 452 1257 498 doiore
1270 484 1282 504 ,
1305 466 1438 514 atque
1463 449 1576 496 adeo
1597 466 1697 495 cum
1718 448 1889 495 labore.

221 526 290 575 40.
324 516 554 563 Glandulae
585 516 779 579 inguinis
812 516 945 563 semel
981 514 1174 563 infarstae
1195 533 1317 562 novo
1339 515 1516 580 limphae
1550 513 1810 578 appellentis
1833 511 1989 577 agges-

160 595 210 627 tu
240 582 378 644 magis
405 579 629 644 magisque
665 582 712 626 in
748 582 842 629 dies
880 580 1047 628 debent
1077 579 1234 626 sensim
1264 578 1411 626 inflari
1446 613 1459 632 ,
1503 579 1650 625 donec
1683 578 1863 626 tandem
1895 578 1988 630 vis,

157 645 246 708 qua
266 645 482 709 glandula:
515 645 719 692 ulteriori
742 646 994 692 dilatationi
1027 644 1249 696 resistunt,
1281 644 1455 707 aequalis
1475 643 1524 689 fit
1543 659 1775 690 momento
1792 661 1884 706 quo
1914 661 1990 707 ap-

164 709 335 774 pellens
366 710 533 774 limpha
573 710 775 758 eamdem
810 712 1006 756 molitur.
1037 710 1109 756 Sic
1136 726 1245 772 ergo
1285 709 1422 756 debet
1444 708 1544 755 babo
1571 708 1786 773 incipiens
1818 710 1865 755 in
1895 708 1990 754 dies

159 776 331 835 cresbere
351 812 366 828 ,
396 777 620 828 indurari,
653 776 875 821 extrorsitm
909 779 1132 839 prominere
1163 778 1203 819 in
1220 773 1456 836 fhstigium,
1492 791 1540 819 ac
1571 773 1752 837 oblique
1781 772 1992 837 protendi

159 837 406 886 secundum
442 839 753 902 glandularum
782 840 1078 903 i-nguinalium
1106 838 1263 889 situm,
1284 838 1441 901 ‘magis
1474 853 1622 885 tamen
1657 837 1860 885 minusve
1900 855 1985 901 pto

160 902 339 950 diversa
367 903 678 967 glandularum
704 905 1013 969 magnitudine
1057 909 1105 951 δε
1135 901 1473 950 extenfibilitate
1503 935 1517 956 ‚
1550 918 1627 949 aut
1655 903 1782 950 vario
1816 901 1994 969 limphoe

161 969 425 1033 appellentis
457 969 640 1033 impetu.

229 1042 291 1095 5⁰.
325 1034 569 1080 Crescente
587 1032 770 1080 bubone
783 1030 1032 1094 sanguifera
1050 1030 1150 1078 vasa
1165 1064 1177 1083 ,
1196 1048 1290 1094 quae
1310 1048 1388 1095 per
1413 1030 1608 1078 mediam
1625 1032 1844 1095 glandulae
1859 1032 1991 1079 indu-

163 1112 266 1143 ratae
293 1097 572 1145 substant-iam
595 1113 753 1162 repunt
769 1132 781 1151 ,
802 1098 1045 1159 derepente
1065 1096 1301 1159 comprimi
1321 1094 1539 1142 neceffum
1559 1097 1631 1143 est.
1668 1097 1755 1144 Sed
1784 1097 1837 1144 iis
1860 1096 1991 1145 dete-

159 1163 293 1226 pente
313 1162 562 1227 compreffis
583 1161 753 1225 sanguis
786 1160 1044 1208 interfluens
1079 1159 1233 1206 tandiu
1256 1161 1425 1207 haerere
1446 1160 1580 1207 debet
1607 1165 1654 1206 &
1689 1161 1902 1215 retineri,
1929 1177 1993 1209 at-

161 1243 251 1289 que
273 1226 384 1274 adeo
407 1228 601 1273 calorem
620 1226 917 1273 fervidiorem
937 1225 1093 1271 tandiu
1112 1224 1224 1289 parti
1252 1224 1493 1271 conciliare
1509 1259 1522 1277 ‚
1552 1225 1660 1272 dum
1686 1244 1823 1272 novas
1848 1227 1993 1272 circu-

164 1291 344 1337 larionis
370 1292 461 1337 vias
480 1291 558 1337 fibi
578 1290 729 1336 sensim
753 1290 989 1355 paraverit.
1015 1290 1126 1336 Inde
1151 1296 1260 1352 erg'o
1290 1289 1443 1338 saltem
1472 1290 1519 1337 in
1547 1290 1771 1356 principio
1797 1291 1992 1338 bubonis

160 1354 375 1401 intensior
402 1355 574 1402 futurus
601 1356 660 1401 est
688 1357 900 1415 tumefaHae
914 1361 1049 1419 partis
1065 1358 1191 1401 calor.

225 1428 290 1466 60.
329 1420 453 1480 Quin
477 1420 570 1467 imo
607 1419 637 1465 si
659 1421 776 1466 celer
803 1419 1112 1483 glandularum
1141 1416 1397 1465 tumefactio
1427 1423 1473 1464 &
1500 1436 1577 1483 per
1599 1418 1846 1466 fluxionem
1879 1417 1991 1466 facita

165 1482 390 1548 sanguinis
416 1483 591 1531 cursum
616 1484 761 1531 subito
780 1484 1013 1537 cohibeat,
1032 1485 1062 1530 si
1080 1483 1253 1530 validus
1270 1483 1319 1529 sit
1339 1484 1598 1529 arteriarum
1626 1482 1771 1548 pulsus
1790 1502 1843 1530 ex
1864 1500 1991 1530 natu-

165 1549 248 1594 rali
278 1551 477 1615 corporis
508 1549 680 1595 fabricii
713 1565 786 1596 aut
815 1549 942 1596 febre
973 1548 1218 1597 adventitia
1236 1581 1248 1600 ‚
1270 1546 1451 1594 demum
1479 1548 1508 1593 si
1537 1548 1708 1611 sanguis
1738 1548 1893 1595 natura
1923 1567 1993 1594 ca*

160 1613 256 1660 lens
287 1620 332 1660 &
361 1617 536 1661 aestuans
573 1614 770 1678 impense
815 1613 1004 1660 rarescat
1086 1628 1295 1661 extremae
1325 1613 1505 1675 guttula:
1542 1612 1764 1675 sanguinis
1802 1613 1990 1660 validius

161 1677 270 1743 pulsi
298 1678 344 1723 in
363 1679 559 1725 lateralia
580 1678 680 1724 vasa
705 1678 959 1742 limphatica
977 1649 1302 1741 viffrtumpent
1320 1710 1333 1728 ‚
1364 1677 1485 1723 unde
1517 1676 1713 1722 instituta
1743 1677 1862 1723 nova
1894 1677 1992 1724 san-

163 1742 313 1806 guinis
339 1743 462 1791 devii
482 1742 773 1791 circulatione
801 1743 899 1789 bubo
920 1744 994 1806 fiet
1025 1744 1174 1790 calore
1192 1774 1206 1794 ,
1234 1741 1394 1789 dolore
1412 1775 1425 1794 ‚
1451 1740 1608 1809 pulsu,
1630 1741 1870 1790 renitentia
1889 1742 1994 1788 insi·-

164 1808 272 1870 gnis
291 1840 303 1859 ‚
328 1825 418 1854 uno
436 1807 579 1855 verbo
598 1808 946 1872 phlegmonodaens.

225 1879 290 1928 7⁰.
329 1873 558 1930 Quoniam
595 1887 747 1918 tamen
785 1871 832 1916 in
864 1870 1103 1935 superjesta
1135 1887 1264 1924 cute,
1290 1887 1385 1934 quae
1412 1870 1560 1916 morbi
1589 1888 1642 1918 ex
1676 1888 1745 1918 ers
1772 1873 1859 1924 est,
1893 1873 1994 1918 vasa

166 1934 391 1998 sanguinis
421 1936 686 1982 nullomodo
715 1935 786 1981 vel
821 1935 974 1999 patum
1006 1935 1249 1983 admodum
1283 1937 1565 1999 angustantur
1586 1969 1599 1988 ‚
1636 1889 1808 1998 singnis
1836 1953 1914 2000 per
1942 1953 1996 1983 ea.

162 2000 401 2047 circuitum
435 2000 565 2047 solita
596 1999 691 2047 fere
726 1999 940 2046 facilitate
960 1999 1162 2064 perficiet
1179 2034 1192 2053 ‚
1229 2001 1348 2047 unde
1369 2005 1467 2047 cutis
1495 2018 1589 2046 non
1610 2000 1961 2047 inflammabitur
1979 2034 1993 2053 ,

164 2064 261 2111 imo
292 2066 403 2113 verb
435 2083 517 2113 nec
545 2069 712 2112 colorem
734 2064 877 2113 ferme
899 2064 1107 2125 ‘mutabit
1125 2099 1138 2118 ,
1166 2064 1240 2113 sed
1267 2069 1454 2112 nativum
1484 2080 1560 2112 aut
1594 2064 1619 2110 ὲ
1651 2065 1806 2113 nativo
1839 2065 1995 2132 parum

163 2129 384 2194 disparem
405 2130 601 2177 retinebit.
876 2172 887 2176 -

227 2200 295 2241 80.
332 2195 377 2241 Si
410 2195 518 2243 ver-b
553 2210 703 2242 tumor
722 2193 840 2240 lente
864 2194 1029 2240 crescat
1049 2227 1061 2246 ,
1083 2193 1112 2238 si
1131 2192 1291 2240 debilis
1311 2193 1361 2238 sit
1382 2198 1427 2239 δε
1450 2194 1596 2240 tardus
1615 2194 1875 2241 arteriarum
1896 2193 1995 2259 pul-

162 2257 230 2306 sus
247 2293 260 2312 ‚
277 2259 307 2304 si
337 2278 469 2306 cruor
489 2260 644 2305 natura
676 2258 862 2321 aquosus
883 2257 931 2304 fit
951 2264 996 2305 δε
1017 2258 1246 2305 diffolutus
1261 2291 1274 2310 ,
1299 2258 1404 2305 hinc
1431 2259 1549 2305 rivus
1569 2258 1789 2322 sanguinis
1815 2259 1864 2304 in
1893 2258 1993 2306 vasa

167 2324 385 2386 glandulae
405 2324 598 2371 infarctae
619 2322 809 2370 debilius
843 2328 888 2369 δε
919 2322 1082 2370 tardius
1117 2322 1389 2386 propelletur
1419 2356 1432 2375 ,
1461 2328 1507 2370 Sc
1536 2323 1584 2368 in
1611 2323 1772 2371 iisdem
1799 2323 1960 2371 lentius
1980 2357 1994 2376 ,

165 2387 371 2451 adeoque
403 2388 546 2437 minus
580 2386 889 2435 coercebitur:
909 2390 1020 2434 Non
1044 2387 1259 2450 stagnabit
1294 2404 1403 2452 ergo
1433 2387 1506 2435 vel
1538 2388 1691 2451 parum
1706 2388 1924 2452 stagnabit
1949 2389 1998 2434 in

165 2452 275 2498 vasis
305 2452 576 2499 circumfusis
594 2486 607 2506 ‚
629 2471 677 2498 ac
710 2450 901 2516 proinde
930 2451 1159 2497 modicum
1180 2451 1379 2497 calorem
1407 2457 1452 2497 &
1473 2452 1677 2499 dolorem
1700 2486 1712 2504 ‚
1731 2472 1779 2499 ac
1800 2452 1998 2499 debilio-

165 2534 260 2563 rem
289 2516 551 2563 arteriarum
572 2516 743 2580 pulsum
768 2515 933 2563 inferet
952 2534 963 2569 ·,
983 2515 1060 2563 sed
1080 2515 1170 2563 vias
1197 2532 1274 2579 per
1297 2534 1401 2578 quas
1421 2517 1544 2568 fluit,
1575 2516 1727 2565 sensim
1749 2518 1810 2562 ita
1836 2516 1996 2562 dilata*

165 2580 234 2627 bit
252 2615 264 2633 ‚
284 2597 331 2627 ut
358 2581 552 2646 angustia
570 2578 838 2627 extrinsecus
859 2580 1037 2627 industa
1057 2583 1365 2644 compensetur
1383 2599 1393 2633 3
1416 2581 1486 2627 vel
1503 2581 1605 2626 alias
1619 2581 1698 2626 fibi
1717 2581 1997 2645 pedetentim

166 2645 259 2690 vias
280 2646 448 2710 aperiet
467 2646 513 2692 in
534 2645 731 2692 lateralia
755 2643 855 2690 vasa
870 2678 881 2697 ‚
899 2645 945 2691 in
958 2662 1063 2708 quas
1083 2644 1335 2697 derivetur,
1359 2644 1537 2691 dimissis
1553 2646 1723 2692 tantum
1744 2650 1790 2692 in
1809 2646 1998 2695 tumoris

167 2709 447 2755 substantiam
467 2710 540 2757 vel
562 2709 713 2757 saltem
745 2709 791 2756 in
813 2711 998 2756 tumoris
1030 2709 1223 2757 confinia
1250 2708 1398 2755 serofis
1432 2715 1477 2756 δέ
1507 2709 1772 2774 limphaticis
1803 2710 1998 2774 partibus

169 2774 446 2820 tenuioribus
472 2808 484 2826 ,
510 2774 674 2837 quibus
710 2773 921 2820 abundat.
957 2772 1070 2821 Inde
1107 2791 1217 2836 ergo
1239 2773 1337 2819 bubo
1373 2774 1420 2819 in
1451 2774 1669 2837 glandulis
1697 2773 1999 2837 inguinalibus

169 2838 357 2884 obortus
379 2839 555 2885 modice
577 2839 762 2890 calebit,
780 2838 954 2883 dolebit
969 2872 981 2890 ,
1005 2837 1192 2901 pulsabit
1211 2842 1257 2884 δε
1277 2838 1493 2884 renitetur
1507 2873 1519 2891 ,
1540 2838 1614 2885 sed
1631 2841 1786 2884 mollior
1802 2877 1817 2891 ‚
1846 2838 1997 2886 saltem

169 2902 397 2966 superficie
418 2902 542 2948 tenus
564 2907 774 2965 prementis
804 2904 922 2964 digiti
943 2902 1148 2965 vestigium
1166 2901 1296 2962 facil&
1324 2901 1528 2949 admittet
1555 2907 1599 2949 δε
1627 2903 1752 2950 tarde
1774 2901 1997 2958 dimittet3

171 2985 261 3014 uno
286 2966 428 3012 verbo
449 2967 743 3012 oedematodaeus
760 2966 934 3012 futurus
952 2967 1026 3011 est.

232 3040 299 3089 9⁰.
331 3029 523 3077 Demum
553 3030 582 3076 fi
605 3031 775 3094 sanguis
804 3028 977 3075 craffior
1008 3034 1055 3076 δε
1087 3028 1242 3076 siccior
1280 3030 1528 3077 crassiorem
1561 3035 1608 3077 δε
1631 3029 1856 3077 sicciorem
1889 3030 1994 3077 lim-

175 3095 307 3162 pham
333 3095 538 3159 suggerat
556 3129 568 3148 ‚
600 3094 630 3141 fi
651 3114 702 3142 ea
733 3094 1150 3159 limp'halentissuno
1173 3093 1313 3157 gradu
1332 3094 1379 3141 in
1404 3095 1630 3159 glandulas
1658 3094 1901 3158 inguinales
1920 3113 1997 3161 pe-

173 3161 393 3209 detentim
414 3177 681 3226 congeratur
697 3193 711 3216 ,
729 3160 850 3210 bubo
866 3159 943 3224 qui
970 3158 1077 3208 inde
1101 3158 1383 3208 subnascetur
1398 3193 1412 3214 ‚
1436 3161 1695 3221 skirrhodaeus
1725 3160 1809 3230 erit
1829 3179 1840 3215 3
1861 3160 2008 3213 durus,

1642 3227 1675 3273 E
1689 3242 1712 3273 e
1730 3227 1778 3288 iij

2034 214 2054 250 -ς
2067 228 2076 242 .
2108 199 2266 240 Yncess'u!

2035 251 2214 293 laboriosa
2221 263 2253 291 ε’.

2064 529 2103 562 4.
2125 515 2267 556 Crescit

2034 567 2068 603 in
2098 567 2174 615 djes
2204 581 2267 608 tu„

2037 631 2118 658 mor
2145 619 2178 657 in
2208 619 2270 658 inq

2037 673 2162 726 guine.

2041 1043 2074 1079 5.
2100 1031 2211 1072 Calor
2227 1032 2269 1085 [in

2041 1083 2200 1125 bubone.

2080 1433 2116 1464 6.
2139 1421 2246 1462 Buba

2038 1478 2240 1530 phlegmo-
2298 1519 2301 1522 ‚

2037 1531 2200 1569 nodaeus.

2039 1597 2079 1630 7-
2103 1584 2184 1622 Sine
2198 1594 2271 1618 ηο..

2034 1634 2135 1673 :abili
2161 1633 2278 1672 tuboe.

2042 1700 2080 1725 te
2099 1687 2132 1727 in
2147 1697 2249 1726 cute.

2045 2209 2083 2243 8.
2102 2200 2206 2240 Bubo
2217 2212 2271 2242 αὐ
2294 2231 2298 2238 .

2042 2256 2207 2292 detnato-

2043 2309 2159 2353 dctus²

2069 3053 2109 3082 9·
2145 3041 2247 3080 Bubo

2042 3091 2223 3131 mirrhe--¹

2042 3142 2151 3188 daeus.
