<?xml version="1.0" encoding="UTF-8"?>
<!DOCTYPE html PUBLIC "-//W3C//DTD XHTML 1.0 Transitional//EN"
    "http://www.w3.org/TR/xhtml1/DTD/xhtml1-transitional.dtd">
<html xmlns="http://www.w3.org/1999/xhtml" xml:lang="en" lang="en">
 <head>
  <title>
</title>
<meta http-equiv="Content-Type" content="text/html;charset=utf-8" />
  <meta name='ocr-system' content='tesseract 3.04.00' />
  <meta name='ocr-capabilities' content='ocr_page ocr_carea ocr_par ocr_line ocrx_word'/>
</head>
<body>
  <div class='ocr_page' id='page_1' title='image "./demorbisvenereis00astr_0363.png"; bbox 0 0 2477 3643; ppageno 0'>
   <div class='ocr_carea' id='block_1_1' title="bbox 663 120 2023 192">
    <p class='ocr_par' dir='ltr' id='par_1_1' title="bbox 663 120 2023 192">
     <span class='ocr_line' id='line_1_1' title="bbox 663 120 2023 192; baseline 0.003 -19"><span class='ocrx_word' id='word_1_1' title='bbox 663 124 1056 173; x_wconf 68' lang='lat' dir='ltr'>Lrnssnlv.</span> <span class='ocrx_word' id='word_1_2' title='bbox 1121 120 1387 171; x_wconf 71' lang='lat' dir='ltr'>C&#39;Avur</span> <span class='ocrx_word' id='word_1_3' title='bbox 1447 124 1549 172; x_wconf 84' lang='lat' dir='ltr'>1v.</span> <span class='ocrx_word' id='word_1_4' title='bbox 1930 146 2023 192; x_wconf 68' lang='grc' dir='ltr'>μγ</span> 
     </span>
    </p>
   </div>
   <div class='ocr_carea' id='block_1_2' title="bbox 178 200 2022 3260">
    <p class='ocr_par' dir='ltr' id='par_1_2' title="bbox 183 200 2022 334">
     <span class='ocr_line' id='line_1_2' title="bbox 183 200 2022 271; baseline 0.005 -19"><span class='ocrx_word' id='word_1_5' title='bbox 183 203 332 253; x_wconf 70' lang='lat' dir='ltr'>fidem</span> <span class='ocrx_word' id='word_1_6' title='bbox 359 219 468 269; x_wconf 86' lang='lat' dir='ltr'>ergo</span> <span class='ocrx_word' id='word_1_7' title='bbox 500 200 733 269; x_wconf 84' lang='lat' dir='ltr'>diagnoses</span> <span class='ocrx_word' id='word_1_8' title='bbox 761 204 1036 253; x_wconf 77' lang='lat' dir='ltr'>instituendae</span> <span class='ocrx_word' id='word_1_9' title='bbox 1065 237 1080 260; x_wconf 87' lang='lat'><em>,</em></span> <span class='ocrx_word' id='word_1_10' title='bbox 1126 220 1175 253; x_wconf 89' lang='lat' dir='ltr'>ut</span> <span class='ocrx_word' id='word_1_11' title='bbox 1200 204 1257 254; x_wconf 86' lang='lat' dir='ltr'>de</span> <span class='ocrx_word' id='word_1_12' title='bbox 1281 205 1474 254; x_wconf 67' lang='lat' dir='ltr'>venerea</span> <span class='ocrx_word' id='word_1_13' title='bbox 1503 204 1837 271; x_wconf 83' lang='lat' dir='ltr'>hyperostoseos</span> <span class='ocrx_word' id='word_1_14' title='bbox 1865 214 2022 261; x_wconf 71' lang='lat' dir='ltr'>natur-3,</span> 
     </span>
     <span class='ocr_line' id='line_1_3' title="bbox 189 267 372 334; baseline -0.016 -17"><span class='ocrx_word' id='word_1_15' title='bbox 189 267 372 334; x_wconf 80' lang='lat' dir='ltr'>liqueat.</span> 
     </span>
    </p>

    <p class='ocr_par' dir='ltr' id='par_1_3' title="bbox 184 332 2021 598">
     <span class='ocr_line' id='line_1_4' title="bbox 209 332 2021 401; baseline 0.005 -21"><span class='ocrx_word' id='word_1_16' title='bbox 209 390 211 392; x_wconf 21' lang='grc' dir='ltr'>Ι</span> <span class='ocrx_word' id='word_1_17' title='bbox 259 336 323 380; x_wconf 78' lang='lat'>1⁹.</span> <span class='ocrx_word' id='word_1_18' title='bbox 354 332 671 399; x_wconf 86' lang='lat' dir='ltr'>Hyperostoses</span> <span class='ocrx_word' id='word_1_19' title='bbox 698 333 883 397; x_wconf 87' lang='lat' dir='ltr'>quidem</span> <span class='ocrx_word' id='word_1_20' title='bbox 903 333 1122 380; x_wconf 81' lang='lat' dir='ltr'>rachitica:</span> <span class='ocrx_word' id='word_1_21' title='bbox 1140 334 1334 399; x_wconf 84' lang='lat' dir='ltr'><strong>puerulis</strong></span> <span class='ocrx_word' id='word_1_22' title='bbox 1360 334 1550 401; x_wconf 86' lang='lat' dir='ltr'>propriae</span> <span class='ocrx_word' id='word_1_23' title='bbox 1568 369 1582 389; x_wconf 91' lang='lat'>,</span> <span class='ocrx_word' id='word_1_24' title='bbox 1606 353 1688 384; x_wconf 91' lang='lat' dir='ltr'>nec</span> <span class='ocrx_word' id='word_1_25' title='bbox 1720 338 2021 389; x_wconf 59' lang='lat' dir='ltr'>adolescentes&gt;</span> 
     </span>
     <span class='ocr_line' id='line_1_5' title="bbox 184 399 2017 458; baseline 0.004 -13"><span class='ocrx_word' id='word_1_26' title='bbox 184 415 270 449; x_wconf 81' lang='lat' dir='ltr'>nec</span> <span class='ocrx_word' id='word_1_27' title='bbox 311 399 486 445; x_wconf 87' lang='lat' dir='ltr'>adultos</span> <span class='ocrx_word' id='word_1_28' title='bbox 527 399 792 446; x_wconf 85' lang='lat' dir='ltr'>adoriuntur</span> <span class='ocrx_word' id='word_1_29' title='bbox 824 417 835 453; x_wconf 90' lang='lat'>·,</span> <span class='ocrx_word' id='word_1_30' title='bbox 867 417 959 444; x_wconf 90' lang='lat' dir='ltr'>non</span> <span class='ocrx_word' id='word_1_31' title='bbox 988 417 1124 444; x_wconf 89' lang='lat' dir='ltr'>unum</span> <span class='ocrx_word' id='word_1_32' title='bbox 1155 400 1326 446; x_wconf 73' lang='lat' dir='ltr'>tantum</span> <span class='ocrx_word' id='word_1_33' title='bbox 1357 401 1601 447; x_wconf 87' lang='lat' dir='ltr'>alterumve</span> <span class='ocrx_word' id='word_1_34' title='bbox 1632 403 1867 450; x_wconf 86' lang='lat' dir='ltr'>articulum</span> <span class='ocrx_word' id='word_1_35' title='bbox 1895 439 1907 458; x_wconf 90' lang='lat'>,</span> <span class='ocrx_word' id='word_1_36' title='bbox 1942 404 2017 453; x_wconf 91' lang='lat' dir='ltr'>sed</span> 
     </span>
     <span class='ocr_line' id='line_1_6' title="bbox 185 462 2017 529; baseline 0.003 -19"><span class='ocrx_word' id='word_1_37' title='bbox 185 464 334 529; x_wconf 87' lang='lat' dir='ltr'>plures</span> <span class='ocrx_word' id='word_1_38' title='bbox 358 462 482 510; x_wconf 75' lang='lat' dir='ltr'>simul</span> <span class='ocrx_word' id='word_1_39' title='bbox 510 463 756 517; x_wconf 80' lang='lat' dir='ltr'>invadunt3</span> <span class='ocrx_word' id='word_1_40' title='bbox 777 464 936 510; x_wconf 89' lang='lat' dir='ltr'>dolore</span> <span class='ocrx_word' id='word_1_41' title='bbox 961 465 1086 523; x_wconf 80' lang='lat' dir='ltr'>omni</span> <span class='ocrx_word' id='word_1_42' title='bbox 1107 481 1264 511; x_wconf 83' lang='lat' dir='ltr'>vacant</span> <span class='ocrx_word' id='word_1_43' title='bbox 1283 498 1294 517; x_wconf 93' lang='lat'><strong>,</strong></span> <span class='ocrx_word' id='word_1_44' title='bbox 1317 464 1395 511; x_wconf 84' lang='lat' dir='ltr'>nisi</span> <span class='ocrx_word' id='word_1_45' title='bbox 1425 465 1532 511; x_wconf 88' lang='lat' dir='ltr'>dum</span> <span class='ocrx_word' id='word_1_46' title='bbox 1552 465 1694 521; x_wconf 77' lang='lat' dir='ltr'>fiunt3</span> <span class='ocrx_word' id='word_1_47' title='bbox 1727 467 1863 516; x_wconf 88' lang='lat' dir='ltr'>semel</span> <span class='ocrx_word' id='word_1_48' title='bbox 1896 469 2017 517; x_wconf 53' lang='lat' dir='ltr'>fad&amp;</span> 
     </span>
     <span class='ocr_line' id='line_1_7' title="bbox 185 527 1892 598; baseline 0.004 -24"><span class='ocrx_word' id='word_1_49' title='bbox 185 545 304 579; x_wconf 83' lang='lat' dir='ltr'>artus</span> <span class='ocrx_word' id='word_1_50' title='bbox 324 531 444 577; x_wconf 72' lang='lat' dir='ltr'>varie</span> <span class='ocrx_word' id='word_1_51' title='bbox 467 529 767 592; x_wconf 76' lang='lat' dir='ltr'>distorquent5</span> <span class='ocrx_word' id='word_1_52' title='bbox 788 528 947 593; x_wconf 89' lang='lat' dir='ltr'>quibus</span> <span class='ocrx_word' id='word_1_53' title='bbox 969 527 1143 591; x_wconf 82' lang='lat' dir='ltr'>lingulis</span> <span class='ocrx_word' id='word_1_54' title='bbox 1163 529 1187 575; x_wconf 68' lang='grc' dir='ltr'>εὶ</span> <span class='ocrx_word' id='word_1_55' title='bbox 1211 531 1411 577; x_wconf 82' lang='lat' dir='ltr'>venereis</span> <span class='ocrx_word' id='word_1_56' title='bbox 1429 530 1606 577; x_wconf 76' lang='lat' dir='ltr'>abunde</span> <span class='ocrx_word' id='word_1_57' title='bbox 1625 532 1892 598; x_wconf 87' lang='lat' dir='ltr'>discrepant.</span> 
     </span>
    </p>

    <p class='ocr_par' dir='ltr' id='par_1_4' title="bbox 179 593 2017 900">
     <span class='ocr_line' id='line_1_8' title="bbox 254 593 2016 658; baseline 0.003 -18"><span class='ocrx_word' id='word_1_58' title='bbox 254 602 319 640; x_wconf 84' lang='lat'>2⁰.</span> <span class='ocrx_word' id='word_1_59' title='bbox 354 594 670 658; x_wconf 84' lang='lat' dir='ltr'>Hyperostoses</span> <span class='ocrx_word' id='word_1_60' title='bbox 689 593 904 640; x_wconf 85' lang='lat' dir='ltr'>strumosae</span> <span class='ocrx_word' id='word_1_61' title='bbox 930 611 1022 639; x_wconf 90' lang='lat' dir='ltr'>non</span> <span class='ocrx_word' id='word_1_62' title='bbox 1036 593 1218 647; x_wconf 89' lang='lat' dir='ltr'>dolent,</span> <span class='ocrx_word' id='word_1_63' title='bbox 1238 596 1309 640; x_wconf 90' lang='lat' dir='ltr'>vel</span> <span class='ocrx_word' id='word_1_64' title='bbox 1331 596 1486 642; x_wconf 75' lang='lat' dir='ltr'>obtuse</span> <span class='ocrx_word' id='word_1_65' title='bbox 1506 596 1675 642; x_wconf 73' lang='lat' dir='ltr'>tantum</span> <span class='ocrx_word' id='word_1_66' title='bbox 1694 598 1876 653; x_wconf 82' lang='lat' dir='ltr'>dolent3</span> <span class='ocrx_word' id='word_1_67' title='bbox 1895 604 1940 645; x_wconf 74' lang='grc' dir='ltr'>δε</span> <span class='ocrx_word' id='word_1_68' title='bbox 1963 600 2016 647; x_wconf 84' lang='lat' dir='ltr'>iis</span> 
     </span>
     <span class='ocr_line' id='line_1_9' title="bbox 187 658 2017 728; baseline 0.004 -24"><span class='ocrx_word' id='word_1_69' title='bbox 187 659 360 705; x_wconf 76' lang='lat' dir='ltr'>tantum</span> <span class='ocrx_word' id='word_1_70' title='bbox 396 659 606 705; x_wconf 83' lang='lat' dir='ltr'>accidunt</span> <span class='ocrx_word' id='word_1_71' title='bbox 635 660 712 723; x_wconf 90' lang='lat' dir='ltr'>qui</span> <span class='ocrx_word' id='word_1_72' title='bbox 743 660 914 705; x_wconf 89' lang='lat' dir='ltr'>strumis</span> <span class='ocrx_word' id='word_1_73' title='bbox 940 659 1050 704; x_wconf 92' lang='lat' dir='ltr'>olim</span> <span class='ocrx_word' id='word_1_74' title='bbox 1070 658 1094 703; x_wconf 73' lang='grc' dir='ltr'>εὶ</span> <span class='ocrx_word' id='word_1_75' title='bbox 1125 660 1278 705; x_wconf 61' lang='lat' dir='ltr'>tenera</span> <span class='ocrx_word' id='word_1_76' title='bbox 1301 677 1425 707; x_wconf 83' lang='lat' dir='ltr'>aetate</span> <span class='ocrx_word' id='word_1_77' title='bbox 1447 660 1736 716; x_wconf 68' lang='lat' dir='ltr'>laboravere,</span> <span class='ocrx_word' id='word_1_78' title='bbox 1778 670 1822 711; x_wconf 75' lang='grc' dir='ltr'>δε</span> <span class='ocrx_word' id='word_1_79' title='bbox 1856 664 2017 728; x_wconf 87' lang='lat' dir='ltr'>quibus</span> 
     </span>
     <span class='ocr_line' id='line_1_10' title="bbox 183 724 2017 790; baseline 0.004 -20"><span class='ocrx_word' id='word_1_80' title='bbox 183 724 430 771; x_wconf 85' lang='lat' dir='ltr'>etiamnum</span> <span class='ocrx_word' id='word_1_81' title='bbox 461 725 506 769; x_wconf 88' lang='lat' dir='ltr'>in</span> <span class='ocrx_word' id='word_1_82' title='bbox 530 724 711 771; x_wconf 83' lang='lat' dir='ltr'>diversis</span> <span class='ocrx_word' id='word_1_83' title='bbox 736 725 937 789; x_wconf 87' lang='lat' dir='ltr'>corporis</span> <span class='ocrx_word' id='word_1_84' title='bbox 957 724 1065 769; x_wconf 90' lang='lat' dir='ltr'>locis</span> <span class='ocrx_word' id='word_1_85' title='bbox 1083 724 1300 786; x_wconf 80' lang='lat' dir='ltr'>glandulae</span> <span class='ocrx_word' id='word_1_86' title='bbox 1317 727 1591 790; x_wconf 83' lang='lat' dir='ltr'>conglobatae</span> <span class='ocrx_word' id='word_1_87' title='bbox 1621 745 1795 776; x_wconf 89' lang='lat' dir='ltr'>tument</span> <span class='ocrx_word' id='word_1_88' title='bbox 1827 736 1870 775; x_wconf 88' lang='lat'>&amp;</span> <span class='ocrx_word' id='word_1_89' title='bbox 1896 728 2017 777; x_wconf 81' lang='lat' dir='ltr'>skir-</span> 
     </span>
     <span class='ocr_line' id='line_1_11' title="bbox 185 787 2016 857; baseline 0.004 -23"><span class='ocrx_word' id='word_1_90' title='bbox 185 787 350 835; x_wconf 81' lang='lat' dir='ltr'>rhodes</span> <span class='ocrx_word' id='word_1_91' title='bbox 371 788 469 836; x_wconf 86' lang='lat' dir='ltr'>sunt</span> <span class='ocrx_word' id='word_1_92' title='bbox 491 809 502 843; x_wconf 77' lang='lat'>3</span> <span class='ocrx_word' id='word_1_93' title='bbox 526 790 644 836; x_wconf 89' lang='lat' dir='ltr'>unde</span> <span class='ocrx_word' id='word_1_94' title='bbox 661 790 685 835; x_wconf 77' lang='lat' dir='ltr'>:l</span> <span class='ocrx_word' id='word_1_95' title='bbox 715 790 917 837; x_wconf 76' lang='lat' dir='ltr'>venereis</span> <span class='ocrx_word' id='word_1_96' title='bbox 942 790 1090 853; x_wconf 75' lang='lat' dir='ltr'>aperte</span> <span class='ocrx_word' id='word_1_97' title='bbox 1110 788 1342 843; x_wconf 86' lang='lat' dir='ltr'>diffident,</span> <span class='ocrx_word' id='word_1_98' title='bbox 1364 809 1457 856; x_wconf 78' lang='lat' dir='ltr'>quae</span> <span class='ocrx_word' id='word_1_99' title='bbox 1470 791 1581 838; x_wconf 88' lang='lat' dir='ltr'>nihil</span> <span class='ocrx_word' id='word_1_100' title='bbox 1600 791 1740 842; x_wconf 86' lang='lat' dir='ltr'>simile</span> <span class='ocrx_word' id='word_1_101' title='bbox 1759 795 2016 857; x_wconf 72' lang='lat' dir='ltr'>adjunCtum</span> 
     </span>
     <span class='ocr_line' id='line_1_12' title="bbox 179 852 374 900; baseline -0.01 0"><span class='ocrx_word' id='word_1_102' title='bbox 179 852 374 900; x_wconf 84' lang='lat' dir='ltr'>habent.</span> 
     </span>
    </p>

    <p class='ocr_par' dir='ltr' id='par_1_5' title="bbox 180 916 2015 1309">
     <span class='ocr_line' id='line_1_13' title="bbox 253 916 2015 988; baseline 0.005 -25"><span class='ocrx_word' id='word_1_103' title='bbox 253 920 313 979; x_wconf 77' lang='lat'>3⁰.</span> <span class='ocrx_word' id='word_1_104' title='bbox 346 916 660 983; x_wconf 84' lang='lat' dir='ltr'>Hyperostoses</span> <span class='ocrx_word' id='word_1_105' title='bbox 687 916 944 963; x_wconf 76' lang='lat' dir='ltr'>scor-buticae</span> <span class='ocrx_word' id='word_1_106' title='bbox 969 917 1068 963; x_wconf 76' lang='lat' dir='ltr'>raro</span> <span class='ocrx_word' id='word_1_107' title='bbox 1093 916 1386 967; x_wconf 87' lang='lat' dir='ltr'>observantur</span> <span class='ocrx_word' id='word_1_108' title='bbox 1405 955 1418 974; x_wconf 86' lang='lat'>,</span> <span class='ocrx_word' id='word_1_109' title='bbox 1438 938 1519 968; x_wconf 85' lang='lat' dir='ltr'>nec</span> <span class='ocrx_word' id='word_1_110' title='bbox 1539 940 1734 988; x_wconf 85' lang='lat' dir='ltr'>unquam</span> <span class='ocrx_word' id='word_1_111' title='bbox 1760 921 1839 970; x_wconf 82' lang='lat' dir='ltr'>nisi</span> <span class='ocrx_word' id='word_1_112' title='bbox 1861 925 1906 970; x_wconf 90' lang='lat' dir='ltr'>in</span> <span class='ocrx_word' id='word_1_113' title='bbox 1925 925 2015 974; x_wconf 84' lang='lat' dir='ltr'>offe</span> 
     </span>
     <span class='ocr_line' id='line_1_14' title="bbox 182 982 2015 1053; baseline 0.005 -24"><span class='ocrx_word' id='word_1_114' title='bbox 182 982 321 1029; x_wconf 86' lang='lat' dir='ltr'>ulceri</span> <span class='ocrx_word' id='word_1_115' title='bbox 344 984 593 1029; x_wconf 84' lang='lat' dir='ltr'>scorbutico</span> <span class='ocrx_word' id='word_1_116' title='bbox 620 983 812 1044; x_wconf 65' lang='lat' dir='ltr'>subjecto</span> <span class='ocrx_word' id='word_1_117' title='bbox 831 1016 843 1033; x_wconf 89' lang='lat'>‚</span> <span class='ocrx_word' id='word_1_118' title='bbox 868 984 915 1027; x_wconf 92' lang='lat' dir='ltr'>in</span> <span class='ocrx_word' id='word_1_119' title='bbox 942 982 1030 1029; x_wconf 80' lang='lat' dir='ltr'>offe</span> <span class='ocrx_word' id='word_1_120' title='bbox 1055 1001 1099 1029; x_wconf 83' lang='lat' dir='ltr'>v.</span> <span class='ocrx_word' id='word_1_121' title='bbox 1114 1000 1157 1046; x_wconf 85' lang='lat' dir='ltr'>g.</span> <span class='ocrx_word' id='word_1_122' title='bbox 1189 986 1406 1032; x_wconf 82' lang='lat' dir='ltr'>maxillari</span> <span class='ocrx_word' id='word_1_123' title='bbox 1427 987 1526 1033; x_wconf 70' lang='lat' dir='ltr'>cum</span> <span class='ocrx_word' id='word_1_124' title='bbox 1553 987 1791 1052; x_wconf 67' lang='lat' dir='ltr'>{uper-je&amp;a</span> <span class='ocrx_word' id='word_1_125' title='bbox 1831 990 2015 1053; x_wconf 82' lang='lat' dir='ltr'>gingiva</span> 
     </span>
     <span class='ocr_line' id='line_1_15' title="bbox 183 1046 2015 1112; baseline 0.004 -18"><span class='ocrx_word' id='word_1_126' title='bbox 183 1048 333 1094; x_wconf 87' lang='lat' dir='ltr'>ulcere</span> <span class='ocrx_word' id='word_1_127' title='bbox 352 1048 554 1094; x_wconf 85' lang='lat' dir='ltr'>eroditur</span> <span class='ocrx_word' id='word_1_128' title='bbox 575 1067 585 1100; x_wconf 84' lang='lat'>3</span> <span class='ocrx_word' id='word_1_129' title='bbox 606 1049 725 1094; x_wconf 91' lang='lat' dir='ltr'>mole</span> <span class='ocrx_word' id='word_1_130' title='bbox 745 1064 887 1112; x_wconf 85' lang='lat' dir='ltr'>parvae</span> <span class='ocrx_word' id='word_1_131' title='bbox 914 1046 1009 1094; x_wconf 85' lang='lat' dir='ltr'>sunt</span> <span class='ocrx_word' id='word_1_132' title='bbox 1027 1065 1039 1101; x_wconf 65' lang='grc' dir='ltr'><strong>ς</strong></span> <span class='ocrx_word' id='word_1_133' title='bbox 1058 1048 1105 1093; x_wconf 90' lang='lat' dir='ltr'>in</span> <span class='ocrx_word' id='word_1_134' title='bbox 1125 1050 1291 1096; x_wconf 82' lang='lat' dir='ltr'>cariem</span> <span class='ocrx_word' id='word_1_135' title='bbox 1306 1051 1504 1098; x_wconf 71' lang='lat' dir='ltr'>citissime</span> <span class='ocrx_word' id='word_1_136' title='bbox 1526 1052 1690 1100; x_wconf 85' lang='lat' dir='ltr'>abeunt</span> <span class='ocrx_word' id='word_1_137' title='bbox 1709 1073 1720 1107; x_wconf 77' lang='lat'><em>3</em></span> <span class='ocrx_word' id='word_1_138' title='bbox 1739 1073 1838 1100; x_wconf 88' lang='lat' dir='ltr'>cum</span> <span class='ocrx_word' id='word_1_139' title='bbox 1860 1073 2015 1101; x_wconf 90' lang='lat' dir='ltr'>macu-</span> 
     </span>
     <span class='ocr_line' id='line_1_16' title="bbox 183 1112 2014 1184; baseline 0.005 -26"><span class='ocrx_word' id='word_1_140' title='bbox 183 1112 237 1158; x_wconf 85' lang='lat' dir='ltr'>lis</span> <span class='ocrx_word' id='word_1_141' title='bbox 259 1113 520 1160; x_wconf 88' lang='lat' dir='ltr'>scorbuticis</span> <span class='ocrx_word' id='word_1_142' title='bbox 542 1147 554 1166; x_wconf 90' lang='lat'>‚</span> <span class='ocrx_word' id='word_1_143' title='bbox 582 1113 772 1159; x_wconf 81' lang='lat' dir='ltr'>violacei</span> <span class='ocrx_word' id='word_1_144' title='bbox 797 1127 870 1157; x_wconf 86' lang='lat' dir='ltr'>aut</span> <span class='ocrx_word' id='word_1_145' title='bbox 894 1113 1154 1175; x_wconf 79' lang='lat' dir='ltr'>nigricantis</span> <span class='ocrx_word' id='word_1_146' title='bbox 1173 1115 1337 1161; x_wconf 88' lang='lat' dir='ltr'>coloris</span> <span class='ocrx_word' id='word_1_147' title='bbox 1354 1149 1365 1168; x_wconf 92' lang='lat'>‚</span> <span class='ocrx_word' id='word_1_148' title='bbox 1387 1135 1488 1162; x_wconf 86' lang='lat' dir='ltr'>cum</span> <span class='ocrx_word' id='word_1_149' title='bbox 1513 1118 1724 1164; x_wconf 86' lang='lat' dir='ltr'>tibiarum</span> <span class='ocrx_word' id='word_1_150' title='bbox 1756 1120 2014 1184; x_wconf 81' lang='lat' dir='ltr'>pedumque</span> 
     </span>
     <span class='ocr_line' id='line_1_17' title="bbox 180 1177 2015 1248; baseline 0.006 -26"><span class='ocrx_word' id='word_1_151' title='bbox 180 1177 329 1225; x_wconf 91' lang='lat' dir='ltr'>livore</span> <span class='ocrx_word' id='word_1_152' title='bbox 349 1213 361 1232; x_wconf 94' lang='lat'>,</span> <span class='ocrx_word' id='word_1_153' title='bbox 395 1196 494 1224; x_wconf 90' lang='lat' dir='ltr'>cum</span> <span class='ocrx_word' id='word_1_154' title='bbox 520 1177 720 1224; x_wconf 89' lang='lat' dir='ltr'>ulceroso</span> <span class='ocrx_word' id='word_1_155' title='bbox 751 1177 1033 1240; x_wconf 83' lang='lat' dir='ltr'>gingivarum</span> <span class='ocrx_word' id='word_1_156' title='bbox 1057 1183 1102 1223; x_wconf 87' lang='lat'>&amp;</span> <span class='ocrx_word' id='word_1_157' title='bbox 1131 1179 1263 1242; x_wconf 85' lang='lat' dir='ltr'>palati</span> <span class='ocrx_word' id='word_1_158' title='bbox 1292 1181 1475 1244; x_wconf 82' lang='lat' dir='ltr'>nigrore</span> <span class='ocrx_word' id='word_1_159' title='bbox 1495 1216 1506 1233; x_wconf 95' lang='lat'><em>,</em></span> <span class='ocrx_word' id='word_1_160' title='bbox 1530 1183 1784 1248; x_wconf 85' lang='lat' dir='ltr'>caeterisque</span> <span class='ocrx_word' id='word_1_161' title='bbox 1814 1183 2015 1234; x_wconf 83' lang='lat' dir='ltr'>scorbuti</span> 
     </span>
     <span class='ocr_line' id='line_1_18' title="bbox 180 1241 1763 1309; baseline 0.003 -21"><span class='ocrx_word' id='word_1_162' title='bbox 180 1241 313 1306; x_wconf 70' lang='lat' dir='ltr'>[ignis</span> <span class='ocrx_word' id='word_1_163' title='bbox 331 1244 545 1306; x_wconf 84' lang='lat' dir='ltr'>conjungi</span> <span class='ocrx_word' id='word_1_164' title='bbox 568 1243 708 1289; x_wconf 87' lang='lat' dir='ltr'>solent</span> <span class='ocrx_word' id='word_1_165' title='bbox 727 1276 740 1295; x_wconf 90' lang='lat'>,</span> <span class='ocrx_word' id='word_1_166' title='bbox 761 1259 855 1304; x_wconf 82' lang='lat' dir='ltr'>quae</span> <span class='ocrx_word' id='word_1_167' title='bbox 874 1243 921 1286; x_wconf 88' lang='lat' dir='ltr'>in</span> <span class='ocrx_word' id='word_1_168' title='bbox 945 1243 1146 1289; x_wconf 85' lang='lat' dir='ltr'>venereis</span> <span class='ocrx_word' id='word_1_169' title='bbox 1166 1245 1427 1309; x_wconf 79' lang='lat' dir='ltr'>neutiquam</span> <span class='ocrx_word' id='word_1_170' title='bbox 1457 1245 1763 1295; x_wconf 80' lang='lat' dir='ltr'>observantur.</span> 
     </span>
    </p>

    <p class='ocr_par' dir='ltr' id='par_1_6' title="bbox 178 1306 2016 1631">
     <span class='ocr_line' id='line_1_19' title="bbox 248 1306 2013 1378; baseline 0.006 -26"><span class='ocrx_word' id='word_1_171' title='bbox 248 1310 313 1365; x_wconf 81' lang='lat'>4⁰.</span> <span class='ocrx_word' id='word_1_172' title='bbox 358 1307 562 1354; x_wconf 78' lang='lat' dir='ltr'>Tandem</span> <span class='ocrx_word' id='word_1_173' title='bbox 600 1306 903 1372; x_wconf 86' lang='lat' dir='ltr'>hyperostoses</span> <span class='ocrx_word' id='word_1_174' title='bbox 928 1308 1167 1353; x_wconf 79' lang='lat' dir='ltr'>artliriticae</span> <span class='ocrx_word' id='word_1_175' title='bbox 1197 1309 1438 1358; x_wconf 88' lang='lat' dir='ltr'>succedunt</span> <span class='ocrx_word' id='word_1_176' title='bbox 1468 1313 1691 1359; x_wconf 88' lang='lat' dir='ltr'>arthritidi</span> <span class='ocrx_word' id='word_1_177' title='bbox 1718 1313 1875 1378; x_wconf 81' lang='lat' dir='ltr'>gravi,</span> <span class='ocrx_word' id='word_1_178' title='bbox 1911 1314 2013 1362; x_wconf 84' lang='lat' dir='ltr'>diu-</span> 
     </span>
     <span class='ocr_line' id='line_1_20' title="bbox 180 1371 2014 1443; baseline 0.004 -25"><span class='ocrx_word' id='word_1_179' title='bbox 180 1386 318 1418; x_wconf 86' lang='lat' dir='ltr'>turnae</span> <span class='ocrx_word' id='word_1_180' title='bbox 337 1407 349 1425; x_wconf 91' lang='lat'>,</span> <span class='ocrx_word' id='word_1_181' title='bbox 371 1371 648 1436; x_wconf 70' lang='lat' dir='ltr'>frequentius</span> <span class='ocrx_word' id='word_1_182' title='bbox 669 1375 715 1418; x_wconf 80' lang='lat' dir='ltr'>in</span> <span class='ocrx_word' id='word_1_183' title='bbox 735 1373 897 1418; x_wconf 89' lang='lat' dir='ltr'>eodem</span> <span class='ocrx_word' id='word_1_184' title='bbox 930 1372 1117 1419; x_wconf 89' lang='lat' dir='ltr'>articulo</span> <span class='ocrx_word' id='word_1_185' title='bbox 1149 1375 1370 1439; x_wconf 76' lang='lat' dir='ltr'>repetitae3</span> <span class='ocrx_word' id='word_1_186' title='bbox 1391 1377 1551 1440; x_wconf 87' lang='lat' dir='ltr'>tophos</span> <span class='ocrx_word' id='word_1_187' title='bbox 1577 1377 1870 1443; x_wconf 87' lang='lat' dir='ltr'>tophaceasve</span> <span class='ocrx_word' id='word_1_188' title='bbox 1901 1397 2014 1426; x_wconf 92' lang='lat' dir='ltr'>con-</span> 
     </span>
     <span class='ocr_line' id='line_1_21' title="bbox 182 1437 2016 1505; baseline 0.004 -22"><span class='ocrx_word' id='word_1_189' title='bbox 182 1438 406 1484; x_wconf 87' lang='lat' dir='ltr'>cretiones</span> <span class='ocrx_word' id='word_1_190' title='bbox 426 1439 613 1484; x_wconf 86' lang='lat' dir='ltr'>comites</span> <span class='ocrx_word' id='word_1_191' title='bbox 633 1437 827 1490; x_wconf 80' lang='lat' dir='ltr'>habent3</span> <span class='ocrx_word' id='word_1_192' title='bbox 848 1438 947 1483; x_wconf 66' lang='lat' dir='ltr'>raro</span> <span class='ocrx_word' id='word_1_193' title='bbox 972 1443 1159 1500; x_wconf 84' lang='lat' dir='ltr'>majores</span> <span class='ocrx_word' id='word_1_194' title='bbox 1176 1458 1398 1505; x_wconf 83' lang='lat' dir='ltr'>occupant</span> <span class='ocrx_word' id='word_1_195' title='bbox 1428 1443 1635 1489; x_wconf 83' lang='lat' dir='ltr'>articulos</span> <span class='ocrx_word' id='word_1_196' title='bbox 1652 1478 1666 1496; x_wconf 89' lang='lat'>‚</span> <span class='ocrx_word' id='word_1_197' title='bbox 1696 1444 1847 1490; x_wconf 88' lang='lat' dir='ltr'>saltem</span> <span class='ocrx_word' id='word_1_198' title='bbox 1881 1460 2016 1491; x_wconf 88' lang='lat' dir='ltr'>num-</span> 
     </span>
     <span class='ocr_line' id='line_1_22' title="bbox 178 1501 2016 1574; baseline 0.005 -26"><span class='ocrx_word' id='word_1_199' title='bbox 178 1520 316 1566; x_wconf 85' lang='lat' dir='ltr'>quam</span> <span class='ocrx_word' id='word_1_200' title='bbox 342 1501 419 1548; x_wconf 83' lang='lat' dir='ltr'>nisi</span> <span class='ocrx_word' id='word_1_201' title='bbox 439 1502 556 1567; x_wconf 71' lang='lat' dir='ltr'>prius</span> <span class='ocrx_word' id='word_1_202' title='bbox 575 1503 769 1548; x_wconf 86' lang='lat' dir='ltr'>minores</span> <span class='ocrx_word' id='word_1_203' title='bbox 795 1502 1041 1565; x_wconf 82' lang='lat' dir='ltr'>digitorum</span> <span class='ocrx_word' id='word_1_204' title='bbox 1064 1507 1285 1565; x_wconf 63' lang='lat' dir='ltr'>junsturas</span> <span class='ocrx_word' id='word_1_205' title='bbox 1302 1506 1669 1570; x_wconf 69' lang='lat' dir='ltr'>pessundederint</span> <span class='ocrx_word' id='word_1_206' title='bbox 1685 1542 1698 1563; x_wconf 93' lang='lat'><strong><em>,</em></strong></span> <span class='ocrx_word' id='word_1_207' title='bbox 1732 1527 1827 1574; x_wconf 88' lang='lat' dir='ltr'>quae</span> <span class='ocrx_word' id='word_1_208' title='bbox 1846 1508 2016 1574; x_wconf 83' lang='lat' dir='ltr'>singula</span> 
     </span>
     <span class='ocr_line' id='line_1_23' title="bbox 181 1567 1271 1631; baseline 0.002 -17"><span class='ocrx_word' id='word_1_209' title='bbox 181 1568 339 1614; x_wconf 72' lang='lat' dir='ltr'>contra</span> <span class='ocrx_word' id='word_1_210' title='bbox 366 1569 408 1615; x_wconf 89' lang='lat' dir='ltr'>se</span> <span class='ocrx_word' id='word_1_211' title='bbox 426 1567 593 1614; x_wconf 80' lang='lat' dir='ltr'>habent</span> <span class='ocrx_word' id='word_1_212' title='bbox 610 1569 658 1613; x_wconf 92' lang='lat' dir='ltr'>in</span> <span class='ocrx_word' id='word_1_213' title='bbox 683 1567 1035 1631; x_wconf 83' lang='lat' dir='ltr'>hyperostosibus</span> <span class='ocrx_word' id='word_1_214' title='bbox 1055 1570 1271 1616; x_wconf 81' lang='lat' dir='ltr'>venereis.</span> 
     </span>
    </p>

    <p class='ocr_par' dir='ltr' id='par_1_7' title="bbox 179 1632 2017 1941">
     <span class='ocr_line' id='line_1_24' title="bbox 242 1632 2012 1703; baseline 0.004 -24"><span class='ocrx_word' id='word_1_215' title='bbox 242 1638 349 1679; x_wconf 88' lang='grc' dir='ltr'><strong>ΙΙΙ.</strong></span> <span class='ocrx_word' id='word_1_216' title='bbox 389 1633 546 1680; x_wconf 73' lang='lat' dir='ltr'>Cat-ies</span> <span class='ocrx_word' id='word_1_217' title='bbox 582 1633 691 1678; x_wconf 89' lang='lat' dir='ltr'>citra</span> <span class='ocrx_word' id='word_1_218' title='bbox 725 1632 898 1678; x_wconf 83' lang='lat' dir='ltr'>causam</span> <span class='ocrx_word' id='word_1_219' title='bbox 930 1651 1112 1679; x_wconf 88' lang='lat' dir='ltr'>omnem</span> <span class='ocrx_word' id='word_1_220' title='bbox 1145 1653 1385 1682; x_wconf 87' lang='lat' dir='ltr'>veneream</span> <span class='ocrx_word' id='word_1_221' title='bbox 1418 1635 1503 1684; x_wconf 83' lang='lat' dir='ltr'>effe</span> <span class='ocrx_word' id='word_1_222' title='bbox 1535 1639 1706 1701; x_wconf 87' lang='lat' dir='ltr'>potest,</span> <span class='ocrx_word' id='word_1_223' title='bbox 1737 1637 1915 1703; x_wconf 90' lang='lat' dir='ltr'>quoties</span> <span class='ocrx_word' id='word_1_224' title='bbox 1951 1648 2012 1687; x_wconf 87' lang='lat'>10.</span> 
     </span>
     <span class='ocr_line' id='line_1_25' title="bbox 182 1696 2015 1761; baseline 0.004 -17"><span class='ocrx_word' id='word_1_225' title='bbox 182 1697 470 1761; x_wconf 84' lang='lat' dir='ltr'>Hyperostofi</span> <span class='ocrx_word' id='word_1_226' title='bbox 495 1696 743 1749; x_wconf 82' lang='lat' dir='ltr'>rachiticae,</span> <span class='ocrx_word' id='word_1_227' title='bbox 773 1698 991 1743; x_wconf 85' lang='lat' dir='ltr'>strumosae</span> <span class='ocrx_word' id='word_1_228' title='bbox 1012 1733 1024 1751; x_wconf 88' lang='lat'>,</span> <span class='ocrx_word' id='word_1_229' title='bbox 1058 1698 1314 1746; x_wconf 86' lang='lat' dir='ltr'>scorbuticae</span> <span class='ocrx_word' id='word_1_230' title='bbox 1344 1718 1418 1747; x_wconf 88' lang='lat' dir='ltr'>aut</span> <span class='ocrx_word' id='word_1_231' title='bbox 1448 1702 1684 1749; x_wconf 86' lang='lat' dir='ltr'>arthriticae</span> <span class='ocrx_word' id='word_1_232' title='bbox 1711 1722 1723 1756; x_wconf 65' lang='grc' dir='ltr'><strong>ς</strong></span> <span class='ocrx_word' id='word_1_233' title='bbox 1757 1713 1820 1750; x_wconf 87' lang='lat'>20.</span> <span class='ocrx_word' id='word_1_234' title='bbox 1856 1704 2015 1752; x_wconf 86' lang='lat' dir='ltr'>Ulceri</span> 
     </span>
     <span class='ocr_line' id='line_1_26' title="bbox 179 1761 2016 1832; baseline 0.004 -22"><span class='ocrx_word' id='word_1_235' title='bbox 179 1762 380 1825; x_wconf 80' lang='lat' dir='ltr'>maligno</span> <span class='ocrx_word' id='word_1_236' title='bbox 404 1779 478 1808; x_wconf 88' lang='lat' dir='ltr'>aut</span> <span class='ocrx_word' id='word_1_237' title='bbox 498 1761 699 1809; x_wconf 84' lang='lat' dir='ltr'>caco‘e‘thi</span> <span class='ocrx_word' id='word_1_238' title='bbox 729 1762 783 1807; x_wconf 88' lang='lat' dir='ltr'>ad</span> <span class='ocrx_word' id='word_1_239' title='bbox 808 1780 857 1808; x_wconf 87' lang='lat' dir='ltr'>os</span> <span class='ocrx_word' id='word_1_240' title='bbox 886 1762 1024 1810; x_wconf 86' lang='lat' dir='ltr'>adfito</span> <span class='ocrx_word' id='word_1_241' title='bbox 1053 1782 1064 1817; x_wconf 82' lang='lat'>3</span> <span class='ocrx_word' id='word_1_242' title='bbox 1092 1774 1155 1825; x_wconf 77' lang='lat'>30.</span> <span class='ocrx_word' id='word_1_243' title='bbox 1181 1765 1408 1813; x_wconf 82' lang='lat' dir='ltr'>Absceffui</span> <span class='ocrx_word' id='word_1_244' title='bbox 1437 1767 1509 1814; x_wconf 88' lang='lat' dir='ltr'>seu</span> <span class='ocrx_word' id='word_1_245' title='bbox 1542 1770 1798 1831; x_wconf 85' lang='lat' dir='ltr'>apostemati</span> <span class='ocrx_word' id='word_1_246' title='bbox 1824 1766 1902 1815; x_wconf 90' lang='lat' dir='ltr'>sub</span> <span class='ocrx_word' id='word_1_247' title='bbox 1934 1787 2016 1832; x_wconf 83' lang='lat' dir='ltr'>pe·</span> 
     </span>
     <span class='ocr_line' id='line_1_27' title="bbox 181 1828 2017 1893; baseline 0.004 -19"><span class='ocrx_word' id='word_1_248' title='bbox 181 1828 335 1874; x_wconf 81' lang='lat' dir='ltr'>tiostio</span> <span class='ocrx_word' id='word_1_249' title='bbox 354 1861 366 1880; x_wconf 92' lang='lat'><strong><em>,</em></strong></span> <span class='ocrx_word' id='word_1_250' title='bbox 388 1828 455 1874; x_wconf 92' lang='lat' dir='ltr'>vel</span> <span class='ocrx_word' id='word_1_251' title='bbox 481 1831 602 1889; x_wconf 85' lang='lat' dir='ltr'>juxta</span> <span class='ocrx_word' id='word_1_252' title='bbox 634 1828 891 1892; x_wconf 88' lang='lat' dir='ltr'>periostium</span> <span class='ocrx_word' id='word_1_253' title='bbox 917 1828 941 1873; x_wconf 73' lang='lat' dir='ltr'>a</span> <span class='ocrx_word' id='word_1_254' title='bbox 971 1829 1097 1874; x_wconf 64' lang='lat' dir='ltr'>causa</span> <span class='ocrx_word' id='word_1_255' title='bbox 1130 1831 1286 1893; x_wconf 87' lang='lat' dir='ltr'>quavis</span> <span class='ocrx_word' id='word_1_256' title='bbox 1305 1831 1533 1879; x_wconf 64' lang='lat' dir='ltr'>manifesta</span> <span class='ocrx_word' id='word_1_257' title='bbox 1552 1832 1768 1887; x_wconf 62' lang='lat' dir='ltr'>indqus</span> <span class='ocrx_word' id='word_1_258' title='bbox 1796 1841 1863 1893; x_wconf 79' lang='lat'>40·</span> <span class='ocrx_word' id='word_1_259' title='bbox 1901 1834 2017 1883; x_wconf 78' lang='lat' dir='ltr'>offis</span> 
     </span>
     <span class='ocr_line' id='line_1_28' title="bbox 179 1891 1152 1941; baseline 0.001 -3"><span class='ocrx_word' id='word_1_260' title='bbox 179 1892 380 1939; x_wconf 58' lang='lat' dir='ltr'>fractura:</span> <span class='ocrx_word' id='word_1_261' title='bbox 400 1893 472 1940; x_wconf 92' lang='lat' dir='ltr'>vel</span> <span class='ocrx_word' id='word_1_262' title='bbox 494 1891 743 1941; x_wconf 77' lang='lat' dir='ltr'>contusioni</span> <span class='ocrx_word' id='word_1_263' title='bbox 772 1892 919 1937; x_wconf 84' lang='lat' dir='ltr'>nimiae</span> <span class='ocrx_word' id='word_1_264' title='bbox 941 1891 1152 1940; x_wconf 86' lang='lat' dir='ltr'>succedit.</span> 
     </span>
    </p>

    <p class='ocr_par' dir='ltr' id='par_1_8' title="bbox 178 1956 2017 2206">
     <span class='ocr_line' id='line_1_29' title="bbox 250 1956 2015 2021; baseline 0.004 -17"><span class='ocrx_word' id='word_1_265' title='bbox 250 1957 339 2004; x_wconf 87' lang='lat' dir='ltr'>Sed</span> <span class='ocrx_word' id='word_1_266' title='bbox 385 1966 444 2003; x_wconf 81' lang='lat'>10.</span> <span class='ocrx_word' id='word_1_267' title='bbox 483 1958 645 2021; x_wconf 85' lang='lat' dir='ltr'>Liquet</span> <span class='ocrx_word' id='word_1_268' title='bbox 683 1956 849 2003; x_wconf 87' lang='lat' dir='ltr'>cariem</span> <span class='ocrx_word' id='word_1_269' title='bbox 884 1956 1154 2021; x_wconf 82' lang='lat' dir='ltr'>hyperostosi</span> <span class='ocrx_word' id='word_1_270' title='bbox 1183 1956 1402 2006; x_wconf 82' lang='lat' dir='ltr'>rachiticae</span> <span class='ocrx_word' id='word_1_271' title='bbox 1424 1995 1436 2014; x_wconf 91' lang='lat'><strong>,</strong></span> <span class='ocrx_word' id='word_1_272' title='bbox 1473 1958 1720 2015; x_wconf 80' lang='lat' dir='ltr'>strumosae‚</span> <span class='ocrx_word' id='word_1_273' title='bbox 1755 1960 2015 2012; x_wconf 80' lang='lat' dir='ltr'>scorbuticae</span> 
     </span>
     <span class='ocr_line' id='line_1_30' title="bbox 178 2022 2017 2090; baseline 0.003 -20"><span class='ocrx_word' id='word_1_274' title='bbox 178 2038 257 2070; x_wconf 75' lang='lat' dir='ltr'>aut</span> <span class='ocrx_word' id='word_1_275' title='bbox 278 2022 516 2069; x_wconf 78' lang='lat' dir='ltr'>arthriticae</span> <span class='ocrx_word' id='word_1_276' title='bbox 537 2023 824 2088; x_wconf 88' lang='lat' dir='ltr'>supervenire</span> <span class='ocrx_word' id='word_1_277' title='bbox 845 2039 896 2068; x_wconf 90' lang='lat' dir='ltr'>ex</span> <span class='ocrx_word' id='word_1_278' title='bbox 932 2023 1062 2086; x_wconf 80' lang='lat' dir='ltr'>signis</span> <span class='ocrx_word' id='word_1_279' title='bbox 1090 2025 1229 2070; x_wconf 77' lang='lat' dir='ltr'>modo</span> <span class='ocrx_word' id='word_1_280' title='bbox 1259 2025 1518 2090; x_wconf 86' lang='lat' dir='ltr'>propositis,</span> <span class='ocrx_word' id='word_1_281' title='bbox 1544 2026 1704 2090; x_wconf 88' lang='lat' dir='ltr'>quibus</span> <span class='ocrx_word' id='word_1_282' title='bbox 1735 2028 2017 2076; x_wconf 84' lang='lat' dir='ltr'>manifestum</span> 
     </span>
     <span class='ocr_line' id='line_1_31' title="bbox 183 2086 2017 2152; baseline 0.004 -17"><span class='ocrx_word' id='word_1_283' title='bbox 183 2089 245 2135; x_wconf 87' lang='lat' dir='ltr'>est</span> <span class='ocrx_word' id='word_1_284' title='bbox 267 2086 597 2152; x_wconf 84' lang='lat' dir='ltr'>hyperostoses,</span> <span class='ocrx_word' id='word_1_285' title='bbox 630 2105 723 2151; x_wconf 86' lang='lat' dir='ltr'>quae</span> <span class='ocrx_word' id='word_1_286' title='bbox 758 2087 806 2133; x_wconf 91' lang='lat' dir='ltr'>in</span> <span class='ocrx_word' id='word_1_287' title='bbox 841 2088 1006 2136; x_wconf 86' lang='lat' dir='ltr'>cariem</span> <span class='ocrx_word' id='word_1_288' title='bbox 1034 2089 1218 2138; x_wconf 89' lang='lat' dir='ltr'>tandem</span> <span class='ocrx_word' id='word_1_289' title='bbox 1246 2090 1438 2145; x_wconf 87' lang='lat' dir='ltr'>abeunt,</span> <span class='ocrx_word' id='word_1_290' title='bbox 1465 2092 1723 2144; x_wconf 83' lang='lat' dir='ltr'>rachiticas,</span> <span class='ocrx_word' id='word_1_291' title='bbox 1750 2093 1982 2142; x_wconf 76' lang='lat' dir='ltr'>strumosas</span> <span class='ocrx_word' id='word_1_292' title='bbox 1998 2127 2017 2150; x_wconf 90' lang='lat'>‚</span> 
     </span>
     <span class='ocr_line' id='line_1_32' title="bbox 184 2151 890 2206; baseline -0.001 -8"><span class='ocrx_word' id='word_1_293' title='bbox 184 2152 460 2199; x_wconf 87' lang='lat' dir='ltr'>scorbuticas</span> <span class='ocrx_word' id='word_1_294' title='bbox 478 2187 490 2206; x_wconf 86' lang='lat'>,</span> <span class='ocrx_word' id='word_1_295' title='bbox 515 2153 766 2199; x_wconf 81' lang='lat' dir='ltr'>arthriticas</span> <span class='ocrx_word' id='word_1_296' title='bbox 793 2151 890 2200; x_wconf 80' lang='lat' dir='ltr'>esse.</span> 
     </span>
    </p>

    <p class='ocr_par' dir='ltr' id='par_1_9' title="bbox 179 2216 2018 2539">
     <span class='ocr_line' id='line_1_33' title="bbox 248 2216 2016 2285; baseline 0.005 -22"><span class='ocrx_word' id='word_1_297' title='bbox 248 2226 311 2263; x_wconf 86' lang='lat'>20.</span> <span class='ocrx_word' id='word_1_298' title='bbox 339 2218 498 2281; x_wconf 89' lang='lat' dir='ltr'>Liquet</span> <span class='ocrx_word' id='word_1_299' title='bbox 524 2218 723 2264; x_wconf 75' lang='lat' dir='ltr'>similiter</span> <span class='ocrx_word' id='word_1_300' title='bbox 743 2218 908 2264; x_wconf 89' lang='lat' dir='ltr'>cariem</span> <span class='ocrx_word' id='word_1_301' title='bbox 928 2216 1067 2264; x_wconf 80' lang='lat' dir='ltr'>ulceri</span> <span class='ocrx_word' id='word_1_302' title='bbox 1086 2218 1282 2282; x_wconf 80' lang='lat' dir='ltr'>maligno</span> <span class='ocrx_word' id='word_1_303' title='bbox 1297 2224 1343 2265; x_wconf 74' lang='grc' dir='ltr'>δε</span> <span class='ocrx_word' id='word_1_304' title='bbox 1361 2218 1564 2266; x_wconf 89' lang='lat' dir='ltr'>cacoethi</span> <span class='ocrx_word' id='word_1_305' title='bbox 1580 2221 1705 2285; x_wconf 86' lang='lat' dir='ltr'>quod</span> <span class='ocrx_word' id='word_1_306' title='bbox 1728 2220 1805 2267; x_wconf 87' lang='lat' dir='ltr'>ossi</span> <span class='ocrx_word' id='word_1_307' title='bbox 1822 2221 2016 2279; x_wconf 80' lang='lat' dir='ltr'>adsidet,</span> 
     </span>
     <span class='ocr_line' id='line_1_34' title="bbox 179 2281 2016 2350; baseline 0.003 -21"><span class='ocrx_word' id='word_1_308' title='bbox 179 2281 396 2329; x_wconf 65' lang='lat' dir='ltr'>absceffui</span> <span class='ocrx_word' id='word_1_309' title='bbox 414 2283 468 2328; x_wconf 87' lang='lat' dir='ltr'>ab</span> <span class='ocrx_word' id='word_1_310' title='bbox 483 2283 665 2330; x_wconf 65' lang='lat' dir='ltr'>externa</span> <span class='ocrx_word' id='word_1_311' title='bbox 680 2283 806 2329; x_wconf 63' lang='lat' dir='ltr'>causa</span> <span class='ocrx_word' id='word_1_312' title='bbox 826 2282 974 2329; x_wconf 77' lang='lat' dir='ltr'>{ubter</span> <span class='ocrx_word' id='word_1_313' title='bbox 991 2283 1061 2329; x_wconf 90' lang='lat' dir='ltr'>vel</span> <span class='ocrx_word' id='word_1_314' title='bbox 1081 2289 1202 2342; x_wconf 78' lang='lat' dir='ltr'>juxta</span> <span class='ocrx_word' id='word_1_315' title='bbox 1263 2285 1486 2330; x_wconf 88' lang='lat' dir='ltr'>eriostium</span> <span class='ocrx_word' id='word_1_316' title='bbox 1517 2287 1752 2350; x_wconf 75' lang='lat' dir='ltr'>supputato</span> <span class='ocrx_word' id='word_1_317' title='bbox 1769 2321 1783 2339; x_wconf 85' lang='lat'>,</span> <span class='ocrx_word' id='word_1_318' title='bbox 1815 2287 2016 2335; x_wconf 60' lang='lat' dir='ltr'>fraCkurae</span> 
     </span>
     <span class='ocr_line' id='line_1_35' title="bbox 183 2303 2017 2415; baseline 0.004 -21"><span class='ocrx_word' id='word_1_319' title='bbox 183 2347 280 2394; x_wconf 82' lang='lat' dir='ltr'>offis</span> <span class='ocrx_word' id='word_1_320' title='bbox 302 2347 371 2393; x_wconf 93' lang='lat' dir='ltr'>vel</span> <span class='ocrx_word' id='word_1_321' title='bbox 392 2348 643 2395; x_wconf 80' lang='lat' dir='ltr'>contusioni</span> <span class='ocrx_word' id='word_1_322' title='bbox 663 2349 709 2393; x_wconf 89' lang='lat' dir='ltr'>vi</span> <span class='ocrx_word' id='word_1_323' title='bbox 729 2348 858 2393; x_wconf 82' lang='lat' dir='ltr'>illatae</span> <span class='ocrx_word' id='word_1_324' title='bbox 884 2347 1121 2394; x_wconf 87' lang='lat' dir='ltr'>succedere</span> <span class='ocrx_word' id='word_1_325' title='bbox 1141 2366 1194 2394; x_wconf 87' lang='lat' dir='ltr'>ex</span> <span class='ocrx_word' id='word_1_326' title='bbox 1214 2303 1342 2411; x_wconf 74' lang='lat' dir='ltr'>sipgnis</span> <span class='ocrx_word' id='word_1_327' title='bbox 1363 2351 1731 2397; x_wconf 84' lang='lat' dir='ltr'>antecedentibus</span> <span class='ocrx_word' id='word_1_328' title='bbox 1747 2385 1760 2404; x_wconf 86' lang='lat'>,</span> <span class='ocrx_word' id='word_1_329' title='bbox 1778 2369 1874 2415; x_wconf 80' lang='lat' dir='ltr'>quae</span> <span class='ocrx_word' id='word_1_330' title='bbox 1892 2356 2017 2402; x_wconf 89' lang='lat' dir='ltr'>ulce-</span> 
     </span>
     <span class='ocr_line' id='line_1_36' title="bbox 183 2411 2018 2469; baseline 0.004 -11"><span class='ocrx_word' id='word_1_331' title='bbox 183 2412 243 2458; x_wconf 87' lang='lat' dir='ltr'>ris</span> <span class='ocrx_word' id='word_1_332' title='bbox 263 2445 275 2464; x_wconf 92' lang='lat'>‚</span> <span class='ocrx_word' id='word_1_333' title='bbox 306 2411 522 2459; x_wconf 67' lang='lat' dir='ltr'>abscessus</span> <span class='ocrx_word' id='word_1_334' title='bbox 541 2447 554 2466; x_wconf 89' lang='lat'>,</span> <span class='ocrx_word' id='word_1_335' title='bbox 589 2412 788 2459; x_wconf 60' lang='lat' dir='ltr'>fracturae</span> <span class='ocrx_word' id='word_1_336' title='bbox 806 2445 821 2465; x_wconf 88' lang='lat'>,</span> <span class='ocrx_word' id='word_1_337' title='bbox 850 2411 1121 2459; x_wconf 81' lang='lat' dir='ltr'>contusionis</span> <span class='ocrx_word' id='word_1_338' title='bbox 1155 2429 1388 2467; x_wconf 89' lang='lat' dir='ltr'>naturam,</span> <span class='ocrx_word' id='word_1_339' title='bbox 1424 2415 1596 2461; x_wconf 85' lang='lat' dir='ltr'>causam</span> <span class='ocrx_word' id='word_1_340' title='bbox 1624 2449 1639 2469; x_wconf 92' lang='lat'><strong><em>,</em></strong></span> <span class='ocrx_word' id='word_1_341' title='bbox 1674 2416 2018 2466; x_wconf 84' lang='lat' dir='ltr'>diuturnitatem</span> 
     </span>
     <span class='ocr_line' id='line_1_37' title="bbox 185 2476 450 2539; baseline -0.011 -15"><span class='ocrx_word' id='word_1_342' title='bbox 185 2476 450 2539; x_wconf 80' lang='lat' dir='ltr'>significant.</span> 
     </span>
    </p>

    <p class='ocr_par' dir='ltr' id='par_1_10' title="bbox 185 2538 2018 2783">
     <span class='ocr_line' id='line_1_38' title="bbox 245 2538 2016 2609; baseline 0.005 -25"><span class='ocrx_word' id='word_1_343' title='bbox 245 2543 307 2602; x_wconf 81' lang='lat'>3⁰.</span> <span class='ocrx_word' id='word_1_344' title='bbox 339 2541 385 2587; x_wconf 86' lang='lat' dir='ltr'>Si</span> <span class='ocrx_word' id='word_1_345' title='bbox 415 2538 535 2587; x_wconf 88' lang='lat' dir='ltr'>casus</span> <span class='ocrx_word' id='word_1_346' title='bbox 561 2540 695 2588; x_wconf 89' lang='lat' dir='ltr'>hosce</span> <span class='ocrx_word' id='word_1_347' title='bbox 725 2539 984 2606; x_wconf 84' lang='lat' dir='ltr'>exceperis,</span> <span class='ocrx_word' id='word_1_348' title='bbox 1013 2540 1168 2588; x_wconf 86' lang='lat' dir='ltr'>offium</span> <span class='ocrx_word' id='word_1_349' title='bbox 1197 2542 1336 2590; x_wconf 88' lang='lat' dir='ltr'>caries</span> <span class='ocrx_word' id='word_1_350' title='bbox 1369 2559 1564 2591; x_wconf 86' lang='lat' dir='ltr'>venerea</span> <span class='ocrx_word' id='word_1_351' title='bbox 1595 2542 1765 2609; x_wconf 85' lang='lat' dir='ltr'>semper</span> <span class='ocrx_word' id='word_1_352' title='bbox 1795 2545 2016 2593; x_wconf 86' lang='lat' dir='ltr'>censenda</span> 
     </span>
     <span class='ocr_line' id='line_1_39' title="bbox 185 2603 2017 2671; baseline 0.004 -20"><span class='ocrx_word' id='word_1_353' title='bbox 185 2606 247 2655; x_wconf 88' lang='lat' dir='ltr'>est</span> <span class='ocrx_word' id='word_1_354' title='bbox 264 2639 276 2658; x_wconf 89' lang='lat'><strong>,</strong></span> <span class='ocrx_word' id='word_1_355' title='bbox 303 2603 543 2669; x_wconf 66' lang='lat' dir='ltr'>praesertim</span> <span class='ocrx_word' id='word_1_356' title='bbox 565 2606 595 2651; x_wconf 89' lang='lat' dir='ltr'>fi</span> <span class='ocrx_word' id='word_1_357' title='bbox 618 2606 848 2653; x_wconf 80' lang='lat' dir='ltr'>exostosim</span> <span class='ocrx_word' id='word_1_358' title='bbox 878 2622 949 2651; x_wconf 89' lang='lat' dir='ltr'>aut</span> <span class='ocrx_word' id='word_1_359' title='bbox 968 2606 1279 2671; x_wconf 83' lang='lat' dir='ltr'>hyperostofim</span> <span class='ocrx_word' id='word_1_360' title='bbox 1302 2625 1539 2655; x_wconf 87' lang='lat' dir='ltr'>veneream</span> <span class='ocrx_word' id='word_1_361' title='bbox 1558 2626 1632 2656; x_wconf 87' lang='lat' dir='ltr'>aut</span> <span class='ocrx_word' id='word_1_362' title='bbox 1651 2609 1891 2658; x_wconf 71' lang='lat' dir='ltr'>abscessum</span> <span class='ocrx_word' id='word_1_363' title='bbox 1919 2629 2017 2658; x_wconf 85' lang='lat' dir='ltr'>me-</span> 
     </span>
     <span class='ocr_line' id='line_1_40' title="bbox 185 2670 2018 2740; baseline 0.004 -24"><span class='ocrx_word' id='word_1_364' title='bbox 185 2670 367 2716; x_wconf 88' lang='lat' dir='ltr'>dullaris</span> <span class='ocrx_word' id='word_1_365' title='bbox 389 2670 628 2717; x_wconf 85' lang='lat' dir='ltr'>substantiae</span> <span class='ocrx_word' id='word_1_366' title='bbox 650 2671 854 2735; x_wconf 84' lang='lat' dir='ltr'>sequatur</span> <span class='ocrx_word' id='word_1_367' title='bbox 874 2704 887 2723; x_wconf 87' lang='lat'>‚</span> <span class='ocrx_word' id='word_1_368' title='bbox 905 2672 997 2716; x_wconf 74' lang='lat' dir='ltr'>imo</span> <span class='ocrx_word' id='word_1_369' title='bbox 1013 2671 1150 2718; x_wconf 86' lang='lat' dir='ltr'>etiam</span> <span class='ocrx_word' id='word_1_370' title='bbox 1177 2671 1421 2720; x_wconf 73' lang='lat' dir='ltr'>abscessum</span> <span class='ocrx_word' id='word_1_371' title='bbox 1447 2675 1641 2738; x_wconf 84' lang='lat' dir='ltr'>periostii</span> <span class='ocrx_word' id='word_1_372' title='bbox 1657 2710 1670 2729; x_wconf 86' lang='lat'><em>,</em></span> <span class='ocrx_word' id='word_1_373' title='bbox 1694 2676 1772 2740; x_wconf 90' lang='lat' dir='ltr'>qui</span> <span class='ocrx_word' id='word_1_374' title='bbox 1792 2675 1950 2740; x_wconf 92' lang='lat' dir='ltr'>sponte</span> <span class='ocrx_word' id='word_1_375' title='bbox 1969 2681 2018 2722; x_wconf 77' lang='grc' dir='ltr'>δε</span> 
     </span>
     <span class='ocr_line' id='line_1_41' title="bbox 186 2734 905 2783; baseline 0.001 -3"><span class='ocrx_word' id='word_1_376' title='bbox 186 2734 279 2781; x_wconf 87' lang='lat' dir='ltr'>fine</span> <span class='ocrx_word' id='word_1_377' title='bbox 299 2736 427 2781; x_wconf 63' lang='lat' dir='ltr'>causa</span> <span class='ocrx_word' id='word_1_378' title='bbox 454 2736 664 2783; x_wconf 88' lang='lat' dir='ltr'>evidente</span> <span class='ocrx_word' id='word_1_379' title='bbox 677 2736 905 2783; x_wconf 88' lang='lat' dir='ltr'>acciderit.</span> 
     </span>
    </p>

    <p class='ocr_par' dir='ltr' id='par_1_11' title="bbox 184 2798 2015 3193">
     <span class='ocr_line' id='line_1_42' title="bbox 247 2798 2015 2855; baseline 0.005 -11"><span class='ocrx_word' id='word_1_380' title='bbox 247 2804 333 2847; x_wconf 88' lang='lat' dir='ltr'>IV.</span> <span class='ocrx_word' id='word_1_381' title='bbox 364 2799 590 2847; x_wconf 77' lang='lat' dir='ltr'>Abscelsus</span> <span class='ocrx_word' id='word_1_382' title='bbox 609 2802 865 2848; x_wconf 85' lang='lat' dir='ltr'>medullaris</span> <span class='ocrx_word' id='word_1_383' title='bbox 886 2798 1126 2847; x_wconf 75' lang='lat' dir='ltr'>substantiae</span> <span class='ocrx_word' id='word_1_384' title='bbox 1144 2835 1156 2855; x_wconf 89' lang='lat'>‚</span> <span class='ocrx_word' id='word_1_385' title='bbox 1177 2801 1207 2848; x_wconf 81' lang='lat' dir='ltr'>si</span> <span class='ocrx_word' id='word_1_386' title='bbox 1228 2803 1302 2850; x_wconf 84' lang='lat' dir='ltr'>fiat</span> <span class='ocrx_word' id='word_1_387' title='bbox 1322 2803 1375 2850; x_wconf 85' lang='lat' dir='ltr'>ab</span> <span class='ocrx_word' id='word_1_388' title='bbox 1394 2803 1490 2850; x_wconf 82' lang='lat' dir='ltr'>ossis</span> <span class='ocrx_word' id='word_1_389' title='bbox 1509 2801 1701 2852; x_wconf 60' lang='lat' dir='ltr'>fractura</span> <span class='ocrx_word' id='word_1_390' title='bbox 1720 2805 1767 2850; x_wconf 88' lang='lat' dir='ltr'>in</span> <span class='ocrx_word' id='word_1_391' title='bbox 1794 2806 2015 2853; x_wconf 86' lang='lat' dir='ltr'>acutiores</span> 
     </span>
     <span class='ocr_line' id='line_1_43' title="bbox 184 2860 2013 2932; baseline 0.005 -24"><span class='ocrx_word' id='word_1_392' title='bbox 184 2860 406 2915; x_wconf 79' lang='lat' dir='ltr'>schidias‚</span> <span class='ocrx_word' id='word_1_393' title='bbox 426 2866 586 2928; x_wconf 90' lang='lat' dir='ltr'>quibus</span> <span class='ocrx_word' id='word_1_394' title='bbox 620 2866 815 2913; x_wconf 86' lang='lat' dir='ltr'>medulla</span> <span class='ocrx_word' id='word_1_395' title='bbox 851 2866 1067 2913; x_wconf 85' lang='lat' dir='ltr'>laceretur</span> <span class='ocrx_word' id='word_1_396' title='bbox 1101 2867 1170 2913; x_wconf 91' lang='lat' dir='ltr'>vel</span> <span class='ocrx_word' id='word_1_397' title='bbox 1204 2885 1425 2932; x_wconf 86' lang='lat' dir='ltr'>pungatur</span> <span class='ocrx_word' id='word_1_398' title='bbox 1443 2887 1454 2922; x_wconf 82' lang='lat'>3</span> <span class='ocrx_word' id='word_1_399' title='bbox 1474 2885 1546 2914; x_wconf 88' lang='lat' dir='ltr'>aut</span> <span class='ocrx_word' id='word_1_400' title='bbox 1574 2869 1630 2915; x_wconf 86' lang='lat' dir='ltr'>ab</span> <span class='ocrx_word' id='word_1_401' title='bbox 1659 2871 1842 2916; x_wconf 64' lang='lat' dir='ltr'>externa</span> <span class='ocrx_word' id='word_1_402' title='bbox 1867 2871 2013 2924; x_wconf 88' lang='lat' dir='ltr'>carie,</span> 
     </span>
     <span class='ocr_line' id='line_1_44' title="bbox 185 2927 2015 3000; baseline 0.004 -27"><span class='ocrx_word' id='word_1_403' title='bbox 185 2928 275 2992; x_wconf 64' lang='lat' dir='ltr'>qua</span> <span class='ocrx_word' id='word_1_404' title='bbox 295 2927 420 2973; x_wconf 74' lang='lat' dir='ltr'>altius</span> <span class='ocrx_word' id='word_1_405' title='bbox 439 2930 667 2993; x_wconf 59' lang='lat' dir='ltr'>progressa</span> <span class='ocrx_word' id='word_1_406' title='bbox 685 2931 880 2976; x_wconf 88' lang='lat' dir='ltr'>medulla</span> <span class='ocrx_word' id='word_1_407' title='bbox 898 2930 1103 2993; x_wconf 86' lang='lat' dir='ltr'>putrefiat</span> <span class='ocrx_word' id='word_1_408' title='bbox 1117 2964 1130 2983; x_wconf 91' lang='lat'>,</span> <span class='ocrx_word' id='word_1_409' title='bbox 1153 2932 1321 2977; x_wconf 87' lang='lat' dir='ltr'>nullam</span> <span class='ocrx_word' id='word_1_410' title='bbox 1348 2934 1531 2995; x_wconf 85' lang='lat' dir='ltr'>quidem</span> <span class='ocrx_word' id='word_1_411' title='bbox 1551 2933 1632 2979; x_wconf 88' lang='lat' dir='ltr'>luis</span> <span class='ocrx_word' id='word_1_412' title='bbox 1659 2951 1858 2981; x_wconf 83' lang='lat' dir='ltr'>venereae</span> <span class='ocrx_word' id='word_1_413' title='bbox 1878 2933 2015 3000; x_wconf 89' lang='lat' dir='ltr'>suspi-</span> 
     </span>
     <span class='ocr_line' id='line_1_45' title="bbox 185 2993 2014 3058; baseline 0.004 -18"><span class='ocrx_word' id='word_1_414' title='bbox 185 2994 366 3040; x_wconf 87' lang='lat' dir='ltr'>cionem</span> <span class='ocrx_word' id='word_1_415' title='bbox 384 3011 568 3040; x_wconf 89' lang='lat' dir='ltr'>movere</span> <span class='ocrx_word' id='word_1_416' title='bbox 586 2995 722 3040; x_wconf 89' lang='lat' dir='ltr'>debet</span> <span class='ocrx_word' id='word_1_417' title='bbox 737 3028 749 3047; x_wconf 86' lang='lat'>,</span> <span class='ocrx_word' id='word_1_418' title='bbox 771 3010 817 3039; x_wconf 87' lang='lat' dir='ltr'>ut</span> <span class='ocrx_word' id='word_1_419' title='bbox 835 2998 954 3054; x_wconf 85' lang='lat' dir='ltr'>cujus</span> <span class='ocrx_word' id='word_1_420' title='bbox 978 2993 1112 3039; x_wconf 83' lang='lat' dir='ltr'>causae</span> <span class='ocrx_word' id='word_1_421' title='bbox 1139 3012 1316 3058; x_wconf 77' lang='lat' dir='ltr'>pateant</span> <span class='ocrx_word' id='word_1_422' title='bbox 1348 2998 1403 3042; x_wconf 89' lang='lat' dir='ltr'>ab</span> <span class='ocrx_word' id='word_1_423' title='bbox 1432 2997 1556 3042; x_wconf 89' lang='lat' dir='ltr'>omni</span> <span class='ocrx_word' id='word_1_424' title='bbox 1586 2998 1798 3044; x_wconf 83' lang='lat' dir='ltr'>morboso</span> <span class='ocrx_word' id='word_1_425' title='bbox 1828 2998 2014 3048; x_wconf 89' lang='lat' dir='ltr'>seminio</span> 
     </span>
     <span class='ocr_line' id='line_1_46' title="bbox 188 3058 2013 3128; baseline 0.005 -25"><span class='ocrx_word' id='word_1_426' title='bbox 188 3058 318 3122; x_wconf 73' lang='lat' dir='ltr'>plane</span> <span class='ocrx_word' id='word_1_427' title='bbox 338 3059 504 3104; x_wconf 68' lang='lat' dir='ltr'>alienae.</span> <span class='ocrx_word' id='word_1_428' title='bbox 536 3059 710 3105; x_wconf 70' lang='lat' dir='ltr'>Contra</span> <span class='ocrx_word' id='word_1_429' title='bbox 734 3058 843 3106; x_wconf 74' lang='lat' dir='ltr'>veto</span> <span class='ocrx_word' id='word_1_430' title='bbox 864 3059 982 3104; x_wconf 85' lang='lat' dir='ltr'>vitus</span> <span class='ocrx_word' id='word_1_431' title='bbox 1010 3060 1148 3106; x_wconf 87' lang='lat' dir='ltr'>latens</span> <span class='ocrx_word' id='word_1_432' title='bbox 1188 3061 1320 3108; x_wconf 84' lang='lat' dir='ltr'>toties</span> <span class='ocrx_word' id='word_1_433' title='bbox 1351 3060 1610 3126; x_wconf 77' lang='lat' dir='ltr'>apertiflime</span> <span class='ocrx_word' id='word_1_434' title='bbox 1637 3064 1893 3128; x_wconf 83' lang='lat' dir='ltr'>proditurus</span> <span class='ocrx_word' id='word_1_435' title='bbox 1924 3067 1982 3112; x_wconf 91' lang='lat' dir='ltr'>est</span> <span class='ocrx_word' id='word_1_436' title='bbox 1999 3099 2013 3120; x_wconf 92' lang='lat'><strong>,</strong></span> 
     </span>
     <span class='ocr_line' id='line_1_47' title="bbox 187 3121 1905 3193; baseline 0.005 -25"><span class='ocrx_word' id='word_1_437' title='bbox 187 3124 363 3188; x_wconf 82' lang='lat' dir='ltr'>quoties</span> <span class='ocrx_word' id='word_1_438' title='bbox 381 3121 468 3170; x_wconf 81' lang='lat' dir='ltr'>sine</span> <span class='ocrx_word' id='word_1_439' title='bbox 486 3123 573 3170; x_wconf 65' lang='lat' dir='ltr'>ulla</span> <span class='ocrx_word' id='word_1_440' title='bbox 597 3124 696 3171; x_wconf 86' lang='lat' dir='ltr'>labe</span> <span class='ocrx_word' id='word_1_441' title='bbox 713 3158 726 3176; x_wconf 87' lang='lat'>,</span> <span class='ocrx_word' id='word_1_442' title='bbox 746 3141 840 3188; x_wconf 84' lang='lat' dir='ltr'>quae</span> <span class='ocrx_word' id='word_1_443' title='bbox 861 3123 996 3169; x_wconf 91' lang='lat' dir='ltr'>obvia</span> <span class='ocrx_word' id='word_1_444' title='bbox 1014 3122 1063 3169; x_wconf 87' lang='lat' dir='ltr'>fit</span> <span class='ocrx_word' id='word_1_445' title='bbox 1079 3158 1091 3177; x_wconf 88' lang='lat'>,</span> <span class='ocrx_word' id='word_1_446' title='bbox 1109 3125 1156 3170; x_wconf 91' lang='lat' dir='ltr'>in</span> <span class='ocrx_word' id='word_1_447' title='bbox 1175 3124 1328 3171; x_wconf 84' lang='lat' dir='ltr'>offium</span> <span class='ocrx_word' id='word_1_448' title='bbox 1350 3144 1461 3173; x_wconf 84' lang='lat' dir='ltr'>cavo</span> <span class='ocrx_word' id='word_1_449' title='bbox 1492 3129 1606 3174; x_wconf 87' lang='lat' dir='ltr'>clam</span> <span class='ocrx_word' id='word_1_450' title='bbox 1626 3130 1905 3193; x_wconf 87' lang='lat' dir='ltr'>producetur.</span> 
     </span>
    </p>

    <p class='ocr_par' dir='ltr' id='par_1_12' title="bbox 249 3188 2016 3260">
     <span class='ocr_line' id='line_1_48' title="bbox 249 3188 2016 3260; baseline 0.006 -23"><span class='ocrx_word' id='word_1_451' title='bbox 249 3191 419 3237; x_wconf 87' lang='lat' dir='ltr'>Rarum</span> <span class='ocrx_word' id='word_1_452' title='bbox 438 3191 497 3238; x_wconf 88' lang='lat' dir='ltr'>est</span> <span class='ocrx_word' id='word_1_453' title='bbox 521 3188 760 3238; x_wconf 72' lang='lat' dir='ltr'>abscessum</span> <span class='ocrx_word' id='word_1_454' title='bbox 778 3188 1086 3252; x_wconf 80' lang='lat' dir='ltr'>hujuscemodi</span> <span class='ocrx_word' id='word_1_455' title='bbox 1114 3190 1394 3258; x_wconf 81' lang='lat' dir='ltr'>putrescente</span> <span class='ocrx_word' id='word_1_456' title='bbox 1417 3193 1613 3242; x_wconf 63' lang='lat' dir='ltr'>medulla</span> <span class='ocrx_word' id='word_1_457' title='bbox 1641 3195 1767 3260; x_wconf 81' lang='lat' dir='ltr'>gigni</span> <span class='ocrx_word' id='word_1_458' title='bbox 1793 3195 1840 3243; x_wconf 80' lang='lat' dir='ltr'>in</span> <span class='ocrx_word' id='word_1_459' title='bbox 1860 3192 2016 3248; x_wconf 83' lang='lat' dir='ltr'>offium</span> 
     </span>
    </p>
   </div>
   <div class='ocr_carea' id='block_1_3' title="bbox 2067 1646 2298 1692">
    <p class='ocr_par' dir='ltr' id='par_1_13' title="bbox 2067 1646 2298 1692">
     <span class='ocr_line' id='line_1_49' title="bbox 2067 1646 2298 1692; baseline 0.017 -8"><span class='ocrx_word' id='word_1_460' title='bbox 2067 1647 2140 1687; x_wconf 88' lang='lat'>111.</span> <span class='ocrx_word' id='word_1_461' title='bbox 2158 1646 2298 1692; x_wconf 50' lang='lat' dir='ltr'>Catiesi</span> 
     </span>
    </p>
   </div>
   <div class='ocr_carea' id='block_1_4' title="bbox 2062 2821 2294 2969">
    <p class='ocr_par' dir='ltr' id='par_1_14' title="bbox 2062 2821 2294 2969">
     <span class='ocr_line' id='line_1_50' title="bbox 2063 2821 2294 2864; baseline 0 -2"><span class='ocrx_word' id='word_1_462' title='bbox 2063 2823 2129 2862; x_wconf 80' lang='lat' dir='ltr'>lv.</span> <span class='ocrx_word' id='word_1_463' title='bbox 2146 2821 2294 2864; x_wconf 60' lang='lat' dir='ltr'>Absceso</span> 
     </span>
     <span class='ocr_line' id='line_1_51' title="bbox 2062 2875 2291 2915; baseline 0.009 -2"><span class='ocrx_word' id='word_1_464' title='bbox 2062 2875 2119 2914; x_wconf 83' lang='lat' dir='ltr'>sus</span> <span class='ocrx_word' id='word_1_465' title='bbox 2146 2877 2291 2915; x_wconf 56' lang='lat' dir='ltr'>medulss</span> 
     </span>
     <span class='ocr_line' id='line_1_52' title="bbox 2063 2928 2272 2969; baseline 0.019 -4"><span class='ocrx_word' id='word_1_466' title='bbox 2063 2928 2147 2966; x_wconf 87' lang='lat' dir='ltr'>laris</span> <span class='ocrx_word' id='word_1_467' title='bbox 2183 2930 2272 2969; x_wconf 82' lang='lat' dir='ltr'>sub-</span> 
     </span>
    </p>
   </div>
   <div class='ocr_carea' id='block_1_5' title="bbox 2064 2983 2215 3031">
    <p class='ocr_par' dir='ltr' id='par_1_15' title="bbox 2064 2983 2215 3031">
     <span class='ocr_line' id='line_1_53' title="bbox 2064 2983 2215 3031; baseline 0.007 -8"><span class='ocrx_word' id='word_1_468' title='bbox 2064 2983 2215 3031; x_wconf 71' lang='lat' dir='ltr'>stantiae.</span> 
     </span>
    </p>
   </div>
  </div>
 </body>
</html>
