2477 3643
699 130 1715 199 L1nnn1v.CA12uerI11.
1947 162 2031 203 373

201 214 322 265 faofi,
341 209 591 277 atomisque
607 214 943 261 mercurialibus
963 214 1178 280 copiosius
1198 214 1303 262 ideo
1322 215 1630 264 exhalantibus
1651 219 1805 266 sensim
1833 223 2037 288 compes-

207 293 331 324 catur
351 279 563 324 tumultus
581 296 715 342 quem
731 279 776 323 in
799 278 1010 342 sanguine
1030 279 1198 326 faciunt
1213 314 1225 332 ,
1242 298 1290 326 ac
1312 281 1600 328 imminuatur
1618 283 1780 331 nimius
1801 286 2038 336 humorum

207 342 438 389 confluxus
456 360 590 405 quem
610 343 759 389 versus
781 362 829 389 os
852 343 1102 391 sollicitant.
1131 343 1354 391 Caeterum
1380 345 1519 391 modo
1547 346 1696 394 ulcera
1713 349 1949 398 videantur
1975 355 2042 400 ci-

207 407 418 454 catricem
436 407 643 472 paulatim
660 408 927 455 contrahere
945 443 957 460 ‚
976 426 1081 455 cura
1100 409 1333 474 superstitis
1352 409 1571 474 ptyalismi
1591 415 1785 477 tempori
1805 430 1900 461 tota
1918 435 2041 464 com—-

208 471 430 517 mittenda
451 473 536 524 est·,
560 472 666 518 licet
686 474 806 520 enim
832 474 952 519 tarda
971 474 1115 520 fitilla
1141 475 1366 521 medicina
1382 509 1392 527 ,
1411 493 1545 538 quam
1579 475 1706 523 affert
1737 478 2040 543 longinquitas

208 541 254 583 δ(
272 535 366 582 dies
380 570 392 588 ,
414 552 456 582 at
474 538 594 582 certe
613 538 889 601 experientia
906 555 1182 602 compertum
1199 541 1258 585 est
1280 545 1548 603 &magnam
1567 547 1612 588 δε
1630 541 1859 591 efficacem
1879 544 1980 591 elle.

270 608 338 658 70.
367 604 478 646 Sunt
500 601 578 664 qui
606 603 660 648 ad
690 603 1024 667 reprimendum
1055 604 1334 666 ptyaliliuum
1352 605 1591 668 largiorem
1624 612 1668 653 ὃς
1700 609 2041 661 diuturniorem.

204 663 270 709 uti
288 664 454 712 soleant
467 667 791 730 gargarilinatis
810 667 1145 730 astringentibus
1160 685 1210 713 ex
1230 668 1447 715 balaustiis
1461 704 1473 722 ,
1491 671 1592 717 rosis
1611 672 1754 720 rubris
1769 707 1781 727 ‚
1800 676 2001 737 myrtillis
2016 707 2032 728 ,

203 727 382 775 sumach
400 764 414 783 ‚
435 731 580 776 acacia
597 765 607 783 ‚
624 731 770 778 baccis
790 731 1029 778 berberum
1047 766 1059 783 ‚
1089 732 1225 777 Gallis
1244 766 1254 784 ,
1277 734 1512 781 malicorio
1528 770 1540 788 ‚
1570 737 1763 785 alumine
1785 757 1922 804 rupeo
1943 745 2030 786 δίε.

202 809 251 839 ut
271 794 440 840 laxiora
469 796 679 842 duchmm
701 797 942 843 salivalium
966 796 1120 842 ostiola
1147 800 1442 845 coarctentur.
1477 806 1587 846 Sunt
1623 802 1697 848 alii
1721 804 1798 866 qui
1822 823 2032 863 nummos

198 875 358 906 aureos
376 860 422 905 in
441 877 520 906 ore
542 861 808 907 volutandus
825 860 1105 925 praescribant
1123 895 1135 913 ‚
1156 862 1368 925 pilulasve
1386 882 1480 928 quae
1500 866 1595 910 auri
1611 865 1794 914 scobem
1811 901 1823 920 ,
1840 869 2034 916 calcem-

201 941 258 970 ve
280 924 350 970 vel
381 925 577 971 bracteas
608 927 824 990 recipiant
842 959 854 978 ,
874 926 1154 972 devorandas
1183 926 1424 974 exhibeant
1439 963 1453 980 ‚
1473 945 1521 975 ut
1553 933 1836 980 mercuriales
1862 935 2029 988 atomi,

197 1005 295 1051 qua:
328 989 456 1050 copia
484 1007 648 1036 nocent
664 1024 675 1042 ‚
698 991 791 1036 auri
812 991 1022 1036 ramentis
1041 1023 1053 1042 ‚
1075 989 1336 1052 quibuscum
1362 994 1484 1056 jungi
1503 1012 1649 1040 amant
1664 1029 1675 1048 ‚
1704 997 2027 1046 absorbeantur

200 1058 247 1098 δέ
267 1053 353 1098 una
372 1053 494 1099 simul
515 1054 774 1100 educantur.
802 1055 890 1101 Sed
908 1071 1146 1117 utrumque
1165 1059 1251 1116 jam
1270 1057 1444 1119 pridem
1465 1058 1488 1102 a
1504 1060 1652 1121 gnaris
1670 1066 1713 1106 δε
1733 1063 2029 1126 prudentibus

195 1118 391 1164 Medicis
412 1119 572 1164 merito
590 1119 837 1164 damnatur.
864 1122 985 1165 Prius
1000 1119 1184 1181 quidem
1204 1118 1284 1165 ceu
1304 1122 1596 1180 periculosum
1612 1157 1624 1176 ,
1644 1128 1922 1189 nequeenim
1938 1146 2026 1175 un-

199 1199 335 1244 quam
370 1198 515 1228 tutum
545 1186 603 1230 est
623 1184 902 1248 pryalismum
929 1217 941 1235 ,
972 1183 1080 1229 dum
1102 1183 1262 1246 largius
1292 1185 1389 1231 fluit
1403 1220 1415 1238 ,
1437 1188 1768 1251 astringendum
1790 1191 1835 1237 vi
1856 1193 2027 1240 intem-

196 1247 360 1310 pestive
377 1265 587 1294 coercere
607 1266 616 1294 z
641 1247 833 1303 Posterius
853 1248 962 1294 vero
982 1265 1063 1294 ceu
1092 1265 1257 1294 vanum
1287 1255 1333 1295 &
1370 1252 1525 1297 inutile
1544 1286 1556 1304 ,
1579 1271 1670 1298 non
1698 1256 1883 1318 quidem
1899 1257 2026 1320 quod

196 1328 360 1373 negem
377 1312 500 1374 quod
526 1312 673 1377 aperte
695 1312 857 1375 liquet,
875 1312 1040 1358 scilicet
1062 1315 1156 1358 auri
1177 1316 1385 1360 ramentis
1410 1318 1691 1364 mercuriales
1712 1336 1883 1367 atomos
1904 1339 2026 1368 non-

194 1376 337 1421 nullas
365 1376 412 1421 in
431 1394 511 1423 ore
541 1393 614 1422 aut
635 1377 682 1422 in
706 1377 921 1423 intestinis
941 1377 1085 1439 abripi
1107 1384 1152 1424 &
1171 1378 1276 1424 inde
1295 1379 1453 1432 educi,
1490 1381 1565 1426 sed
1592 1399 1710 1444 nego
1738 1384 1836 1429 satis
1863 1385 2030 1448 magn&

196 1440 326 1504 copia
352 1441 403 1486 ea
443 1440 618 1488 ratione
645 1459 842 1506 unquam
878 1441 1074 1494 deduci,
1098 1442 1336 1506 praesertim
1371 1446 1393 1490 ὲ
1429 1445 1641 1507 sanguine
1662 1481 1673 1499 ‚
1705 1447 1781 1494 ubi
1807 1450 2035 1513 potiffimae

195 1504 326 1551 scena
358 1506 417 1551 est
435 1540 446 1557 ,
467 1522 514 1552 ut
545 1524 596 1554 ea
615 1506 842 1571 therapeia
862 1506 908 1551 in
933 1507 1243 1568 aegrotantium
1271 1510 1560 1556 commodum
1589 1511 1751 1559 cedere
1769 1514 1924 1578 poffit,
1948 1514 2028 1561 nisi

196 1568 450 1618 efficaciora
468 1576 514 1616 δε
532 1571 694 1617 tutiora
716 1571 914 1618 remedia
933 1571 1242 1618 adhibeantur.

259 1640 328 1680 ΙΙ.
357 1638 478 1680 Dum
501 1635 699 1682 ulcerum
717 1635 904 1682 escharae
923 1636 1139 1682 decidunt
1156 1670 1168 1688 ‚
1186 1636 1503 1701 superveniunt
1523 1656 1616 1684 non
1634 1640 1730 1686 raro
1749 1640 2024 1690 haemorrha-

190 1697 273 1762 giae
294 1697 348 1744 ab
379 1699 510 1745 erosis
540 1700 753 1746 lacerisve
773 1699 877 1746 vasis
893 1734 905 1751 ,
920 1718 1012 1764 qim:
1040 1701 1188 1747 ulcera
1216 1702 1389 1765 depasta
1408 1700 1520 1747 sunt.
1546 1703 1597 1749 Id
1620 1705 1723 1750 mali
1740 1705 1949 1771 frequens
1966 1711 2025 1755 est

195 1763 374 1826 quoties
399 1764 549 1810 ulcera
570 1763 865 1828 profundiora
890 1764 1015 1810 altius
1035 1782 1303 1811 excavantur
1324 1800 1336 1818 ,
1358 1767 1594 1828 praeserrim
1624 1768 1652 1812 fi
1674 1769 1727 1814 ab
1746 1788 1860 1834 aegro
1881 1776 2026 1819 crustae

194 1827 417 1873 ulceribus
442 1829 587 1874 inustae
606 1829 944 1893 praecipirantius
965 1829 1255 1876 detrahantur
1270 1865 1283 1882 ,
1304 1847 1376 1875 aut
1396 1831 1418 1875 a
1438 1831 1719 1879 medentibus
1740 1835 1866 1883 citius
1895 1838 2029 1897 deta-7

197 1892 362 1938 dantur
385 1895 695 1956 frequentiore
718 1894 889 1939 affrietu
909 1894 1103 1957 penicilli
1125 1895 1313 1955 collyrio
1335 1894 1513 1941 imbuti.

252 1960 374 2004 Leve
393 1957 576 2019 quidem
596 1958 760 2004 malum
776 1960 835 2004 est
850 1964 893 2002 &
913 1958 1036 2020 quod
1057 1975 1219 2006 natura*
1239 1960 1462 2004 committi
1489 1963 1625 2023 potest
1641 1996 1653 2013 ,
1677 1961 1705 2007 fi
1728 1962 1899 2026 sanguis
1917 1984 2027 2030 pau-

195 2038 272 2067 cus
298 2022 471 2068 extillet
491 2040 543 2067 ex
565 2022 671 2068 vasis
702 2022 980 2068 tenuioribus
1000 2023 1259 2086 venolisque
1283 2043 1292 2068 ε
1312 2026 1372 2068 At
1406 2026 1515 2070 vero
1536 2027 1714 2088 gravius
1732 2061 1741 2078 ,
1761 2033 1805 2073 <Sc
1830 2029 1901 2075 cui
1928 2049 2029 2086 me-¹

194 2085 294 2132 deri
311 2103 516 2151 oporteat
531 2121 544 2139 ,
564 2087 591 2132 s1
619 2087 813 2134 ubertim
836 2104 985 2134 manet
1006 2087 1060 2132 ab
1077 2088 1295 2133 arteriofis
1317 2094 1361 2133 δε
1382 2089 1669 2151 amplioribus
1693 2092 1813 2138 vasis.

260 2153 390 2197 Tunc
415 2169 524 2214 ergo
563 2152 624 2196 1⁰.
650 2151 817 2197 Abluto
839 2170 919 2197 ore
948 2152 1070 2199 locus
1092 2152 1208 2199 unde
1226 2151 1400 2214 sanguis
1421 2153 1546 2205 fluit,
1575 2154 1605 2199 fi
1629 2157 1768 2201 oculis
1785 2173 1956 2220 pateat,
1975 2175 2025 2206 ut

195 2231 316 2279 patet
350 2216 567 2280 perpetuo
601 2215 708 2261 dum
741 2216 1066 2278 haemorrhagia
1091 2233 1238 2261 manat
1266 2217 1289 2262 a
1319 2217 1538 2278 gingivis,
1574 2218 1749 2281 linguai,
1773 2221 1922 2268 buccis
1947 2240 2023 2270 aut

195 2280 472 2326 maxillarum
505 2280 825 2333 commissuris,
845 2281 1030 2341 collyrio
1071 2280 1274 2326 Lanfraci
1297 2314 1309 2331 ,
1344 2280 1566 2329 solutione
1586 2284 1790 2330 aluminis
1818 2288 1942 2350 rupei
1973 2289 2022 2334 in

198 2343 310 2406 aqua
337 2345 601 2408 plantaginis
618 2379 630 2397 ‚
652 2346 763 2407 aqua
798 2345 976 2408 styptica
991 2378 1004 2396 ‚
1023 2345 1135 2406 aqua
1154 2344 1396 2389 aluminosa
1416 2347 1603 2392 Fernelii
1621 2381 1632 2399 ‚
1647 2364 1719 2393 aut
1750 2350 1827 2412 qui
1853 2353 2022 2399 caeteris

194 2409 386 2470 praestat,
405 2408 749 2471 spirituyitrioli
770 2409 1004 2455 imbuatur.
1043 2409 1089 2454 Si
1109 2410 1197 2454 liaec
1220 2408 1406 2454 sistendo
1425 2409 1625 2472 sanguini
1647 2413 1767 2476 paria
1785 2432 1875 2460 non
1908 2414 2017 2470 fint,

192 2470 282 2517 vasi
302 2471 476 2517 discisso
498 2473 742 2518 cauterium
763 2474 926 2519 astuale
949 2472 1023 2521 sed
1046 2473 1205 2520 leviter
1224 2474 1368 2519 calens
1390 2474 1643 2538 imponatur
1661 2510 1673 2528 ,
1689 2492 1817 2541 atque
1839 2478 2018 2527 eschara

195 2535 249 2582 ea
279 2536 450 2583 ratione
485 2537 622 2583 inusta
640 2537 764 2583 caute
786 2536 992 2583 foveatur
1008 2571 1020 2589 ,
1048 2553 1094 2583 ut
1119 2538 1246 2602 supra
1265 2539 1430 2584 dictum
1459 2541 1521 2583 71⁹.
1543 2558 1580 2584 2.
1595 2543 1856 2604 paragraphi
1867 2558 2020 2606 praece-

193 2601 325 2646 dentis
339 2639 354 2654 ‚
376 2619 431 2648 ne
450 2601 629 2647 decidat
649 2603 919 2665 praepostere.
948 2603 1121 2648 Interea
1146 2603 1252 2648 verb
1272 2620 1384 2665 aeget
1416 2603 1634 2649 nutriatur
1651 2604 1828 2663 jusculis
1844 2641 1855 2658 ,
1873 2607 2018 2654 sorbi-

192 2664 391 2712 tionibus
406 2700 417 2718 ,
438 2666 666 2730 panatellis
681 2700 693 2717 ,
712 2666 987 2713 cremoribus
1007 2684 1149 2727 oryzae
1163 2701 1174 2720 ,
1191 2685 1471 2729 ovorumque
1491 2668 1651 2714 vitellis
1670 2701 1683 2720 ,
1713 2675 1758 2715 &
1779 2671 2016 2719 damnetur

192 2728 379 2783 silentii,
403 2748 459 2776 ne
479 2730 789 2777 masticationis
824 2747 976 2783 motu,
1005 2731 1184 2779 vocisve
1217 2733 1508 2780 contentione
1539 2733 1716 2780 eschara
1742 2734 1846 2782 sede
1867 2736 2016 2784 dimo·-

195 2808 350 2839 veatur
379 2800 424 2841 &
443 2795 763 2858 haeinorrhagia
783 2812 1046 2842 renovetur.

261 2865 323 2902 20.
350 2858 517 2904 Verum
538 2859 568 2903 si
587 2860 708 2906 locus
728 2894 740 2911 ‚
762 2861 879 2906 unde
901 2861 1072 2922 sanguis
1099 2876 1245 2905 manat
1261 2895 1272 2912 ‚
1292 2861 1338 2906 in
1355 2861 1533 2906 occulto
1558 2861 1633 2913 sit,
1648 2877 1696 2906 ut
1722 2862 1826 2908 dum
1848 2863 2015 2910 latetin

192 2920 395 2967 faucibus
421 2938 494 2967 aut
514 2923 560 2967 in
580 2924 740 2985 postica
761 2923 874 2969 facie
897 2924 1115 2970 lacunaris
1148 2925 1320 2971 narium
1342 2959 1353 2976 ‚
1374 2926 1596 2970 incidatur
1623 2943 1736 2971 vena
1764 2926 1896 2973 semel
1928 2928 2016 2974 ite-

193 2987 381 3048 rumque
402 2986 432 3031 fi
462 2986 609 3032 morbi
644 2988 927 3034 vehementia
947 2989 1008 3033 ita
1036 2989 1210 3050 exigat,
1230 2994 1273 3033 δε
1300 2990 1398 3050 a‘gri
1422 2989 1536 3035 vires
1562 2988 1752 3036 ferendo
1774 3009 1897 3054 pares
1927 2992 2014 3040 effe

189 3050 441 3097 videantur,
477 3050 660 3097 Interim
683 3070 730 3097 os
751 3051 897 3112 saepius
929 3052 1129 3112 abluatur
1158 3052 1344 3099 decocto
1368 3055 1631 3116 astringente
1652 3060 1696 3100 &
1717 3056 1899 3119 styptico
1932 3057 2013 3104 ba-

138 3138 148 3148 ·
190 3115 450 3161 laustiorum
483 3148 495 3167 ‚
522 3115 715 3163 rosarum
752 3116 1010 3173 subtatum,
1040 3116 1245 3170 sumach,
1285 3119 1526 3181 gallamm,
1559 3118 1776 3165 malicorii
1806 3139 1905 3166 cum
1932 3122 2013 3169 ad-

189 3177 296 3231 ‚ditis
321 3197 441 3246 aquae
474 3180 649 3229 Rabelii
671 3182 806 3247 guttis
828 3181 1031 3247 aliquot3
1058 3187 1103 3229 &
1131 3200 1215 3247 pro
1244 3202 1355 3248 potu
1373 3183 1601 3232 ordinario
1635 3184 1896 3255 exhibeatur
1929 3186 2015 3242 deff

1592 3252 1632 3295 A
1650 3267 1676 3299 a*
1692 3266 1716 3295 a
1741 3251 1791 3313 iij

2072 1656 2111 1695 Π
2129 1658 2303 1698 Haemon:

2071 1709 2202 1761 rhagia
2224 1713 2274 1748 ab

2069 1762 2251 1802 ulceribus

2070 1814 2160 1860 oris²
