2477 3643
117 244 193 286 nari
211 243 309 299 poffe

117 313 162 339 ex
181 299 326 336 diverso

117 353 234 391 modo
251 379 261 395 ,
277 363 353 401 quo

120 405 268 456 sanguis
286 409 320 441 &

124 457 303 494 humores

121 509 257 562 jugiter
295 519 355 547 te-

120 571 317 601 novantur.

169 1279 221 1317 fa
236 1289 363 1329 nempe

130 1345 270 1370 ratione
288 1345 338 1368 vi-

128 1397 192 1422 rus
227 1380 365 1420 admis-

132 1437 212 1474 sum
228 1436 367 1486 aliqua-

131 1489 181 1526 do
199 1487 339 1540 grada-

130 1543 198 1578 tim
215 1538 366 1576 invales-

130 1606 211 1631 cere
226 1608 234 1630 ε
264 1597 299 1629 &

132 1644 360 1697 multiplica-

134 1701 179 1738 ri.

134 1768 345 1824 Aliquando

133 1824 355 1879 pedetentim

136 1876 298 1926 extingui
335 1877 369 1911 &

132 1940 356 1973 evanetcere.»

184 2614 349 2650 'Demum

146 2663 346 2717 aliquando

148 2721 301 2755 modum
330 2715 381 2752 ita

140 2779 323 2814 senen-,ut
335 2768 383 2805 ad

148 2821 320 2858 eumdem

149 2873 306 2923 gradum

149 2926 356 2960 constanter

151 2987 360 3015 xenovetur.

392 168 490 210 ’102
706 123 1874 207 DEMORB'ISVENERE'IS.

398 257 469 289 tur
488 274 500 294 ‚
527 238 574 286 in
601 239 862 304 sanguinem
882 239 1001 285 intra
1022 238 1125 287 vasa
1148 237 1800 287 convertiturfermentatione
1819 258 1831 294 3
1852 238 2024 287 ibidem
2044 239 2236 290 fermem
2256 290 2261 296 ,

401 305 572 352 tatione
600 305 729 352 simili
757 306 929 369 sanguis
955 305 1062 352 inde
1087 302 1318 351 confeetus
1337 337 1350 356 ,
1377 302 1426 349 in
1454 304 1665 352 humores
1686 304 1967 352 secundarios
1994 304 2086 371 ipse
2114 325 2237 354 com·-

401 387 613 417 mutatur.
642 373 826 436 Sanguis
851 370 1037 435 quidem
1056 404 1069 423 ‚
1090 370 1290 430 quandiu
1310 386 1444 434 purus
1461 371 1520 416 est
1538 404 1551 422 ,
1577 379 1631 417 ex
1651 370 1783 432 chylo
1817 370 1966 436 probae
1993 388 2110 418 notae
2142 372 2238 419 san·-

404 437 586 501 guinem
615 455 775 502 purum
792 471 804 490 ‚
835 441 882 482 δε
903 454 956 482 ex
977 434 1190 498 sanguine
1213 452 1325 499 puro
1340 451 1474 498 puros
1501 434 1710 482 humores
1737 452 1922 499 generat
1940 470 1952 489 ,
1979 451 2028 482 ur
2053 436 2100 482 in
2127 439 2238 485 statu

405 501 510 548 sano
529 520 541 555 ·,
563 518 605 547 at
625 502 733 547 verb
755 501 785 547 fi
813 501 985 563 sanguis
1011 517 1188 547 veneno
1216 517 1413 545 venereo
1448 498 1583 546 semel
1614 501 1874 564 inquinetur
1895 535 1907 554 ,
1938 501 2125 548 ssmilem
2145 512 2238 567 'pa-

405 584 590 629 remque
611 566 758 613 labem
777 565 915 612 debet
934 566 1113 611 inurere
1131 599 1143 616 ‚
1174 563 1254 610 nisi
1279 563 1414 626 ocyus
1432 582 1690 611 occurratur
1705 599 1717 618 ‚
1742 582 1837 613 tum
1868 566 2071 630 sanguini
2104 585 2241 630 quem

404 650 458 679 ex
482 631 613 693 chylo
630 666 642 684 ‚
661 647 755 677 tum
781 630 1046 676 humoribus
1067 629 1277 675 omnibus
1308 647 1422 692 quos
1453 648 1507 676 ex
1543 631 1754 693 sanguine
1783 631 1839 679 de
1871 650 1993 678 novo
2022 648 2207 696 generat
2224 665 2240 685 ,

404 697 527 744 unde
549 697 667 742 virus
684 731 696 749 ‚
716 696 841 760 quod
866 696 998 742 initio
1020 695 1146 759 parce
1171 694 1435 741 insinuatum
1464 694 1550 740 fuit
1569 729 1582 748 ,
1611 712 1853 742 renovatur
1876 703 1920 744 &
1940 712 2240 761 perpetuatur.

468 765 568 815 Jam
587 762 694 807 verb
722 762 861 826 potest
890 779 941 807 ea
963 760 1084 806 labes
1101 795 1114 813 ,
1134 777 1226 823 quae
1246 760 1446 823 sanguini
1466 760 1658 806 infertur
1687 760 1875 807 seminio
1903 779 2100 809 venereo
2120 796 2132 816 ,
2165 761 2244 807 tri-

404 827 581 892 pliciter
603 826 743 889 gradu
762 832 808 873 &
827 825 1076 872 intensione
1098 825 1271 871 variare
1291 843 1372 889 pro
1392 825 1569 872 diversa
1590 825 1754 872 veneni
1775 826 1962 872 admixti
1978 827 2050 874 vel
2073 826 2243 891 supers-

408 893 499 938 titis
522 892 650 955 copia
667 927 680 945 ,
702 909 775 938 aut
795 890 970 937 diversa
991 890 1213 953 sanguin-is
1235 890 1282 935 in
1300 907 1436 954 quem
1456 891 1546 953 agit
1564 925 1577 943 ,
1599 890 1755 936 natura
1776 924 1788 943 ,
1804 890 2015 954 qualitate
2031 924 2043 943 ,
2061 891 2215 938 indole
2228 926 2244 946 ‚

405 957 623 1003 nimitum
640 991 652 1009 ‚
689 966 750 1001 10.
776 955 977 1002 Gliscere
1003 956 1049 1001 in
1071 956 1166 1001 dies
1194 971 1326 1019 atque
1349 954 1502 1001 sensim
1531 955 1802 1002 invalescere
1832 973 2009 1003 veneno
2044 974 2242 1003 venereo

406 1021 730 1084 multiplicato3
752 1030 814 1067 20.
833 1021 1009 1067 Contra
1031 1020 1234 1066 minui&
1252 1020 1481 1066 extenuari
1502 1037 1680 1067 veneno
1701 1038 1899 1067 venereo
1920 1020 2242 1075 evanescente,

413 1095 476 1149 3⁰·
504 1086 657 1132 Media
687 1087 759 1132 via
792 1086 1006 1152 progredi
1043 1091 1088 1131 ὃς
1124 1087 1279 1131 statum
1308 1084 1583 1147 modumque
1617 1084 1825 1132 eumdem
1859 1087 2107 1132 constanter
2137 1086 2244 1132 reti-

408 1169 548 1204 nere,
580 1168 757 1199 veneno
793 1169 989 1199 venereo
1022 1165 1241 1198 renovato
1279 1150 1466 1215 quidem
1498 1149 1574 1197 sed
1605 1149 1697 1198 fine
1724 1150 1966 1198 accessione
1993 1167 2068 1197 aut
2091 1149 2247 1199 deces-

408 1215 530 1263 sione
558 1216 663 1261 ulla.

479 1286 512 1326 I.
538 1281 739 1339 Quidem
765 1280 794 1326 si
826 1280 947 1327 labes
973 1278 1124 1343 gliscat
1159 1284 1205 1325 &
1236 1278 1475 1326 invalescat
1494 1314 1506 1332 ‚
1532 1278 1560 1324 si
1592 1279 1712 1325 vitus
1744 1279 1852 1326 inde
1879 1279 2015 1326 celeri
2039 1280 2247 1344 progres-

411 1344 530 1392 sione
559 1361 768 1409 augeatur
799 1345 846 1390 in
871 1346 966 1392 dies
995 1350 1041 1391 δε
1065 1344 1386 1408 multiplicetur
1405 1379 1417 1397 ‚
1445 1342 1652 1391 universa
1678 1343 1898 1408 sanguinis
1927 1349 1972 1390 δε
2004 1344 2247 1392 humorum

413 1411 545 1457 maffa
572 1410 701 1457 brevi
730 1425 1039 1474 corrumpetur
1055 1443 1067 1462 ‚
1095 1409 1215 1455 unde
1236 1410 1328 1455 lues
1347 1409 1638 1462 confirmata3
1661 1410 1785 1473 quod
1810 1409 1973 1455 accidit
1997 1427 2050 1455 ex
2078 1410 2246 1474 triplici

413 1476 541 1521 causa
558 1509 570 1527 ‚
599 1491 646 1521 ut
665 1476 805 1540 liquet
834 1493 887 1522 ex
907 1474 1182 1540 praecedente
1213 1474 1356 1538 capite
1379 1494 1388 1520 ε
1417 1483 1478 1519 10.
1509 1475 1554 1520 Si
1579 1474 1700 1520 virus
1733 1474 1922 1520 multum
1940 1507 1952 1525 ,
1975 1491 2075 1521 acre
2092 1508 2105 1527 ,
2134 1474 2247 1521 suin-

414 1540 486 1586 me
515 1540 788 1586 virulentum
815 1538 893 1594 fit3
919 1548 979 1586 2⁰.
1008 1540 1053 1586 Si
1079 1539 1251 1602 sanguis
1277 1540 1323 1585 in
1348 1557 1483 1603 quem
1503 1539 1622 1584 virus
1651 1539 1769 1601 agit,
1795 1540 1866 1585 vel
1891 1539 2048 1584 natura
2070 1539 2140 1585 vel
2169 1558 2246 1604 per

415 1605 620 1652 accidens
645 1622 804 1669 pravus
823 1610 867 1651 &
887 1605 1071 1651 vitiosus
1096 1603 1232 1649 fuerit
1250 1623 1260 1656 3
1289 1612 1348 1664 30.
1381 1605 1426 1651 Si
1446 1639 1457 1658 ‚
1485 1603 1610 1667 quod
1630 1603 1860 1667 peffimum
1881 1605 1940 1651 est
1955 1637 1967 1656 ,
1987 1604 2140 1650 omnia
2153 1604 2246 1652 haec

412 1672 572 1717 eadem
596 1688 649 1716 ex
678 1670 864 1733 utraque
893 1685 1016 1734 parte
1043 1668 1166 1715 simul
1185 1669 1459 1715 coincidant.

476 1739 543 1781 11.
571 1736 743 1781 Contra
763 1734 793 1779 fi
812 1735 930 1781 labes
957 1735 1002 1781 in
1030 1734 1124 1780 dies
1153 1734 1413 1780 retundatur
1436 1733 1790 1780 &imminuatur
1809 1766 1822 1785 ,
1852 1733 2056 1798 adeoque
2080 1733 2111 1779 fi
2136 1751 2247 1781 con-

413 1800 583 1863 tagium
602 1806 647 1846 ὃς
667 1800 837 1846 viribus
862 1816 1128 1847 extenuetur
1151 1804 1195 1844 &
1216 1799 1443 1846 decrescat
1469 1799 1598 1863 copia
1616 1832 1630 1851 ‚
1651 1797 1761 1844 inde
1784 1797 1918 1843 tacita
1944 1799 2129 1862 quidem
2169 1799 2246 1846 sed

414 1865 530 1911 certa
555 1864 858 1928 progressione
885 1865 1006 1912 virus
1039 1882 1171 1909 omne
1203 1863 1356 1910 senfim
1383 1863 1627 1910 difflabitur
1646 1898 1658 1915 ,
1682 1879 1729 1909 ut
1756 1863 1803 1908 in
1828 1863 1879 1908 iis
1907 1866 1984 1927 qui
2006 1863 2029 1909 a
2050 1864 2247 1910 buboni-

413 1929 494 1976 bus
511 1964 524 1983 ,
552 1930 782 1976 ulcusculis
805 1964 816 1982 ,
846 1928 1128 1992 gonorrlioeis
1157 1929 1438 1990 gravioribus
1461 1928 1776 1977 convalescunt
1800 1927 1891 1975 fine
1914 1929 2120 1975 remediis
2138 1964 2152 1982 ‚
2174 1929 2248 1976 vel

411 2012 516 2040 cum
545 1995 752 2041 remediis
785 1994 903 2040 haud
937 1994 1034 2040 satis
1063 1992 1348 2045 efficacibus,
1377 2000 1423 2040 δέ
1460 1995 1539 2058 qui
1573 2010 1673 2040 toto
1707 1994 1806 2039 vitae
1842 2009 2044 2058 tempore
2078 1995 2249 2058 optimz'i

412 2058 624 2105 fruuntur
644 2059 903 2105 valetudine
923 2093 936 2110 ,
968 2060 1015 2104 in
1044 2057 1204 2120 quibus
1235 2060 1355 2104 virus
1376 2077 1619 2105 venereum
1646 2058 1968 2120 aliquantulum
1998 2063 2042 2104 δέ
2075 2058 2159 2104 diu·
2186 2059 2250 2104 la·-

417 2122 543 2171 tuisse
562 2158 575 2176 ‚
606 2130 651 2170 δε
681 2123 851 2188 optima
879 2123 1102 2187 sanguinis
1132 2123 1446 2170 constitutione
1474 2140 1604 2187 atque
1624 2122 1744 2168 felici
1770 2140 1918 2168 rerum
1947 2140 2248 2169 non-natura-

414 2189 527 2236 lium
555 2188 634 2234 usu
665 2187 819 2235 sensim
845 2187 1070 2234 domitum
1098 2185 1223 2234 fuiffe
1253 2187 1395 2234 nullus
1423 2188 1601 2234 dubito.
1635 2187 1724 2233 Sed
1758 2203 1847 2233 tam
1871 2185 2056 2235 faustum
2084 2187 2252 2235 succes-

415 2253 510 2300 sum
533 2251 706 2317 sperare
730 2271 970 2316 numquam
991 2253 1097 2299 licet
1115 2286 1127 2304 ‚
1150 2251 1228 2297 nisi
1249 2271 1302 2299 ex
1324 2253 1452 2299 causa
1473 2252 1639 2317 triplici
1657 2286 1670 2304 ,
1687 2267 1736 2297 ut
1763 2250 1977 2314 colligere
1996 2255 2055 2299 est
2073 2271 2126 2299 ex
2146 2271 2251 2318 prae-

414 2319 607 2365 cedente
633 2318 775 2382 capite
802 2318 902 2381 lege
925 2318 1253 2364 contrariorum
1274 2352 1286 2370 ‚
1316 2326 1375 2363 1⁰.
1407 2318 1453 2364 Si
1473 2319 1594 2365 virus
1616 2335 1804 2381 paucum
1825 2322 1869 2362 &
1893 2316 2138 2380 benignum
2171 2317 2249 2373 siv,

419 2392 481 2429 20.
514 2383 559 2429 Si
589 2382 762 2446 sanguis
790 2400 952 2447 puruS,
986 2383 1069 2428 rite
1097 2382 1355 2428 constitutus
1375 2417 1387 2436 ‚
1425 2388 1471 2429 ὃ(
1502 2382 1694 2448 perfecte
1726 2381 1973 2428 elaboratus
2002 2382 2137 2428 fuerit
2157 2401 2168 2435 3
2192 2391 2252 2444 3⁰.

419 2447 559 2507 Qiod
577 2449 800 2513 optimum
827 2448 911 2500 est,
943 2446 971 2492 fi
1003 2465 1055 2494 ex
1071 2447 1258 2511 utraque
1283 2464 1409 2512 parte
1430 2448 1663 2511 contingat
1681 2463 1730 2492 ut
1751 2446 1840 2492 haec
1858 2448 2012 2493 omnia
2030 2447 2117 2494 una
2138 2465 2251 2493 con-

420 2529 616 2558 currant.

491 2579 613 2637 111.j
628 2575 766 2635 Qubd
790 2575 818 2620 fi
839 2576 958 2623 labes
988 2575 1189 2621 medium
1213 2577 1369 2622 statum
1397 2592 1545 2624 teneat
1564 2610 1576 2628 ,
1598 2594 1647 2621 ac
1678 2576 1869 2641 proinde
1890 2575 1917 2620 fi
1938 2575 2058 2622 virus
2087 2575 2253 2638 jugiter

423 2641 607 2703 quidem
640 2656 881 2687 renovetur
909 2657 958 2687 ut
988 2640 1106 2705 prius
1125 2674 1137 2692 ‚
1165 2639 1240 2685 sed
1276 2641 1449 2706 semper
1477 2641 1640 2688 eodem
1671 2642 1842 2687 tantum
1874 2641 2044 2704 gradu,
2076 2641 2255 2702 qualem

425 2705 557 2751 initio
585 2705 793 2751 habuerit
809 2739 821 2757 ,
849 2705 1053 2767 adeoque
1076 2704 1263 2768 perinde
1282 2706 1439 2770 impari
1460 2707 1513 2752 ad
1535 2705 1767 2758 effeetum,
1789 2723 1892 2751 tunc
1915 2705 2099 2769 quidem
2134 2705 2256 2751 virus

427 2772 674 2816 constanter
701 2768 1034 2832 perpetuabitur
1050 2803 1062 2820 ‚
1091 2768 1167 2815 sed
1195 2770 1255 2814 ita
1283 2771 1530 2816 coercitum
1553 2775 1598 2815 δε
1622 2769 1900 2816 refraenatum
1926 2785 1972 2815 ut
1992 2768 2149 2815 effeffiht
2179 2788 2255 2815 ca-

428 2851 522 2882 reat
538 2868 552 2885 ,
574 2833 647 2881 seu
679 2833 802 2897 quod
832 2833 955 2879 idem
988 2834 1046 2880 est
1063 2867 1076 2885 ,
1104 2833 1259 2878 latebit
1277 2834 1462 2897 quidem
1485 2836 1531 2882 in
1565 2831 1775 2898 sanguine
1791 2869 1802 2887 ,
1832 2833 1910 2881 sed
1940 2833 2098 2881 latebit
2119 2834 2257 2882 inno-

428 2900 499 2947 xie
518 2933 530 2952 ,
556 2897 937 2962 quemadmodum
957 2897 1003 2944 in
1023 2898 1143 2962 praxi
1162 2897 1349 2945 obvium
1366 2901 1438 2946 est.

489 2968 556 3009 Ut
585 2965 673 3010 haec
700 2979 845 3009 autem
866 2962 1100 3009 succedant
1119 2997 1132 3016 ,
1153 2980 1334 3028 oportet
1352 2980 1399 3010 ut
1421 2963 1541 3010 virus
1556 2997 1569 3016 ,
1596 2962 1717 3026 quod
1741 2961 1990 3011 admittitur
2019 2962 2092 3011 vel
2129 2962 2252 3025 quod

427 3027 638 3093 superstes
670 3043 895 3080 remanet,
930 3027 1115 3074 modum
1138 3029 1199 3074 ita
1231 3044 1380 3075 teneat
1414 3029 1459 3075 in
1491 3028 1739 3092 quantitate
1762 3032 1808 3074 ὃ(
1833 3030 2013 3093 energia
2030 3062 2043 3080 ‚
2069 3032 2114 3073 &
2135 3043 2182 3071 ut
2202 3026 2254 3072 fi-

427 3094 522 3139 mul
543 3091 714 3154 sanguis
734 3093 747 3137 i
783 3091 825 3139 se
843 3093 1200 3140 mediocritatem
1220 3094 1282 3139 ita
1302 3093 1446 3140 servet
1465 3095 1512 3140 in
1532 3093 1744 3157 qualitate
1776 3097 1821 3138 &
1853 3092 2153 3156 generationis
2183 3110 2254 3137 ra·-

428 3158 552 3204 tione
570 3191 581 3209 ‚
610 3172 659 3202 ut
689 3156 737 3201 in
773 3175 797 3202 e
828 3158 1106 3220 permittatur
1128 3158 1312 3220 quidem
1343 3159 1506 3205 veneni
1542 3157 1826 3222 reproclustio
1844 3191 1856 3208 ,
1880 3157 1953 3204 sed
1972 3158 2171 3202 constans
2204 3162 2252 3202 ὃς

426 3221 584 3268 eadem
604 3218 778 3286 semper
796 3222 1079 3285 permittatur
1095 3256 1110 3276 ‚
1129 3240 1275 3286 neque
1295 3227 1436 3287 major
1450 3240 1597 3286 neque
1624 3222 1789 3269 minor.
1819 3222 1899 3268 Sin
1911 3221 2031 3271 secus
2048 3223 2251 3283 contige*
