2477 3643
149 243 316 284 sententia
330 242 381 281 vi-

149 297 179 334 xi
195 295 357 334 dodim-

150 349 384 386 niiHerman·

151 401 185 437 ni
204 399 386 437 Boerhaa-

150 464 194 489 ve
231 450 273 488 de
305 453 383 490 vir-

151 514 230 541 tute
242 507 386 544 Mercu-

149 556 207 598 xii.

395 157 519 212 5³4*
794 149 930 199 'DE
996 152 1377 199 Moass1s
1438 147 1944 200 VENER'EI&

427 232 540 279 curii
559 230 608 278 in
633 231 758 278 omni
785 234 856 281 lue
886 233 1078 282 venere&⁸
1106 232 1351 281 afferuntur
1367 267 1380 286 ,
1411 234 1615 280 Auctoris
1645 235 1828 280 nomine
1851 250 2010 297 magna
2035 233 2253 299 quiden-'13

428 315 476 344 re
505 312 654 344 tamen
686 314 806 345 tanta
838 317 931 346 non
965 299 1065 346 sunt
1086 332 1099 353 ,
1129 315 1178 345 ut
1213 298 1237 343 a
1269 296 1486 345 sententia
1517 298 1753 346 dimovere
1787 298 1977 345 valeant.
2014 320 2038 338 e·
2067 303 2271 363 Argen-·

428 378 454 404 ἠ
478 376 573 408 tum
608 363 762 409 vivum
798 399 811 417 ,
850 367 977 427 inquit
1012 369 1060 411 V
1059 367 1097 409 ir
1128 364 1359 423 dofiifflmns
1390 401 1405 417 ,
1442 362 1533 409 sola
1567 365 1613 411 vi
1645 365 1746 410 vitae
1781 366 1925 409 aetum
1957 364 2044 409 hoc
2077 365 2246 411 malum

428 450 454 469 υ
477 425 627 480 sanat,
656 444 783 473 motu
812 428 1007 492 expellit.
1047 427 1156 473 Ideo
1189 432 1235 472 δέ
1264 431 1355 488 ejus
1385 428 1605 474 medicata
1634 430 1817 493 potestas
1846 428 1966 474 haud
1995 428 2115 475 valet
2145 447 2249 475 cor-

430 514 455 532 υ
476 492 624 555 rigere
647 509 888 539 venereum
917 492 1097 544 tabum,
1125 492 1308 555 quando
1327 492 1402 539 ille
1423 492 1573 556 figitur
1594 496 1641 538 in
1661 493 1770 539 locis
1790 527 1802 545 ,
1824 493 1879 538 ad
1900 512 1994 557 quae
2014 493 2126 539 astio
2149 511 2248 540 coru

427 578 454 598 υ
479 556 547 603 dis
577 562 623 603 δέ
647 557 908 623 arteriarum
928 557 1002 603 vix
1023 556 1255 619 pertingit.
1294 557 1413 604 Hinc
1436 557 1601 604 cariem
1622 558 1792 622 diplo‘e's
1814 559 1954 604 cranii
1985 576 2077 604 non
2101 557 2250 612 sanat,

428 642 454 662 υ
477 620 552 668 sed
576 621 624 667 in
653 621 828 668 cellulas
856 625 946 682 ejus
978 621 1111 667 osseas
1140 621 1403 686 consumpto
1430 621 1587 687 pingui
1613 640 1768 669 vacuas
1786 657 1798 675 ,
1832 622 1951 670 iners
1985 621 2144 670 effusus
2169 625 2252 669 sta-

430 707 457 726 »
478 701 599 749 gnat.
641 685 751 732 Inde
786 691 830 732 &
860 685 1015 731 offium
1049 685 1291 732 medullam
1325 688 1604 750 inquinatam
1638 687 1726 732 hoc
1759 687 1876 732 malo
1909 688 1985 734 vix
2022 683 2246 752 repurgat.

427 772 453 791 υ
474 751 776 796 Gonorrhoeas
790 751 838 796 in
857 749 949 795 sola
981 750 1188 796 cellulosa
1211 752 1334 815 penis
1353 751 1524 798 fabrica
1545 751 1755 798 haerentes
1773 785 1786 803 ‚
1807 770 1884 815 per
1912 771 2018 816 quas
2044 754 2117 798 vix
2139 752 2255 798 ullus

427 835 455 855 υ
475 815 845 861 circumeuntium
876 815 1116 862 humorum
1135 816 1335 879 „impetus
1355 851 1368 868 ‚
1400 834 1644 880 numquam
1670 815 1789 863 sanat
1807 849 1820 867 ‚
1851 816 1957 863 licet
1980 816 2099 863 luem
2125 816 2252 863 simul

428 900 453 921 ω
478 880 782 925 dominantem
813 879 1006 944 perfecit&¹
1038 898 1093 926 eo
1123 895 1325 945 tempore
1354 882 1495 927 tollat.
1535 880 1730 927 Officula
1758 881 2026 933 tenerrima,
2054 880 2156 927 solis
2184 898 2254 934 te-

427 965 451 983 υ
473 944 634 989 nuibus
665 945 777 990 teCm
806 944 1079 991 membranis
1083 978 1239 990 ......
1272 945 1446 993 servare
1483 946 1663 1008 nequit,
1696 963 1752 992 ne
1781 945 1988 992 excidant
1994 979 2138 991 ......
2175 945 2254 1001 secl

427 1029 454 1048 υ
478 1009 591 1054 mala
618 1026 809 1055 venerea
827 1043 839 1061 ,
861 1027 958 1072 quae
974 1009 1149 1054 latitant
1176 1010 1223 1055 in
1251 1009 1360 1056 locis
1379 1045 1391 1063 ‚
1410 1028 1488 1075 per
1509 1027 1602 1073 quae
1627 1010 1794 1056 arteriae
1819 1010 1958 1056 rubrae
1975 1046 1987 1062 ,
2006 1010 2128 1056 flavae
2144 1043 2156 1061 ‚
2185 1009 2255 1056 se·-

428 1090 454 1115 ὴ
478 1072 613 1125 rosae,
648 1071 876 1137 pellucidae
895 1108 908 1126 ,
946 1091 1200 1137 caeterccque
1236 1092 1314 1138 per
1342 1094 1448 1138 quas
1482 1075 1652 1138 liquida
1685 1093 1785 1120 cum
1815 1074 1981 1121 idonea
2010 1075 2253 1122 velocitate

427 1161 454 1179 υ
478 1152 638 1203 ruunt,
668 1155 990 1202 argentumque
1018 1139 1173 1184 vivum
1200 1140 1434 1187 admittere
1459 1140 1506 1185 in
1532 1139 1575 1186 se
1601 1138 1776 1204 poffunt
1792 1173 1804 1191 ,
1834 1156 1964 1203 atque
1985 1140 2094 1186 illud
2116 1139 2252 1185 forti-

427 1225 454 1243 υ
477 1219 543 1248 ter
578 1220 738 1265 urgere
778 1203 903 1250 vitali
936 1205 1147 1268 potestate
1172 1237 1185 1257 ,
1215 1204 1581 1268 perfeffileTanari
1610 1220 1780 1268 queunt
1816 1205 2036 1251 Mercurii
2068 1204 2253 1251 virtute.

426 1270 645 1313 Haezenus
664 1271 745 1313 ille.

493 1332 580 1377 Sed
615 1340 675 1377 10.
704 1331 919 1389 Quandiu
949 1331 996 1378 in
1024 1347 1148 1396 parte
1176 1331 1378 1397 corporis
1407 1333 1590 1397 quavis,
1623 1333 1758 1379 etiam
1789 1332 1813 1378 a
1847 1332 1985 1379 corde
2015 1350 2096 1391 rei·
2156 1332 2250 1396 iffi·-

430 1393 531 1447 ma,
564 1397 654 1442 vita
683 1398 740 1443 est
760 1431 772 1449 ,
802 1397 888 1442 hoc
920 1399 974 1443 est
1007 1396 1205 1460 quandiu
1233 1398 1281 1442 in
1326 1397 1402 1442 illa
1446 1396 1694 1444 solidorum
1724 1395 1940 1443 oscillatio
1973 1402 2018 1444 δε
2052 1398 2115 1460 liq
2149 1398 2252 1443 ido-

430 1477 531 1505 rum
554 1461 696 1507 motio
717 1462 948 1525 reciproca
966 1462 1088 1524 viget
1104 1496 1115 1512 ,
1136 1461 1295 1524 quibus
1314 1462 1403 1507 vita
1424 1462 1613 1510 debetur
1631 1497 1642 1515 ,
1667 1462 1821 1507 tandiu
1842 1462 2124 1508 mercuriales
2152 1478 2252 1508 ato-

430 1525 493 1569 mi
527 1524 707 1588 liquidis
734 1526 971 1587 interjec'tae
1003 1532 1047 1572 δέ
1076 1526 1232 1572 elidem
1251 1560 1264 1578 ,
1291 1526 1375 1589 qua
1398 1527 1487 1591 ipsa
1508 1562 1520 1579 ,
1552 1528 1597 1574 vi
1629 1530 1728 1572 affra*
1748 1560 1760 1579 ,
1784 1543 2024 1573 moventur
2055 1545 2156 1572 cum
2177 1545 2252 1573 ce-

425 1589 602 1636 leritate
620 1624 631 1642 ,
652 1609 745 1653 quae
777 1595 918 1653 major
943 1590 992 1635 fit
1007 1591 1230 1637 celeritate
1245 1591 1522 1654 liquidorum
1549 1591 1744 1656 ipsorum
1763 1609 1817 1637 ex
1844 1596 2050 1636 Lemmate
2073 1596 2130 1637 V.
2146 1606 2255 1654 prae-

426 1655 513 1699 ced.
535 1659 658 1718 capit.
692 1660 736 1701 δε
768 1651 1049 1701 mom'entum
1077 1672 1286 1702 exercent
1305 1690 1318 1708 ,
1339 1657 1462 1719 quod
1485 1657 1628 1702 adhuc
1649 1657 1791 1701 multo
1813 1659 1949 1717 majus
1968 1655 2018 1700 sit
2045 1674 2254 1702 momen-

427 1733 476 1763 to
510 1719 741 1781 aequalium
774 1720 965 1785 partium
996 1719 1271 1783 liquidorum
1307 1738 1360 1767 ex
1390 1726 1596 1767 Lemmate
1626 1725 1759 1767 VII.
1795 1738 1842 1766 ac
1873 1719 2064 1784 proinde
2095 1721 2252 1767 tandiu

427 1783 646 1846 aptiffimae
670 1784 770 1830 sunt
800 1786 857 1831 ad
886 1784 1145 1837 atterenda,
1176 1786 1525 1832 comminuenda
1544 1819 1556 1838 ,
1586 1785 1863 1831 diffolvenda
1892 1785 2063 1848 liquida
2089 1787 2258 1848 quaevis

427 1848 640 1894 haerentia
657 1883 669 1900 ,
689 1849 907 1913 inspiffata
924 1884 936 1902 ,
956 1850 1142 1914 impasta
1165 1850 1211 1894 in
1230 1849 1281 1896 ea
1304 1867 1458 1914 parte;
1481 1850 1536 1895 ad
1559 1848 1807 1895 solidorum
1825 1848 2123 1897 oscillationes
2143 1869 2252 1913 pro-

425 1913 673 1959 movendas
703 1919 747 1959 <Sc
776 1914 1097 1968 intendendas3
1121 1932 1210 1960 uno
1240 1915 1383 1961 verbo
1410 1915 1465 1961 ad
1493 1915 1724 1961 seminium
1752 1932 1993 1961 venereum
2013 1915 2253 1962 exturban-

427 1976 534 2023 dum
556 2012 568 2029 ,
598 1977 627 2022 s1
660 1979 782 2040 quod
810 1979 874 2024 ibi
906 1979 1038 2026 lateat
1058 2013 1070 2031 ,
1102 1984 1147 2024 &
1177 1978 1232 2024 acl
1262 1979 1530 2043 reparandos
1560 1979 1734 2025 seminii
1766 1980 1948 2025 venerei
1981 1978 2159 2025 effestus
2177 2013 2189 2032 ,
2219 1979 2253 2025 si

427 2043 506 2105 qui
533 2042 596 2087 ibi
623 2042 705 2088 sint
735 2043 822 2088 ulla
850 2060 943 2089 arte
975 2042 1255 2108 reparabiles.
1295 2047 1421 2090 Valet
1451 2061 1558 2106 ergo
1588 2047 1803 2089 Mercurii
1832 2044 2031 2089 medicata
2058 2044 2254 2109 potestas,

426 2123 513 2171 prae
533 2108 673 2154 altero
693 2125 979 2171 quocumque
998 2108 1200 2154 remedio
1219 2141 1232 2160 ,
1264 2113 1460 2172 corrigere
1488 2126 1699 2153 venereum
1720 2108 1856 2154 tabum
1890 2108 2168 2171 quacumque
2194 2109 2250 2154 fi-

427 2187 554 2236 gatur
580 2172 626 2216 in
658 2189 781 2235 parte
802 2207 814 2225 ,
836 2173 1085 2218 dummodo
1105 2191 1155 2219 ea
1175 2191 1272 2238 pars
1290 2173 1412 2220 vivat
1431 2206 1443 2225 ‚
1471 2171 1558 2233 hoc
1578 2173 1635 2219 est
1652 2171 1902 2218 dummodo
1931 2172 1986 2218 ad
2003 2173 2124 2219 illam
2147 2176 2253 2220 ιιὲῗίω

429 2237 559 2282 cordis
587 2237 637 2282 (9²⁹
657 2243 902 2283 arteriarum
923 2242 1142 2301 pertingat.

490 2309 553 2346 2⁰.
585 2300 722 2357 Quod
739 2300 769 2346 fi
787 2320 882 2365 pars
904 2303 1102 2366 corporis
1121 2301 1319 2365 quaedam
1338 2299 1627 2346 sufflaminata
1645 2300 1889 2347 solidorum
1907 2301 2182 2350 oscillatione
2204 2306 2254 2348 &c

431 2364 654 2430 suppressa
685 2367 886 2412 motione
907 2367 1181 2429 liquidorum
1208 2366 1336 2430 plane
1363 2382 1567 2412 emortua
1592 2364 1641 2410 sit
1660 2400 1672 2418 ,
1705 2382 1776 2411 aut
1799 2367 1912 2412 carie
1934 2363 2129 2412 latente?
2145 2384 2252 2413 ero-

430 2428 474 2474 sa
492 2464 504 2482 ‚
537 2431 607 2476 vel
634 2428 826 2476 abscessu
844 2430 1044 2483 suffoffa,
1074 2448 1177 2476 tunc
1210 2430 1309 2476 sane
1335 2430 1616 2477 mercuriales
1644 2431 1810 2482 atomi,
1842 2449 1940 2493 quae·
1966 2433 2011 2477 in
2041 2430 2250 2478 haerenti-

429 2494 509 2540 bus
535 2495 580 2539 in
612 2511 734 2558 parte
763 2496 909 2541 fluidis
937 2496 1225 2541 minuriffimae
1256 2495 1430 2540 fluitant
1448 2529 1460 2548 ,
1490 2493 1698 2558 ρῑῑΜῐοηίε
1727 2494 1904 2541 (ἱεῖεᾶιι
1928 2495 2006 2542 fibi
2038 2497 2252 2560 applicitae

431 2564 477 2604 δε
507 2559 709 2622 pondere
730 2560 926 2605 deciduae
942 2561 988 2605 in
1022 2576 1168 2622 guttas
1198 2559 1453 2624 conspicuas
1484 2559 1569 2604 una
1588 2559 1768 2604 coiturae
1797 2558 1897 2605 sunt
1915 2594 1928 2614 ‚
1954 2561 2251 2624 quemadmo-

432 2623 541 2668 dum
587 2623 633 2668 in
676 2624 990 2670 defimzstorum
1019 2624 1307 2670 cadaveribus
1337 2623 1599 2670 observatur
1629 2625 1723 2687 post
1748 2625 1916 2687 largam
1943 2625 2250 2687 hydrargyro-

429 2687 523 2732 fim.
560 2687 670 2733 Inde
699 2687 909 2750 frequens
936 2691 995 2735 est
1024 2689 1070 2733 in
1098 2688 1149 2733 iis
1172 2688 1249 2751 qui
1281 2688 1512 2734 Mercurio
1541 2687 1709 2733 inumeri
1730 2687 1910 2734 fuerunt
1928 2721 1940 2739 ‚
1973 2690 2254 2735 Mercurium

434 2751 586 2814 colligi
609 2752 725 2797 intra
756 2751 845 2798 offa
862 2787 874 2805 ,
902 2753 932 2798 fi
963 2771 1050 2816 qua
1080 2751 1247 2798 cariosa
1275 2752 1357 2797 smt
1373 2786 1385 2804 ‚
1413 2769 1487 2797 aut
1508 2768 1650 2815 partes
1671 2753 1969 2816 quascumque
1989 2787 1999 2804 ‚
2024 2752 2053 2797 si
2078 2752 2256 2800 abceffu·

431 2817 503 2864 vel
518 2817 665 2862 ulcere
682 2815 930 2863 saucientur
954 2837 963 2863 :
986 2821 1053 2862 Ut
1067 2820 1274 2863 testantur
1293 2820 1487 2869 Joannes
1506 2817 1693 2879 Langius
1707 2816 1924 2880 Epsstolar.
1948 2817 2043 2863 Lib.
2060 2836 2094 2863 1.
2116 2818 2250 2881 Epist.

430 2901 499 2940 43.
527 2883 720 2934 Ioannes
733 2882 953 2928 Fernelius
972 2916 984 2933 ‚
1018 2887 1086 2928 De
1104 2885 1183 2927 luis
1197 2900 1368 2927 venerea
1389 2886 1607 2927 Curatione
1624 2896 1717 2944 cap.
1731 2901 1771 2938 7.
1807 2881 1988 2927 Gabriel
2008 2882 2219 2944 Fallopius
2236 2915 2252 2935 ,

431 2948 623 2992 Traaat.
643 2947 690 2991 de
708 2948 867 2992 [Morbo
882 2950 1042 2993 Gallico
1055 2986 1070 3001 ,
1088 2963 1180 3010 cap.
1199 2954 1267 3005 76.
1305 2946 1555 2992 Alexander
1575 2949 1790 3008 Trajanus
1806 2948 2037 2992 Petronius
2050 2979 2061 2998 ‚
2081 2946 2180 2991 Lib.
2202 2954 2248 2993 6.

432 3012 481 3056 de
514 3010 671 3056 Morbo
703 3013 864 3057 Gallico
884 3050 898 3065 ,
927 3027 1015 3075 cap.
1048 3029 1080 3056 1.
1120 3017 1272 3073 Itaque
1302 3016 1396 3072 jure
1416 3012 1578 3058 merito
1602 3011 1660 3055 ait
1689 3015 1973 3057 Hermannus
1997 3009 2255 3059 Boerhaave

432 3075 709 3120 Mercurium
732 3078 772 3119 in
794 3078 957 3121 cellulas
981 3077 1134 3136 cariofie
1162 3077 1311 3138 diploe's
1338 3081 1499 3121 inertem
1522 3114 1535 3128 ,
1562 3075 1717 3135 effitfitm
1739 3075 1942 3138 stagnare.

498 3146 559 3198 3⁰.
600 3137 802 3184 collecto
829 3139 932 3185 huic
955 3140 1184 3185 Mercurio
1213 3140 1284 3184 via
1311 3139 1397 3184 cita
1417 3140 1679 3203 plerumque
1707 3157 1884 3203 paratur
1901 3137 1988 3201 qua
2017 3137 2164 3185 effluat
2182 3138 2247 3183 ci)-

434 3215 503 3246 tra
518 3220 680 3250 noxam
695 3236 709 3259 2
739 3202 892 3252 derasa
920 3204 1087 3253 scilicet
1107 3204 1224 3252 carie
1251 3204 1323 3253 vel
1346 3220 1502 3267 aperto
1519 3203 1726 3252 abscessu.
1764 3207 1826 3251 At
1842 3204 1980 3255 verb,
2003 3218 2249 3263 utcuinque

1984 3267 2247 3332 aliquandiu
