2477 3643
159 335 232 376 Sed
242 346 283 372 ea
297 333 377 371 loca

143 403 221 447 non·
250 387 378 446 debent

142 438 379 531 Ξεῑὲῖῖιξΐὲὲε

143 541 345 581 bubonibus

143 597 316 642 [venereis.

188 867 245 908 Ut
261 865 383 904 multis

142 921 337 977 probatur.

213 3181 284 3220 Sed
300 3179 340 3218 de
354 3178 414 3218 ui-

417 126 492 170 '22’
748 119 864 165 DE
927 117 1908 169 MORBIS‘VENEREISU

419 203 589 246 nientem
606 198 667 245 ad
682 199 810 247 locum
826 201 1022 260 refhlvere
1036 238 1050 255 ,
1072 213 1259 264 quarunt
1280 201 1394 245 illam
1411 202 1584 260 faniano
1604 211 1622 262 (
1636 201 1835 265 saniare)
1859 198 2086 267 usaliquid
2099 202 2268 252 lucrm?

420 279 521 318 tur,
548 263 598 311 ὠ
620 264 693 312 hoc
711 283 788 311 non
807 265 917 311 debet
933 266 1028 328 fieri
1051 263 1079 310 lt
1107 265 1272 324 discreto
1298 268 1394 310 viro
1417 264 1467 311 ὠ·
1493 266 1693 330 magistro.

435 363 443 371 „
488 328 578 376 Sed
603 329 683 393 qui
709 347 760 376 ea
784 330 883 375 loca
910 347 964 376 ex
992 329 1124 376 variis
1149 328 1415 375 Austoribus
1435 330 1628 376 rudioris
1655 332 1789 379 aetatis
1815 334 1907 379 tam
1932 330 2121 378 studiose
2149 351 2260 380 cona

423 392 582 458 quisita
601 393 821 455 objiciunt
840 428 853 448 ‚
877 399 922 440 &
946 394 1003 440 de
1035 394 1238 441 venereis
1257 394 1382 458 penis
1398 393 1633 441 ulcusculis
1667 402 1712 442 &
1741 397 1978 461 inguinum
1997 395 2260 448 bubonibus

425 459 674 506 existimant
687 459 772 506 effe
785 458 1078 522 intelligenda
1092 493 1105 512 ,
1119 476 1183 504 nae
1197 460 1304 506 inde
1318 475 1509 522 arguunt
1523 459 1565 506 se
1579 460 1627 505 in
1639 463 1905 509 eorumdem
1917 463 2161 508 Auckomm
2174 464 2263 510 lec-

425 524 552 571 tione
570 529 614 570 &
630 523 831 570 doc'trina‘i
847 524 978 588 plane
994 523 1190 588 hospites
1205 521 1289 571 effe
1306 557 1318 576 ‚
1335 523 1435 570 cum
1453 541 1626 570 certum
1638 525 1687 570 fit
1702 530 1918 574 Auctores
1934 526 2035 571 illos
2051 526 2108 572 de
2123 544 2263 574 vene—

426 590 512 635 reis
531 588 764 635 ulcusculis
777 588 866 636 five
883 587 1140 635 bubonibus
1154 623 1167 642 ,
1185 588 1334 652 qualia
1352 607 1470 636 nunc
1487 588 1780 637 observantur
1799 624 1813 645 ‚-
1831 611 1888 639 ne
1908 589 2141 639 somniaffe
2155 592 2263 655 qui-

424 653 531 700 dem
550 653 738 700 laudatis
756 653 867 700 locis
885 686 900 706 ‚
921 652 997 699 sed
1013 653 1072 701 de
1094 652 1351 700 bubonibus
1384 660 1430 700 δε
1451 654 1685 701 ulcusculis
1716 656 1741 701 a
1761 657 1887 703 causa
1904 654 2090 720 simplici
2109 657 2265 703 oriun-

423 719 493 765 dis
512 753 525 772 ‚
551 719 698 783 qualia
714 718 823 764 olim
839 716 1070 766 observati
1084 719 1272 784 potuere
1289 752 1302 773 ‚
1327 719 1480 783 loqui,
1499 735 1547 766 ut
1575 719 1717 784 liquet
1734 723 1885 769 multis
1901 755 1916 776 ,
1945 719 2157 782 copiofis‚
2181 739 2266 773 va·->

426 784 592 848 riisque
618 782 881 830 rationibus.
1799 803 1802 805 ·

498 858 559 894 10.
593 848 731 908 led
751 866 803 896 ea
819 848 954 911 virgae
983 848 1134 894 ulcera
1153 881 1167 900 ,
1190 847 1313 912 iique
1333 847 1538 900 bubones
1559 847 1796 912 inguinum
1815 863 1905 895 tam
1927 849 2076 914 paucis
2094 848 2267 897 descri-

427 913 589 960 bantur
604 947 617 966 ‚
637 929 685 959 ut
702 913 808 960 inde
828 912 949 960 null&
969 914 1143 959 ratione
1162 912 1402 960 verisimile
1430 912 1480 958 sit
1508 913 1686 960 laudata
1712 914 1810 960 loca
1841 914 1900 961 de
1924 914 2160 962 ulcusculis
2189 932 2266 963 aur

429 978 485 1025 de
522 977 778 1026 bubonibus
809 978 1015 1025 venereis
1041 977 1183 1041 accipi
1221 976 1341 1042 poffe
1359 1011 1372 1030 ,
1394 995 1488 1041 quae
1526 976 1629 1023 sane
1661 996 1755 1026 non
1776 978 2017 1043 potuissent
2046 995 2137 1026 tam
2163 998 2266 1045 per-

426 1043 652 1090 fundoris
672 1043 837 1107 exponi
856 1043 881 1088 a
902 1043 1096 1090 Medicis
1112 1075 1125 1095 ,
1146 1059 1258 1105 quos
1276 1042 1324 1087 in
1356 1041 1664 1089 describendis
1694 1043 1860 1090 caeteris
1880 1043 2108 1091 affestibus
2122 1045 2269 1092 multb

428 1108 682 1157 levioribus
705 1109 968 1171 diligentes,
987 1108 1082 1153 imo
1100 1106 1315 1153 verbosos
1332 1106 1461 1154 fuiffe
1476 1123 1635 1153 notum
1654 1110 1728 1154 est.

496 1184 560 1221 20.
589 1173 724 1231 Quod
759 1174 1035 1237 antiquiores
1065 1173 1132 1218 illi
1155 1172 1359 1225 Medici,
1390 1172 1420 1217 fi
1451 1172 1654 1220 bubones
1674 1187 1747 1218 aut
1766 1171 1944 1226 ulcera,
1965 1190 2059 1236 quae
2098 1172 2268 1221 descri-

429 1239 544 1289 bunt
561 1273 574 1292 ‚
593 1239 676 1284 luis
710 1255 909 1285 venereae
941 1237 1198 1301 incipientis
1230 1236 1303 1283 vel
1338 1236 1607 1282 confirmatae
1641 1236 1935 1301 symptomata
1959 1237 2142 1285 fuissent
2160 1273 2174 1292 ,
2211 1256 2267 1288 ex

433 1305 552 1350 notis
579 1302 727 1349 morbi
746 1303 876 1366 signis
897 1301 1146 1349 debuissent
1164 1302 1213 1347 in
1232 1301 1379 1347 morbi
1398 1301 1605 1347 notitiam
1621 1301 1784 1348 deduci
1805 1334 1818 1353 ‚
1836 1318 1969 1365 atque
1987 1302 2100 1349 adeo
2118 1303 2175 1350 de
2194 1304 2269 1351 lue

433 1367 626 1417 venerea
654 1401 667 1421 ‚
703 1367 728 1412 εὶ
761 1367 850 1431 qua
877 1367 1186 1432 dependerent
1204 1400 1217 1420 ,
1245 1365 1340 1412 fuse
1371 1372 1415 1413 δέ
1437 1384 1490 1413 ex
1516 1364 1712 1430 profeffo
1745 1366 1955 1413 disserere
1973 1400 1986 1419 ‚
2022 1383 2069 1412 ut
2093 1367 2271 1415 ferebat

433 1432 685 1499 quaestionis
705 1432 899 1496 dignitas
918 1450 966 1478 ac
988 1431 1215 1478 manifesta
1237 1431 1402 1477 utilitas
1416 1464 1430 1485 ,
1451 1431 1508 1478 de
1521 1430 1607 1495 quei
1626 1447 1772 1478 tamen
1792 1449 1849 1478 ne
1876 1431 2066 1479 verbum
2085 1433 2270 1497 quidem

435 1518 576 1547 unum
595 1499 755 1562 prostat
774 1498 820 1543 in
840 1497 1022 1543 illorum
1041 1496 1283 1562 Operibus.

500 1573 561 1627 30.
594 1562 733 1621 Quod
752 1580 804 1609 ea
832 1562 955 1626 penis
973 1563 1121 1609 ulcera
1151 1579 1244 1608 non
1275 1559 1447 1607 tantum
1477 1559 1654 1607 venetis
1678 1559 1774 1606 usui
1803 1578 1904 1606 cum
1933 1559 2056 1606 foeda
2081 1560 2271 1610 muliere

436 1627 747 1676 adscribantur
762 1661 774 1680 ,
794 1626 870 1673 sed
887 1628 1023 1673 etiam
1049 1625 1180 1673 causis
1200 1626 1295 1672 aliis
1312 1658 1326 1677 >
1343 1640 1390 1670 ut
1410 1625 1434 1670 a
1458 1624 1709 1672 Lanfranco
1725 1658 1739 1677 ,
1765 1624 1930 1689 pustulis
1946 1626 2092 1672 calidis
2113 1630 2239 1691 virgae
2253 1665 2273 1681 ‚

436 1697 510 1739 vel
542 1697 668 1740 acinis
694 1691 920 1738 humoribus
943 1691 1215 1739 ulcerantibus
1230 1711 1243 1737 ς
1262 1706 1310 1736 ut
1329 1689 1354 1734 εὶ
1375 1690 1615 1736 Gordonio
1631 1723 1643 1742 ‚
1663 1691 1771 1750 casui
1799 1693 1870 1735 vel
1895 1690 2130 1754 percuffioni
2146 1709 2158 1735 2·
2181 1706 2229 1737 ut
2246 1692 2272 1738 εἰ

434 1755 714 1806 Gaddesden
742 1789 756 1809 ,
786 1760 905 1803 coitm'
933 1775 1019 1803 cnm
1042 1755 1273 1814 juvencula
1307 1768 1377 1800 ant
1406 1753 1680 1815 menstruata,
1697 1756 1768 1800 vel
1801 1757 2009 1801 retentioni·
2025 1757 2188 1815 fliminis
2219 1755 2276 1803 ὦ*

439 1828 562 1871 urimo
580 1843 592 1869 3
613 1822 794 1868 demum
823 1837 871 1867 ut
899 1820 923 1866 εὶ
950 1821 1136 1868 Valesco
1167 1821 1224 1868 de
1255 1818 1449 1866 Taranta
1469 1852 1483 1872 ,
1504 1822 1699 1872 vulneri,
1729 1821 1927 1865 attritioni
1951 1857 1966 1873 ,
1982 1821 2193 1883 spurcitiei
2218 1819 2277 1867 ὦ*

434 1891 636 1951 s'qvuallori
663 1888 918 1946 femoralium
932 1924 946 1939 ,
966 1891 1136 1932 materiae
1168 1888 1319 1932 acriori
1332 1883 1411 1944 stab
1437 1888 1627 1948 praeputio
1658 1885 1823 1929 colle&
1839 1922 1854 1937 ‚
1870 1888 2022 1947 pravis
2044 1883 2276 1931 humoribus

441 1951 716 1999 ulcerantibus
730 1989 744 2004 ,
764 1956 851 1996 &c.
875 1950 1014 1996 Unde
1033 1949 1230 2014 sequitur
1249 1966 1440 1996 venerea
1457 1966 1507 1995 ea
1526 1965 1806 2011 nequaquam
1822 1946 1951 1995 fuiffe
1965 1981 1979 2000 ‚
1995 1948 2159 2013 quippe
2179 1967 2278 2014 quae

443 2016 524 2064 nifi
544 2016 601 2062 ab
618 2016 797 2078 impuro
815 2033 916 2060 cum
936 2014 1099 2061 infecta
1115 2013 1360 2061 concubitu
1373 2030 1616 2076 numquam
1638 2012 1961 2077 producantur.

507 2089 575 2139 40.
605 2080 743 2138 Quod
778 2080 872 2143 pari
907 2097 1088 2142 quoque
1116 2079 1290 2125 ratione
1322 2077 1444 2124 bubo
1474 2078 1648 2123 dicatur
1675 2076 1894 2141 produci,
1922 2092 2017 2124 non
2048 2076 2187 2123 modb
2219 2078 2281 2125 ab

443 2144 668 2193 ulceribus
689 2144 823 2207 virgae
841 2178 854 2197 ,
888 2144 1011 2207 quod
1040 2162 1141 2190 cum
1180 2143 1365 2189 bubone
1393 2159 1591 2188 venereo
1616 2141 1836 2205 quadrare
1865 2141 2098 2188 videretur
2119 2175 2131 2194 ,
2167 2142 2279 2190 dato

446 2211 583 2258 semel
604 2209 693 2255 haec
710 2209 860 2255 ulcera
879 2226 1072 2255 venerea
1086 2208 1211 2255 fuisse
1225 2242 1237 2261 ‚
1256 2207 1334 2255 sed
1352 2207 1486 2254 etiam
1503 2206 1529 2252 ὰ
1548 2204 1719 2252 materia}
1729 2205 1895 2270 frigida*
1913 2221 1982 2252 aut
2001 2205 2143 2252 cassidd
2164 2244 2179 2259 ,
2193 2224 2279 2270 quae

449 2276 501 2323 ab
524 2276 665 2340 hepate
685 2277 943 2337 expellatur,
961 2278 1082 2335 juxta
1115 2273 1406 2320 Guillelmum
1438 2271 1493 2317 de
1524 2270 1716 2318 saliceto
1738 2288 1750 2323 3
1774 2285 1848 2316 aut
1866 2269 1919 2316 ab
1940 2272 2071 2317 ulcere
2099 2272 2282 2335 pedum,

448 2346 570 2403 juxta
589 2338 885 2386 Lanfrancum
901 2372 914 2391 ‚
934 2340 1059 2402 quod
1090 2338 1264 2384 buboni
1283 2337 1457 2383 tantum
1486 2335 1671 2400 simplici
1688 2335 1936 2383 convenite
1957 2336 2123 2400 potest,
2145 2352 2282 2400 atque

430 2408 566 2452 adeo
587 2421 769 2451 omnem
789 2420 969 2450 amovet
987 2404 1070 2449 luis
1091 2420 1288 2451 venereae
1307 2401 1619 2467 suspicionem.

523 2478 587 2533 5⁰,
621 2468 759 2527 Quod
783 2469 838 2514 ad
857 2469 1134 2514 curationem
1161 2469 1361 2515 ulcerum
1378 2465 1715 2531 praescribantur
1736 2463 1908 2509 tantum
1939 2463 1994 2509 ab
2011 2463 2284 2511 Auctoribus

428 2534 638 2581 -3audatis
658 2533 826 2578 ablutio
855 2533 1001 2578 balani
1029 2551 1130 2580 cum
1154 2548 1370 2594 oxycrato
1389 2565 1402 2585 ‚
1421 2546 1700 2595 unguentum
1732 2528 1881 2574 album
1913 2528 2247 2593 camphoratum
2263 2563 2282 2583 ,

451 2598 628 2661 aliaque
654 2597 990 2659 hujuscemodi,
1024 2613 1097 2643 aut
1123 2599 1180 2644 ad
1214 2597 1433 2643 summum
1466 2595 1701 2655 collyrium
1734 2594 1919 2656 vulgato
1951 2593 2137 2653 collyrio
2162 2597 2282 2639 Lan-

452 2663 597 2710 franci
633 2662 761 2725 plane
791 2678 1017 2725 congener
1035 2695 1047 2714 ‚
1077 2661 1167 2709 fine
1200 2662 1294 2708 ullo
1332 2660 1680 2708 medicaminum
1714 2657 1998 2704 internorum
2018 2656 2095 2702 usu
2121 2675 2132 2709 3
2160 2657 2285 2706 unde

453 2727 733 2775 manifestum
752 2726 800 2771 fit
818 2727 874 2774 de
895 2725 1126 2773 ulcusculis
1141 2727 1347 2774 venereis
1363 2725 1549 2772 minime
1563 2724 1660 2787 agi,
1675 2740 1768 2788 quae
1786 2722 1891 2769 sane
1901 2737 1992 2768 tam
2005 2720 2140 2768 facile
2159 2721 2283 2770 sana-

454 2793 494 2838 ri
514 2809 607 2839 non
636 2790 825 2855 poffunt.

514 2865 579 2902 60,
614 2856 823 2919 Denique
848 2854 969 2917 quod
990 2854 1189 2900 similiter
1209 2854 1433 2920 proposita
1461 2853 1695 2900 bubonum
1726 2850 1910 2897 illorum
1941 2849 2168 2915 therapeia
2188 2865 2284 2897 tota

455 2919 506 2967 fit
533 2922 581 2966 in
615 2919 891 2984 procurandci
923 2920 1219 2966 maturatione
1238 2954 1250 2972 ‚
1272 2919 1502 2984 apertione
1518 2952 1529 2971 ‚
1555 2915 1803 2965 detersione
1825 2915 2011 2961 tumoris
2028 2948 2041 2967 ,
2077 2915 2286 2977 negledm

456 2987 630 3050 penitus
670 2984 973 3031 remediorum
1008 2985 1288 3031 internorum
1312 3000 1520 3050 apparatu
1545 3001 1557 3036 ·,
1593 2981 1715 3046 quod
1745 2981 1981 3027 evidenter
2012 2979 2285 3025 demonstrat

456 3050 736 3097 mentionem
758 3067 850 3095 non
865 3048 949 3095 effe
971 3048 1025 3094 de
1044 3049 1227 3097 bubone
1247 3067 1444 3098 venereo
1463 3088 1478 3104 ,
1494 3065 1629 3112 quem
1661 3062 1750 3092 tam
1779 3045 1903 3093 facili
1921 3042 2138 3091 methodo
2159 3043 2286 3091 tadi-

460 3116 570 3161 citus
586 3132 679 3160 non
704 3114 845 3159 curati
863 3112 1130 3160 notiffimum
1147 3116 1220 3160 est.

515 3183 580 3226 Ex
602 3179 670 3227 his
689 3177 885 3244 sequitur
925 3186 987 3224 10.
1007 3181 1069 3226 Ea
1094 3178 1227 3244 virgae
1245 3177 1395 3226 ulcera
1411 3211 1424 3233 ‚
1445 3194 1636 3243 quorum
1661 3177 1686 3224 a
1719 3174 1905 3224 laudatis
1921 3171 2190 3235 Audioribus
2206 3171 2287 3228 ha-⁴
