2477 3643
187 215 392 269 Quomodo

170 272 288 313 semen
323 269 393 306 suis

168 335 365 375 concepta-

166 377 257 415 culis
283 385 392 411 coet-

164 437 287 465 ceatur
307 426 342 462 in

166 481 261 517 statu
281 490 392 516 natu·

163 531 260 570 miii

211 1254 306 1300 Quae
332 1250 397 1288 sint

172 1303 342 1342 stillicidii

171 1368 371 1409 Pl'aetffl‘na-

170 1410 303 1497 {ui-alis
317 1421 401 1447 cau-

187 1474 225 1500 cr.

243 2626 414 2678 Qubus-

183 2695 266 2719 nam
297 2679 411 2718 causis

187 2733 406 2771 stillicidium

187 2785 359 2824 foveatur
378 2792 390 2822 Ξ

238 3191 259 3233 S
268 3200 419 3242 ympto·

445 139 531 177 ιω.
773 115 1910 172 Dss-MORBISVENEREis.

500 204 684 253 Constat
721 220 868 255 autem
906 221 959 254 ex
991 200 1269 267 Phyfiolog'i&
1296 198 1445 247 semen
1475 195 1616 245 ferme
1640 210 1786 244 totum
1804 227 1817 249 ‚
1846 191 1970 260 quod
1999 191 2054 243 ab
2083 190 2286 243 ureth'rss‘.

440 269 626 322 defluit,
649 270 672 317 ὲ
697 269 892 319 veficulis
919 267 1163 316 seminariis
1185 281 1258 312 aut
1284 264 1307 312 ὲ
1329 262 1529 329 prostatis
1547 277 1726 308 manare
1750 279 1761 313 ·,
1795 258 2057 308 foecundum
2082 259 2268 324 quidem

443 340 489 382 δε
523 335 779 401 prolificum
809 335 863 383 ab
892 333 979 381 illis
1009 366 1020 386 ,
1053 332 1100 379 in
1130 348 1236 396 quas
1267 329 1293 374 εὶ
1327 326 1505 375 testibus
1529 324 1799 372 convehitur
1823 342 1899 388 per
1928 323 2028 372 vasa
2057 323 2269 371 deferen-

441 400 502 447 tia
522 419 534 454 ·‚
552 399 864 446 infoecundum
883 398 994 445 vero
1028 403 1074 442 δε
1105 395 1228 442 mere
1254 391 1561 457 limphaticum
1586 390 1641 437 ab
1665 390 1732 436 his
1750 402 1767 442 ,‘
1788 389 1866 435 ubi
1890 389 2148 435 secernitur.
2175 393 2268 435 Ve-

440 465 578 512 ficulae
597 482 745 512 autem
770 463 1008 510 seminariae
1028 478 1128 507 cum
1148 457 1337 505 urethrae
1363 457 1497 503 ductu
1521 455 1853 502 communicant
1879 453 1994 498 binis
2013 451 2241 499 emissariis
2254 486 2269 506 ‚

442 548 713 593 unaquaeque
737 528 813 574 suo
831 562 843 580 ‚
869 528 987 573 inter
1015 544 1109 589 quae
1132 524 1291 587 exigua
1307 523 1542 582 interjacet
1562 519 1863 585 prominentia
1891 531 2011 581 caput
2031 520 2272 581 Gallinagia

444 600 506 643 nis
536 595 624 641 sive
655 600 702 640 V
701 607 1023 639 eru-montanum
1043 604 1309 653 nuncupata.
1343 588 1542 634 Prostatae
1576 585 1686 632 vero
1714 585 1762 629 in
1792 582 2018 629 urethram
2050 580 2176 628 hiant
2203 581 2275 628 os-

445 660 556 707 culis
582 658 823 705 duodecim
841 691 853 709 ,
888 654 1266 701 numerosioribus
1302 651 1485 716 quidem
1516 648 1593 696 sed
1615 649 1748 695 etiam
1769 645 2092 711 angustioribus
2110 681 2123 700 ,
2142 663 2190 693 ut
2212 646 2273 694 se-

443 724 580 779 rosius
601 721 859 785 tenuiusque
879 721 1029 768 semen
1052 753 1064 772 ,
1091 718 1215 783 quod
1244 716 1494 764 recondunt
1512 749 1525 767 ,
1548 714 1703 760 arctius
1719 712 2004 759 concludant.

503 788 726 835 Caeterum
759 787 848 832 haec
888 784 1065 832 seminis
1105 782 1320 831 emissaria
1358 780 1596 844 interjeffls
1630 778 1751 824 fibris
1791 775 2138 829 muscularibus,
2175 793 2273 840 quae

446 854 744 918 sphinCterum
773 851 873 898 vice
898 849 1173 913 funguntur,
1203 864 1251 894 ut
1277 847 1403 893 multi
1429 860 1584 910 putant
1600 877 1612 896 ,
1635 843 1706 890 vel
1739 842 1834 888 solo
1866 841 2274 904 circumpositarum

443 919 637 983 partium
663 917 829 965 clarere
858 917 920 961 ita
943 914 1240 961 occluduntur
1259 913 1305 959 in
1324 914 1430 957 statu
1451 909 1672 961 naturali,
1701 924 1749 953 ut
1770 925 1826 953 ne
1854 921 1978 969 gutta
1996 905 2181 968 quidem
2210 906 2278 953 se-

443 984 576 1029 minis
600 983 801 1028 extillare
832 981 938 1027 inde
972 979 1100 1042 possit
1124 1012 1137 1031 ‚
1173 977 1251 1023 nisi
1282 976 1478 1024 veficulae
1516 973 1758 1020 seminariae
1789 987 1863 1017 aut
1897 972 2095 1035 prostatae
2128 969 2275 1017 valide

446 1048 800 1113 comprimantur
819 1080 831 1098 ‚
857 1062 953 1092 tum
980 1043 1188 1106 systalticz‘i
1209 1042 1571 1090 membranarum
1598 1035 2051 1084 circumvestientium
2070 1036 2277 1081 constric-

444 1113 570 1159 tione
587 1147 599 1164 ,
632 1129 725 1158 tuin
755 1110 1012 1156 simultane&
1039 1107 1340 1155 musculorum
1369 1107 1618 1153 erectorum
1644 1109 1688 1150 &
1707 1103 2053 1148 acceleratorum
2080 1100 2276 1165 superin-

446 1177 755 1224 cumbentium
785 1176 1090 1222 contractione
1109 1208 1120 1226 ‚
1149 1190 1197 1220 ut
1222 1174 1268 1231 in
1294 1170 1597 1233 ejaculationis
1621 1185 1759 1233 opere
1780 1166 1956 1212 solenne
1975 1166 2047 1211 est.

503 1242 665 1306 Liquet
692 1241 799 1288 inde
820 1239 996 1287 seminis
1015 1239 1287 1285 stillicidium
1306 1234 1687 1300 praeternaturale,
1713 1232 1771 1278 de
1784 1249 1875 1291 quo
1896 1231 2040 1293 agitur
2061 1262 2072 1281 ‚
2094 1228 2277 1292 gemino

449 1307 769 1355 emissariorum
803 1306 916 1352 vitio
948 1304 1164 1369 produci,
1194 1311 1253 1348 10.
1289 1303 1332 1348 Si
1361 1301 1490 1346 nimis
1518 1299 1723 1362 ampliata
1743 1303 1787 1343 &
1809 1295 1990 1341 dilatata
2015 1294 2126 1345 fint‚
2147 1309 2280 1357 atque

451 1372 734 1436 semi-aperta
760 1372 806 1416 in
835 1370 1061 1417 urethram
1094 1369 1375 1414 continenter
1409 1365 1549 1411 hient.
1585 1372 1645 1409 20.
1681 1363 1726 1409 Si
1758 1361 1952 1426 partium
1985 1358 2280 1405 ambientium

450 1438 611 1484 inertia
641 1442 687 1484 δε
716 1437 897 1483 laxitate
927 1433 1117 1481 debilius
1143 1432 1498 1494 constringantur
1517 1463 1530 1482 ‚
1552 1429 1671 1475 unde
1693 1428 1823 1472 nimis
1851 1425 1946 1471 laxe
1977 1424 2280 1476 conniveant,

452 1521 537 1550 nec
559 1502 710 1549 semen
731 1502 776 1548 vi
795 1499 1096 1546 constristorifi
1115 1512 1353 1544 coerceant
1375 1494 1474 1541 satis
1494 1491 1677 1541 efficaci.
1707 1496 1743 1538 A
1767 1492 1916 1555 priore
1947 1489 2131 1553 quidem
2167 1489 2281 1534 vitio

453 1567 681 1632 dependet
707 1582 971 1631 perpetuum
992 1571 1035 1610 ὃς
1053 1563 1312 1609 stillatitium
1336 1559 1606 1625 profluvium
1637 1557 1812 1604 seminis
1831 1574 1842 1609 ·,
1861 1555 1884 1600 a
1915 1554 2154 1618 posteriore
2175 1554 2287 1601 vero

452 1632 728 1698 profluvium
758 1632 947 1677 alterum
963 1664 974 1682 ‚
997 1628 1120 1693 quod
1140 1628 1391 1674 identidem
1420 1624 1607 1670 recurrit
1626 1657 1638 1676 ‚
1659 1621 1783 1667 simul
1808 1638 1855 1666 ac
1882 1618 2075 1665 vesiculae
2097 1616 2285 1664 semina-

456 1699 530 1743 riae
561 1713 634 1743 aut
664 1698 859 1761 prostatae
882 1696 953 1741 vel
974 1694 1131 1741 leviter
1162 1706 1422 1756 premuntur
1441 1723 1453 1742 ,
1472 1689 1586 1734 utin
1612 1686 1836 1752 egestione
1855 1684 1984 1749 paulo
2011 1681 2284 1735 difficiliore,

455 1763 527 1810 vel
574 1779 808 1826 parumper
847 1760 1207 1823 constringuntur
1249 1791 1262 1811 ‚
1310 1772 1357 1802 ut
1399 1756 1448 1800 in
1486 1753 1629 1819 prima
1667 1768 1866 1800 venereae
1902 1747 2140 1813 voluptatis
2176 1765 2286 1812 pro-a

459 1826 660 1873 mulside.

517 1891 643 1938 Solet
671 1904 819 1935 autem
847 1887 1007 1934 vitium
1034 1902 1272 1950 utrumque
1302 1883 1529 1932 emiffiu-iis
1568 1879 1989 1945 conceptaculorum
2023 1875 2287 1924 seminario-

452 1973 554 2003 rum
583 1956 606 2000 a
634 1953 908 2018 gonorrhoea
936 1952 1063 2016 gravi
1081 1986 1093 2004 ,
1125 1950 1336 1996 diuturna
1355 1984 1367 2002 ,
1399 1948 1638 2012 frequente
1673 1945 1859 1996 induci,
1894 1959 2026 2005 atque
2066 1942 2179 1987 adeo
2204 1959 2284 1988 ne-

453 2038 677 2084 quaquam
697 2018 861 2064 mirum
885 2018 943 2063 est
975 2016 1237 2063 alterutrum
1260 2014 1435 2061 seminis
1454 2011 1722 2059 stillicidium
1741 2007 2022 2073 gonorrlioeis
2043 2006 2286 2053 istiusmodi

455 2083 685 2149 superesse.
717 2086 839 2130 Nam
878 2090 938 2127 10.
971 2085 1133 2128 Semen
1153 2080 1437 2144 purulentum
1467 2077 1602 2124 debet
1633 2076 1680 2120 in
1710 2074 1837 2137 gravi
1867 2088 1941 2118 aut
1966 2072 2176 2117 diuturna
2202 2088 2286 2134 go-

456 2149 669 2196 norrhoefi
690 2145 906 2193 emiss'atia
923 2180 934 2198 ,
952 2146 1073 2193 unde
1095 2146 1234 2192 effluit
1253 2179 1265 2197 ‚
1284 2145 1355 2190 vel
1376 2143 1504 2207 copia
1525 2141 1710 2187 dilatare
1731 2173 1743 2191 ‚
1766 2138 1835 2184 vel
1865 2135 2109 2183 acrimonia
2129 2154 2288 2181 corro-

457 2215 565 2261 dere
582 2248 593 2266 ‚
616 2232 663 2259 ac
688 2228 877 2275 utroque
907 2211 1044 2256 modo
1070 2211 1228 2257 eadem
1246 2207 1590 2274 praetermodum
1617 2205 1857 2268 ampliare3
1884 2211 1944 2248 20.
1978 2204 2127 2247 Partes
2146 2235 2157 2252 ,
2188 2201 2288 2263 qui-

456 2279 538 2325 bus
563 2277 778 2325 emissaria
796 2276 953 2323 eadem
983 2276 1252 2338 cinguntur,
1289 2273 1641 2321 inflammatione
1672 2268 1966 2329 adjacentium
1997 2266 2287 2330 prostatarum

459 2348 506 2391 δέ
540 2342 829 2389 vesicularurn
864 2340 1195 2387 seminariarum
1227 2339 1544 2386 tumefaclione
1570 2370 1583 2389 ‚
1615 2334 1932 2395 continuoque
1963 2329 2083 2397 puris
2120 2328 2288 2395 copiosi

456 2408 701 2456 transfluxu
726 2407 933 2453 disti-astae
954 2412 1000 2452 δέ
1021 2406 1233 2469 elongatae
1254 2405 1369 2451 ultra
1394 2420 1579 2454 tonum,
1607 2399 1774 2446 debent
1802 2398 1909 2445 inde
1941 2393 2130 2441 debilius
2157 2393 2290 2440 cons-

457 2474 596 2537 tringi
615 2508 626 2525 ,
657 2489 787 2535 atque
820 2471 933 2517 adeo
961 2469 1173 2517 emissaria
1196 2469 1399 2534 ignavius
1428 2466 1603 2514 occlusa
1637 2463 1815 2512 seminis
1847 2459 2120 2508 stillicidium
2144 2477 2197 2507 ex
2225 2459 2293 2506 le‘-

458 2538 628 2586 vissima
649 2536 865 2603 pressione
890 2535 1150 2599 frequenter
1173 2535 1448 2598 permittere.

522 2609 626 2650 Haec
648 2619 835 2665 utraque
856 2600 982 2646 causa
1001 2600 1212 2646 stillicidii
1245 2599 1423 2646 seminis
1441 2597 1703 2661 plerumque
1725 2592 1905 2638 fovetur
1924 2623 1936 2643 ‚
1965 2604 2059 2634 tum
2083 2587 2196 2633 vitio
2223 2586 2290 2634 se-

460 2668 590 2714 minis
612 2668 739 2732 ipsius
759 2701 770 2718 ‚
787 2665 818 2711 si
835 2665 858 2710 a
880 2683 1057 2712 veneno
1078 2682 1273 2710 venereo
1293 2680 1366 2710 aut
1386 2661 1592 2709 remediis
1615 2656 1883 2722 phlogisticis
1906 2669 2072 2699 tantam
2099 2652 2290 2698 acrimo-

462 2733 581 2780 niam
603 2731 873 2778 contraxerit
890 2764 901 2781 ‚
923 2745 971 2775 ut
1001 2728 1207 2776 vesiculas
1231 2734 1274 2774 &
1300 2729 1507 2792 prostatas
1529 2725 1584 2771 ad
1613 2721 1965 2785 frequentiorem
1988 2723 2032 2764 ὃς
2054 2717 2148 2763 fere
2178 2734 2290 2762 con-

463 2799 632 2844 tinuam
657 2795 977 2861 expressionem
997 2794 1218 2839 irritando
1240 2792 1448 2838 sollicitet
1473 2810 1481 2836 :
1508 2806 1602 2835 tum
1631 2788 1742 2833 vitio
1775 2783 1966 2849 ipsarum
1996 2783 2290 2845 prostatarum

464 2868 508 2909 δέ
528 2861 816 2908 vesicularum
834 2893 845 2911 ‚
874 2858 902 2903 fi
925 2857 1134 2904 diuturna
1155 2864 1200 2904 ὃς
1221 2857 1381 2904 assidua
1406 2851 1607 2920 phlogosi
1625 2850 1786 2898 affec'tae
1818 2848 1983 2894 acutius
2001 2844 2192 2893 sentiant
2208 2878 2220 2897 ‚
2240 2862 2289 2890 ac

464 2926 635 2974 facilius
661 2927 708 2972 in
736 2922 1025 2973 erethismum
1047 2924 1282 2987 adigantur
1301 2957 1313 2975 ‚
1341 2939 1430 2986 quo
1452 2919 1665 2966 colleffiis
1686 2917 1848 2962 humor
1869 2912 1924 2958 ad
1944 2908 2158 2975 egressum
2191 2925 2291 2971 per-

463 2992 603 3057 petim
622 3007 846 3053 urgeatur.
878 2988 947 3035 Sic
969 3003 1126 3034 notum
1140 2990 1196 3035 est
1214 2986 1530 3052 lippitudinem
1547 3017 1560 3037 ,
1575 2999 1669 3047 quae
1689 2982 1713 3027 εὶ
1735 2977 2043 3044 glandularum
2064 2973 2291 3038 palpebras

465 3056 758 3104 ambientium
778 3053 956 3099 laxitate
977 3053 1202 3120 dependet
1219 3087 1233 3105 ,
1261 3052 1316 3098 ab
1343 3049 1602 3099 earumdem
1619 3043 1818 3113 phlogosi
1845 3048 1888 3090 δέ
1909 3039 2106 3087 humoris
2137 3036 2289 3086 lemosi

464 3119 712 3166 acrimonia
735 3137 824 3165 non
843 3117 997 3180 parum
1022 3118 1212 3164 intendi.

518 3191 809 3249 Sysnptomata·
837 3190 896 3227 1⁰·
923 3181 969 3232 Si
1003 3197 1269 3247 perpetuum
1287 3178 1394 3229 adsit
1415 3176 1593 3227 seminis
1611 3173 1882 3225 stillicidium
1899 3202 1914 3225 ,
1930 3182 2171 3231 utcumque
2185 3182 2296 3230 pau-
