2477 3643
688 146 1654 196 Linsn11.CA1‘u'rIII.
1992 167 2047 214 95

289 227 456 275 Frustra
481 226 528 276 in
556 228 829 275 contrarium
860 228 1134 290 objiceretur
1157 229 1276 277 luem
1298 228 1393 294 ipso
1421 229 1665 277 concubitu
1689 230 1928 296 aliquando
1949 249 2058 279 con-

221 292 318 357 cipi
343 290 432 338 line
459 293 619 356 praevizi
646 293 734 339 ulla
760 291 858 340 labe
889 294 934 340 iu
961 293 1171 342 obscaenis
1196 294 1408 359 partibus.
1445 295 1497 341 Id
1521 296 1641 342 enim
1661 296 1752 341 ullo
1774 299 2056 361 experimen-

226 373 274 403 to
293 391 304 408 ,
318 357 441 419 quod
461 374 628 404 certum
651 357 698 403 sit
713 391 725 410 ‚
747 357 1002 406 confirmari
1019 377 1241 424 negamus.
1265 360 1557 406 Meminimus
1573 359 1756 423 quidem
1770 359 1918 423 legisse
1941 362 2055 425 apud

223 422 550 468 Bernardinum
576 423 868 475 Tofinitaiiiiin
886 457 897 475 ‚
932 430 1002 470 De
1022 425 1180 472 Morbo
1204 428 1363 472 Gallico
1383 423 1477 470 Lib.
1502 442 1538 470 z.
1559 439 1650 489 cap.
1675 444 1729 486 ¹3·
1750 423 1855 470 ficut
1877 431 1922 470 <Sc
1948 427 2054 472 alibi

220 485 270 533 in
297 487 383 531 una
409 503 482 533 aut
508 486 644 534 altera
670 486 986 535 observatione
1012 505 1275 553 aegrotantes
1300 488 1412 534 duos
1439 488 1580 535 tresve
1599 523 1612 543 ‚
1640 491 1718 552 qui
1743 488 1954 536 morbum
1982 509 2054 538 ve·

223 568 409 597 nereum
442 552 627 598 localem
656 553 829 599 ‘nullum
862 571 1057 617 unquam
1084 555 1257 620 experti
1287 553 1452 605 essent,
1480 553 1584 600 vera
1617 560 1662 600 ὃς
1692 555 1953 601 confirmata
1985 555 2054 617 sy-

225 615 395 680 philide
421 616 681 663 laboravisse
700 652 711 669 ‚
732 635 862 681 quam
891 618 1072 681 quidem
1092 619 1136 665 in
1165 635 1405 682 aegrotante
1430 620 1662 665 Tomitani
1685 619 1937 666 imbecillitas
1960 625 2055 667 uni·

221 681 343 739 versa
371 685 524 726 viriam
545 720 558 736 ‚
586 684 799 746 praesbrtim
830 686 1052 729 ventriculi
1080 683 1364 744 labefafflatiw
1402 701 1536 748 quam
1567 685 1674 731 vero
1697 685 1744 732 in
1763 684 1938 732 duobus
1960 686 2057 732 aliis

220 745 394 809 pustulae
417 764 495 810 per
520 764 667 793 cutem
690 746 836 811 sparsa:
863 748 1128 794 indicarent.

287 810 377 855 Sed
396 809 488 857 haec
509 829 652 875 neque
665 829 853 858 numero
869 829 1013 876 neque
1034 828 1266 860 momento
1287 827 1407 859 tanta
1427 812 1523 860 sunt
1539 846 1551 865 ‚
1569 828 1618 858 ut
1635 813 1834 861 unanimi
1853 813 2056 864 omnium

224 871 452 921 sententiae
474 875 687 940 refragari
706 878 892 922 valeant.

294 948 354 984 10.
388 941 546 986 forsan
576 958 834 1005 aegtotantes
864 940 956 986 falsi
984 940 1108 993 sunt,
1135 940 1244 986 dum
1273 939 1315 988 se
1342 942 1365 987 a
1395 941 1555 987 morbo
1583 941 1715 988 locali
1744 943 1913 991 vacasse
1939 942 2056 990 affir-

222 1019 426 1057 marunt3
456 1023 600 1069 neque
628 1005 785 1052 desunt
814 1005 1065 1070 probabiles
1093 1007 1255 1051 erroris
1280 1006 1439 1059 causae3
1468 1006 1523 1052 sic
1550 1008 1747 1071 imperiti
1776 1027 1956 1073 porros,
1976 1008 2055 1073 qui

220 1067 377 1115 breves
409 1075 455 1115 δε
483 1089 638 1135 parum
668 1070 794 1116 obvii
821 1072 868 1115 in
900 1072 1018 1133 rugis
1045 1070 1171 1116 fraeni
1200 1071 1367 1123 latent,
1394 1073 1629 1134 ignorare3
1657 1072 1712 1117 sic
1735 1073 1954 1120 ulcuscula
1975 1092 2056 1121 ve-

222 1151 358 1180 nerea
392 1134 467 1181 sed
504 1134 771 1198 benigniora
804 1153 888 1199 pro
920 1135 1075 1183 fusuris
1107 1136 1302 1181 cutaneis
1336 1136 1533 1189 habere3
1569 1135 1625 1181 sic
1661 1136 1852 1185 leviores
1887 1156 2056 1202 gonor-

222 1199 365 1244 rhoeas
383 1233 393 1250 ,
411 1201 611 1262 quamvis
642 1218 852 1246 venereas
868 1233 879 1250 ‚
899 1216 1056 1263 potatae
1079 1199 1294 1246 cerevisiae
1314 1234 1326 1250 ‚
1345 1202 1642 1264 equitationi,
1662 1218 1735 1246 aut
1759 1204 1900 1250 nimio
1923 1222 2056 1251 venem

220 1265 277 1308 ris
310 1263 405 1309 usui
434 1263 684 1310 adscribere
716 1282 808 1310 non
837 1265 974 1310 modo
1006 1263 1209 1329 poliunt,
1240 1263 1314 1310 sed
1349 1268 1481 1311 etiam
1514 1264 1863 1328 frequentiffime
1895 1268 2054 1315 solent.

220 1329 392 1373 Multos
420 1326 519 1373 sane
552 1330 747 1392 reperire
774 1328 880 1374 effer
908 1329 1098 1376 venerea
1125 1329 1194 1376 lue
1224 1329 1313 1375 fine
1343 1331 1512 1395 praeviis
1545 1330 1715 1376 morbis
1744 1332 1956 1380 localibus
1987 1334 2057 1379 in-

213 1391 357 1438 festos
376 1426 387 1443 ‚
416 1390 446 1437 si
476 1394 636 1458 ineptis
656 1395 995 1457 inexpertorum
1024 1393 1352 1441 narrationibus
1373 1412 1446 1442 aut
1466 1395 1729 1460 praejudiciis
1757 1400 1923 1445 temere
1948 1398 2059 1445 fides

220 1457 525 1503 adhiberetur.

281 1530 344 1567 20.
378 1521 537 1568 Forsan
561 1521 652 1567 falsi
673 1521 771 1568 sunt
791 1522 1104 1570 observatores
1127 1522 1298 1588 ipsimet
1319 1557 1331 1576 ‚
1362 1523 1469 1569 dum
1489 1539 1678 1586 :egrotos
1706 1524 1806 1571 illos
1833 1525 1904 1572 lue
1930 1525 2058 1572 labo-

217 1604 317 1633 tare
340 1587 607 1648 judicarunt.
647 1591 801 1633 Unum
821 1588 989 1634 tantum
1002 1587 1170 1651 signum
1187 1604 1405 1636 memorat
1429 1590 1722 1642 Tomitanus,
1747 1590 1912 1637 scilicet
1932 1592 2057 1638 imbe-

220 1653 430 1697 cillitatem
448 1656 603 1697 virium
617 1651 667 1697 <⁷9²⁴
682 1657 902 1699 ventriculi
920 1653 1262 1711 labefaflationem
1279 1674 1293 1697 .·
1308 1654 1475 1700 Pariter
1492 1653 1770 1701 Observator
1789 1655 1897 1702 alter
1918 1674 2056 1704 unum

225 1716 397 1762 tantum
430 1715 568 1762 refert
589 1750 601 1768 ‚
629 1715 806 1781 pustulas
839 1718 1051 1764 videlicet
1075 1731 1149 1781 per
1179 1733 1303 1764 ciuem
1325 1719 1518 1782 sparsam
1557 1718 1631 1764 sed
1664 1719 1881 1767 horumce
1909 1720 2057 1784 signo-

226 1797 324 1825 rum
355 1797 561 1827 neutrum
587 1781 793 1844 syphilidi
823 1781 1171 1829 demonstrandae
1193 1780 1366 1827 sufficit.
1404 1787 1567 1828 Virtam
1591 1783 1711 1830 enim
1730 1785 1982 1831 imbecillitas
2002 1787 2055 1834 (θ’

223 1845 482 1905 labefac‘latio
494 1847 714 1891 ventriculi
732 1885 745 1899 ,
765 1845 891 1892 siluis
906 1864 1105 1893 venereae
1121 1845 1239 1909 signa
1260 1847 1341 1893 sint
1356 1880 1368 1900 ‚
1398 1846 1514 1910 signa
1532 1846 1629 1892 sunt
1651 1849 1780 1895 valde
1797 1851 2024 1914 aequivoca
2039 1886 2053 1905 ‚

232 1926 365 1973 atque
380 1909 493 1957 adeo
507 1910 636 1971 valde
658 1910 826 1956 incerta
845 1930 854 1956 ε
876 1911 1040 1968 Pnstulae
1059 1911 1166 1957 vero
1189 1917 1287 1958 cutis
1301 1912 1460 1958 certius
1476 1912 1659 1975 quidem
1674 1915 1792 1960 luem
1818 1915 2023 1962 indicant
2041 1951 2055 1969 ,

228 1973 259 2019 si
279 1992 478 2021 venereae
497 1974 578 2020 sint
597 2009 610 2027 ,
642 1991 684 2020 at
703 1976 871 2039 pustulae
889 1993 1044 2022 omnes
1071 1994 1270 2023 venereae
1296 1994 1388 2022 non
1419 1975 1518 2021 sunt
1537 2010 1549 2029 ‚
1582 1983 1628 2023 δέ
1657 1979 1704 2024 in
1736 1980 2057 2043 distinguendis

222 2040 398 2104 pustulis
417 2073 429 2090 ,
466 2057 559 2103 quae
587 2039 610 2085 a
642 2038 829 2086 seminio
864 2058 1059 2086 venereo
1096 2039 1207 2086 fiunt
1228 2075 1240 2093 ‚
1260 2041 1378 2087 haud
1411 2059 1558 2087 rarum
1584 2044 1645 2088 est
1670 2042 1821 2090 fucum
1855 2045 1952 2092 fieri
1982 2047 2056 2093 vel

216 2104 533 2150 oculatiffimis.
573 2105 683 2150 Sane
705 2139 716 2157 ,
748 2121 795 2150 ut
824 2104 965 2152 libere
997 2105 1174 2158 dicam,
1207 2111 1252 2152 δε
1286 2107 1410 2172 plura
1443 2112 1489 2152 ὃς
1523 2108 1716 2154 certiora
1744 2108 1863 2172 signa
1892 2129 2056 2174 expec-

220 2169 357 2215 ‘tanda
376 2168 499 2215 fuisse
520 2169 778 2216 viderentur
797 2169 844 2214 in
866 2187 912 2216 re
929 2187 1017 2216 tam
1035 2171 1217 2234 anticipi
1234 2177 1279 2217 &
1297 2188 1385 2217 tam
1401 2170 1517 2217 nova
1532 2205 1544 2224 ‚
1565 2173 1804 2237 praesertim
1825 2179 1945 2238 cujus
1968 2176 2057 2222 ob-²

221 2233 525 2280 servationem
547 2233 712 2298 publici
733 2235 838 2295 juris
858 2234 1005 2281 facere
1025 2235 1256 2281 consilium
1279 2234 1398 2282 effet.

293 2308 351 2359 30.
391 2303 557 2344 Demus
588 2314 737 2345 tamen
767 2317 860 2345 reni
887 2301 932 2345 in
959 2301 1042 2345 illis
1070 2299 1384 2363 aegrotantibus
1416 2300 1456 2346 se
1486 2299 1684 2348 habuisse
1702 2336 1714 2354 ‚
1744 2318 1792 2348 ut
1820 2321 2054 2360 narratur,

217 2364 347 2426 quod
371 2362 467 2408 sane
490 2363 677 2407 nimium
698 2364 977 2427 nimiumque
996 2367 1069 2409 est.
1110 2365 1235 2423 Quid
1256 2382 1348 2410 tum
1368 2378 1381 2410 “r
1427 2369 1565 2411 Luem
1589 2382 1827 2413 veneream
1852 2370 2055 2431 aliquan-

226 2429 286 2472 do
314 2426 465 2473 forsan
491 2426 608 2491 posse
629 2429 832 2473 contrahi
851 2427 938 2475 fine
959 2431 1214 2492 praenunciis
1237 2431 1334 2476 ullis
1355 2431 1523 2476 morbis
1545 2431 1774 2477 localibus.
1814 2436 1926 2479 Esto.
1964 2436 2054 2482 Sed

227 2491 352 2537 simul
381 2491 497 2537 ultro
522 2491 828 2538 confitendum
855 2496 914 2539 est
943 2494 990 2539 id
1012 2493 1043 2539 si
1060 2513 1215 2540 verum
1235 2494 1285 2540 sit
1301 2529 1312 2547 ‚
1345 2511 1432 2540 tam
1463 2513 1562 2541 raro
1589 2495 1667 2541 usu
1692 2497 1846 2544 venire
1870 2533 1882 2551 ‚
1911 2515 1959 2545 ut
1978 2501 2052 2546 vii<

225 2556 341 2602 inter
369 2573 506 2618 aegros
540 2557 684 2609 mille,
710 2558 818 2620 quid
840 2559 944 2604 aio?
982 2560 1067 2605 Vix
1104 2560 1219 2605 inter
1249 2559 1405 2606 decem
1432 2559 1552 2606 mille
1578 2577 1714 2608 unum
1743 2579 1978 2611 numerare
2000 2565 2053 2611 lie

224 2637 352 2673 ceat,
387 2638 521 2684 quem
553 2620 641 2666 lues
675 2639 729 2668 eo
763 2624 886 2686 pacto
915 2641 992 2687 per
1028 2623 1185 2669 saltum
1218 2623 1439 2671 infecerit.
1491 2628 1665 2687 Ergone
1695 2644 1783 2672 una
1817 2645 1889 2674 aut
1919 2629 2054 2677 altera

222 2685 473 2731 observatio
495 2720 506 2738 ‚
535 2684 697 2738 dubia,
722 2687 920 2740 incerta,
949 2686 1081 2734 fallax
1102 2729 1113 2743 ‚
1140 2702 1239 2752 ‘quae
1259 2687 1288 2734 fi
1315 2707 1422 2736 vera
1449 2688 1498 2734 sit
1528 2689 1737 2736 rarissima
1764 2694 1848 2746 est,
1868 2693 1913 2738 in
1946 2712 2052 2741 nor-

225 2768 342 2795 mam
360 2751 498 2795 statim
519 2749 705 2796 ducetur
729 2764 740 2797 Ξ
777 2755 1050 2814 Neutiquam
1072 2750 1171 2799 sane
1190 2761 1200 2799 Ξ,
1233 2753 1309 2800 sed
1329 2755 1443 2800 notis
1465 2760 1510 2799 δέ
1531 2756 1655 2800 omni
1674 2759 1936 2821 exceptione
1956 2778 2052 2804 ma-

226 2814 395 2873 joribus
426 2814 586 2877 regulis
613 2813 890 2862 insistendum
919 2818 1009 2869 est3
1043 2824 1088 2864 δε
1113 2819 1283 2864 idcirco
1311 2819 1368 2865 de
1404 2819 1474 2865 lue
1503 2820 1693 2866 venerea
1722 2823 1897 2874 Quoties
1926 2841 2051 2869 mor-

222 2878 270 2924 bi
297 2879 458 2927 locales
489 2878 757 2942 prceluserint
777 2915 789 2931 ‚
823 2899 876 2926 ex
906 2881 1150 2928 levioribus
1177 2883 1360 2945 quidem
1389 2882 1517 2945 signis
1548 2878 1833 2943 judicandum
1864 2888 1923 2932 est
1954 2905 1963 2932 ι
2005 2887 2052 2935 Si

2145 253 2334 305 Explican-

2105 316 2163 342 tut
2188 307 2334 345 obst-r-

2103 359 2267 396 vationes
2280 387 2292 404 ,

2102 423 2183 461 quae
2197 410 2231 447 in
2248 424 2336 449 con·

2102 463 2252 500 uarium
2266 476 2335 516 op-

2101 515 2182 571 poni
2206 515 2295 567 pos-

2103 571 2197 604 lunt.

223 2943 331 2990 vero
348 2943 456 2987 nulli
475 2942 765 3006 praecelserint
782 2978 793 2996 ,
822 2947 1003 3007 neganti
1029 2948 1233 3011 opinioni
1253 2947 1638 2994 adhaerestendum
1660 2951 1719 2995 est
1738 2983 1751 3002 ‚
1770 2951 1840 2997 vel
1861 2951 1914 2996 ad
1935 2951 2053 2998 sum·
2102 2989 2108 2997 t

224 3022 348 3055 mum
377 3007 500 3070 quod
528 3008 668 3071 reipsa
698 3009 858 3054 eodem
879 3009 1038 3055 recidit
1056 3045 1068 3063 ‚
1089 3010 1303 3072 judicium
1335 3013 1459 3057 caute
1488 3012 1792 3060 cohibendum
1811 3049 1822 3068 ,
1856 3015 1963 3061 dum
1993 3015 2049 3062 si-

225 3090 314 3136 gna
343 3072 753 3181 patllliognomonica
772 3073 898 3137 plura
916 3107 930 3126 ,
960 3076 1165 3138 urgentia
1184 3109 1197 3129 ,
1227 3091 1350 3122 certo
1373 3077 1566 3123 certiora
1595 3094 1689 3125 rem
1717 3080 1763 3126 in
1792 3079 2054 3146 apertissima

231 3140 328 3186 luce
352 3155 405 3182 co
442 3153 588 3182 ocent.
1202 3142 1214 3166 ⁸

303 3201 497 3249 Proinde
519 3201 649 3249 facile
677 3201 888 3251 condono
910 3235 925 3258 ‚
944 3219 992 3251 ut
1018 3204 1076 3253 de
1105 3204 1210 3253 fausti
1235 3205 1424 3255 veritate
1446 3206 1627 3257 ulterius
1653 3213 1914 3274 anquiramr.
1952 3215 2053 3268 Ne«,
