<?xml version="1.0" encoding="UTF-8"?>
<!DOCTYPE html PUBLIC "-//W3C//DTD XHTML 1.0 Transitional//EN"
    "http://www.w3.org/TR/xhtml1/DTD/xhtml1-transitional.dtd">
<html xmlns="http://www.w3.org/1999/xhtml" xml:lang="en" lang="en">
 <head>
  <title>
</title>
<meta http-equiv="Content-Type" content="text/html;charset=utf-8" />
  <meta name='ocr-system' content='tesseract 3.04.00' />
  <meta name='ocr-capabilities' content='ocr_page ocr_carea ocr_par ocr_line ocrx_word'/>
</head>
<body>
  <div class='ocr_page' id='page_1' title='image "./demorbisvenereis00astr_0421.png"; bbox 0 0 2477 3643; ppageno 0'>
   <div class='ocr_carea' id='block_1_1' title="bbox 708 128 2022 200">
    <p class='ocr_par' dir='ltr' id='par_1_1' title="bbox 708 128 2022 200">
     <span class='ocr_line' id='line_1_1' title="bbox 708 128 2022 200; baseline 0.005 -25"><span class='ocrx_word' id='word_1_1' title='bbox 708 128 1144 176; x_wconf 65' lang='lat' dir='ltr'>an-znlv.</span> <span class='ocrx_word' id='word_1_2' title='bbox 1215 128 1492 176; x_wconf 70' lang='lat' dir='ltr'>CAPUT</span> <span class='ocrx_word' id='word_1_3' title='bbox 1556 131 1614 175; x_wconf 87' lang='lat' dir='ltr'>X.</span> <span class='ocrx_word' id='word_1_4' title='bbox 1924 138 2022 200; x_wconf 76' lang='lat'>&#39;385‘</span> 
     </span>
    </p>
   </div>
   <div class='ocr_carea' id='block_1_2' title="bbox 183 208 2018 730">
    <p class='ocr_par' dir='ltr' id='par_1_2' title="bbox 184 208 2018 468">
     <span class='ocr_line' id='line_1_2' title="bbox 184 208 2018 277; baseline 0.002 -20"><span class='ocrx_word' id='word_1_5' title='bbox 184 210 391 277; x_wconf 74' lang='lat' dir='ltr'>‘peratione</span> <span class='ocrx_word' id='word_1_6' title='bbox 418 208 466 269; x_wconf 80' lang='lat' dir='ltr'>est</span> <span class='ocrx_word' id='word_1_7' title='bbox 485 248 498 264; x_wconf 89' lang='lat'><em>,</em></span> <span class='ocrx_word' id='word_1_8' title='bbox 528 210 711 257; x_wconf 73' lang='lat' dir='ltr'>indicare</span> <span class='ocrx_word' id='word_1_9' title='bbox 735 211 956 271; x_wconf 78' lang='lat' dir='ltr'>neceffariis</span> <span class='ocrx_word' id='word_1_10' title='bbox 979 215 1246 276; x_wconf 77' lang='lat' dir='ltr'>periclitantis</span> <span class='ocrx_word' id='word_1_11' title='bbox 1280 214 1321 256; x_wconf 85' lang='lat' dir='ltr'>in</span> <span class='ocrx_word' id='word_1_12' title='bbox 1349 212 1506 272; x_wconf 79' lang='lat' dir='ltr'>dtfficili</span> <span class='ocrx_word' id='word_1_13' title='bbox 1534 229 1614 257; x_wconf 84' lang='lat' dir='ltr'>rem</span> <span class='ocrx_word' id='word_1_14' title='bbox 1643 211 1711 272; x_wconf 75' lang='lat' dir='ltr'>effe</span> <span class='ocrx_word' id='word_1_15' title='bbox 1732 249 1747 265; x_wconf 81' lang='lat'><em>,</em></span> <span class='ocrx_word' id='word_1_16' title='bbox 1778 227 1826 257; x_wconf 79' lang='lat' dir='ltr'>ne</span> <span class='ocrx_word' id='word_1_17' title='bbox 1843 217 1888 274; x_wconf 88' lang='lat' dir='ltr'><em>st</em></span> <span class='ocrx_word' id='word_1_18' title='bbox 1902 220 2018 264; x_wconf 56' lang='lat' dir='ltr'>vista</span> 
     </span>
     <span class='ocr_line' id='line_1_3' title="bbox 189 275 2016 338; baseline 0.003 -16"><span class='ocrx_word' id='word_1_19' title='bbox 189 293 258 323; x_wconf 79' lang='lat' dir='ltr'>ars</span> <span class='ocrx_word' id='word_1_20' title='bbox 278 277 381 320; x_wconf 82' lang='lat' dir='ltr'>malo</span> <span class='ocrx_word' id='word_1_21' title='bbox 411 275 534 333; x_wconf 69' lang='lat' dir='ltr'>fiterit</span> <span class='ocrx_word' id='word_1_22' title='bbox 555 313 569 328; x_wconf 84' lang='lat'><em>‚</em></span> <span class='ocrx_word' id='word_1_23' title='bbox 589 277 658 320; x_wconf 82' lang='lat' dir='ltr'>vel</span> <span class='ocrx_word' id='word_1_24' title='bbox 694 277 884 337; x_wconf 66' lang='lat' dir='ltr'>ignor-affl»</span> <span class='ocrx_word' id='word_1_25' title='bbox 913 281 982 321; x_wconf 86' lang='lat' dir='ltr'>vel</span> <span class='ocrx_word' id='word_1_26' title='bbox 1003 278 1182 338; x_wconf 73' lang='lat' dir='ltr'>ftfhllsffe</span> <span class='ocrx_word' id='word_1_27' title='bbox 1203 278 1409 322; x_wconf 71' lang='lat' dir='ltr'>videatur.</span> <span class='ocrx_word' id='word_1_28' title='bbox 1441 279 1557 330; x_wconf 79' lang='lat' dir='ltr'>Sed,</span> <span class='ocrx_word' id='word_1_29' title='bbox 1590 277 1704 322; x_wconf 56' lang='lat' dir='ltr'>redte</span> <span class='ocrx_word' id='word_1_30' title='bbox 1732 275 1880 322; x_wconf 90' lang='lat' dir='ltr'>subdit</span> <span class='ocrx_word' id='word_1_31' title='bbox 1909 280 2016 336; x_wconf 89' lang='lat' dir='ltr'>ille,</span> 
     </span>
     <span class='ocr_line' id='line_1_4' title="bbox 191 339 2017 407; baseline 0.003 -22"><span class='ocrx_word' id='word_1_32' title='bbox 191 355 236 386; x_wconf 79' lang='lat' dir='ltr'>ut</span> <span class='ocrx_word' id='word_1_33' title='bbox 253 339 331 385; x_wconf 84' lang='lat' dir='ltr'>haec</span> <span class='ocrx_word' id='word_1_34' title='bbox 353 340 542 403; x_wconf 83' lang='lat' dir='ltr'><em>prudenti</em></span> <span class='ocrx_word' id='word_1_35' title='bbox 560 344 652 384; x_wconf 84' lang='lat' dir='ltr'>viro</span> <span class='ocrx_word' id='word_1_36' title='bbox 671 346 910 386; x_wconf 75' lang='lat' dir='ltr'>conveniunt</span> <span class='ocrx_word' id='word_1_37' title='bbox 929 379 943 394; x_wconf 90' lang='lat'><em>‚</em></span> <span class='ocrx_word' id='word_1_38' title='bbox 959 343 1022 402; x_wconf 84' lang='lat' dir='ltr'>stc</span> <span class='ocrx_word' id='word_1_39' title='bbox 1047 343 1182 403; x_wconf 74' lang='lat' dir='ltr'>rttrfhs</span> <span class='ocrx_word' id='word_1_40' title='bbox 1203 342 1399 402; x_wconf 71' lang='lat' dir='ltr'>histrionis</span> <span class='ocrx_word' id='word_1_41' title='bbox 1422 340 1471 400; x_wconf 83' lang='lat' dir='ltr'>est</span> <span class='ocrx_word' id='word_1_42' title='bbox 1482 356 1664 407; x_wconf 78' lang='lat' dir='ltr'>parvam</span> <span class='ocrx_word' id='word_1_43' title='bbox 1693 358 1774 386; x_wconf 84' lang='lat' dir='ltr'>rem</span> <span class='ocrx_word' id='word_1_44' title='bbox 1803 346 1981 390; x_wconf 78' lang='lat' dir='ltr'><em>attollere</em></span> <span class='ocrx_word' id='word_1_45' title='bbox 2001 384 2017 402; x_wconf 80' lang='lat'><em>,</em></span> 
     </span>
     <span class='ocr_line' id='line_1_5' title="bbox 193 403 842 468; baseline 0 -19"><span class='ocrx_word' id='word_1_46' title='bbox 193 403 271 468; x_wconf 64' lang='lat' dir='ltr'>quc)</span> <span class='ocrx_word' id='word_1_47' title='bbox 295 406 387 467; x_wconf 71' lang='lat' dir='ltr'>plus</span> <span class='ocrx_word' id='word_1_48' title='bbox 401 403 613 468; x_wconf 62' lang='lat' dir='ltr'>praestitiffi’</span> <span class='ocrx_word' id='word_1_49' title='bbox 632 406 842 450; x_wconf 75' lang='lat' dir='ltr'>videatur.</span> 
     </span>
    </p>

    <p class='ocr_par' dir='ltr' id='par_1_3' title="bbox 183 468 2016 730">
     <span class='ocr_line' id='line_1_6' title="bbox 252 468 2016 535; baseline 0.002 -22"><span class='ocrx_word' id='word_1_50' title='bbox 252 468 476 514; x_wconf 75' lang='lat' dir='ltr'>Caeterum</span> <span class='ocrx_word' id='word_1_51' title='bbox 508 470 555 513; x_wconf 87' lang='lat' dir='ltr'>in</span> <span class='ocrx_word' id='word_1_52' title='bbox 577 470 836 515; x_wconf 80' lang='lat' dir='ltr'>enarrandis</span> <span class='ocrx_word' id='word_1_53' title='bbox 867 469 1174 516; x_wconf 67' lang='lat' dir='ltr'>affeffionibus</span> <span class='ocrx_word' id='word_1_54' title='bbox 1204 469 1289 515; x_wconf 88' lang='lat' dir='ltr'>illis</span> <span class='ocrx_word' id='word_1_55' title='bbox 1320 485 1413 516; x_wconf 91' lang='lat' dir='ltr'>tum</span> <span class='ocrx_word' id='word_1_56' title='bbox 1450 469 1608 535; x_wconf 85' lang='lat' dir='ltr'>prioris</span> <span class='ocrx_word' id='word_1_57' title='bbox 1640 485 1733 516; x_wconf 86' lang='lat' dir='ltr'>tum</span> <span class='ocrx_word' id='word_1_58' title='bbox 1766 471 2016 532; x_wconf 87' lang='lat' dir='ltr'>posterioris</span> 
     </span>
     <span class='ocr_line' id='line_1_7' title="bbox 188 533 2015 598; baseline 0.002 -20"><span class='ocrx_word' id='word_1_59' title='bbox 188 533 393 594; x_wconf 76' lang='lat' dir='ltr'>generis,</span> <span class='ocrx_word' id='word_1_60' title='bbox 423 549 519 596; x_wconf 86' lang='lat' dir='ltr'>quae</span> <span class='ocrx_word' id='word_1_61' title='bbox 549 535 641 596; x_wconf 90' lang='lat' dir='ltr'>post</span> <span class='ocrx_word' id='word_1_62' title='bbox 664 534 1024 598; x_wconf 81' lang='lat' dir='ltr'>hydrargyrolim</span> <span class='ocrx_word' id='word_1_63' title='bbox 1057 534 1302 597; x_wconf 77' lang='lat' dir='ltr'>legitimam</span> <span class='ocrx_word' id='word_1_64' title='bbox 1335 535 1512 598; x_wconf 81' lang='lat' dir='ltr'>reliquae</span> <span class='ocrx_word' id='word_1_65' title='bbox 1536 535 1677 581; x_wconf 89' lang='lat' dir='ltr'>solent</span> <span class='ocrx_word' id='word_1_66' title='bbox 1707 534 1791 581; x_wconf 74' lang='lat' dir='ltr'>elle</span> <span class='ocrx_word' id='word_1_67' title='bbox 1809 568 1822 587; x_wconf 87' lang='lat'><strong>,</strong></span> <span class='ocrx_word' id='word_1_68' title='bbox 1851 536 2015 583; x_wconf 78' lang='lat' dir='ltr'>ordine</span> 
     </span>
     <span class='ocr_line' id='line_1_8' title="bbox 185 594 2013 665; baseline 0.002 -23"><span class='ocrx_word' id='word_1_69' title='bbox 185 594 373 659; x_wconf 83' lang='lat' dir='ltr'>fingulas</span> <span class='ocrx_word' id='word_1_70' title='bbox 401 596 464 642; x_wconf 87' lang='lat' dir='ltr'>ita</span> <span class='ocrx_word' id='word_1_71' title='bbox 485 597 794 662; x_wconf 79' lang='lat' dir='ltr'>persequemur</span> <span class='ocrx_word' id='word_1_72' title='bbox 816 606 859 646; x_wconf 63' lang='grc' dir='ltr'>ὃς</span> <span class='ocrx_word' id='word_1_73' title='bbox 880 601 925 644; x_wconf 90' lang='lat' dir='ltr'>in</span> <span class='ocrx_word' id='word_1_74' title='bbox 945 600 1024 644; x_wconf 86' lang='lat' dir='ltr'>isto</span> <span class='ocrx_word' id='word_1_75' title='bbox 1046 605 1089 645; x_wconf 69' lang='grc' dir='ltr'>ὃ(</span> <span class='ocrx_word' id='word_1_76' title='bbox 1111 601 1156 644; x_wconf 90' lang='lat' dir='ltr'>in</span> <span class='ocrx_word' id='word_1_77' title='bbox 1178 598 1388 662; x_wconf 89' lang='lat' dir='ltr'>sequente</span> <span class='ocrx_word' id='word_1_78' title='bbox 1415 599 1574 663; x_wconf 85' lang='lat' dir='ltr'>Capite</span> <span class='ocrx_word' id='word_1_79' title='bbox 1592 633 1605 651; x_wconf 87' lang='lat'>‚</span> <span class='ocrx_word' id='word_1_80' title='bbox 1633 616 1679 645; x_wconf 91' lang='lat' dir='ltr'>ut</span> <span class='ocrx_word' id='word_1_81' title='bbox 1705 598 1900 664; x_wconf 71' lang='lat' dir='ltr'>primum</span> <span class='ocrx_word' id='word_1_82' title='bbox 1919 618 2013 665; x_wconf 83' lang='lat' dir='ltr'>quae</span> 
     </span>
     <span class='ocr_line' id='line_1_9' title="bbox 183 659 1759 730; baseline 0.003 -24"><span class='ocrx_word' id='word_1_83' title='bbox 183 659 463 726; x_wconf 75' lang='lat' dir='ltr'>frequentius</span> <span class='ocrx_word' id='word_1_84' title='bbox 483 695 496 716; x_wconf 87' lang='lat'>,</span> <span class='ocrx_word' id='word_1_85' title='bbox 524 662 734 730; x_wconf 82' lang='lat' dir='ltr'>deinceps</span> <span class='ocrx_word' id='word_1_86' title='bbox 762 666 871 713; x_wconf 72' lang='lat' dir='ltr'>verb</span> <span class='ocrx_word' id='word_1_87' title='bbox 897 664 1207 712; x_wconf 82' lang='lat' dir='ltr'>recenseantur</span> <span class='ocrx_word' id='word_1_88' title='bbox 1233 682 1328 727; x_wconf 77' lang='lat' dir='ltr'>quoe</span> <span class='ocrx_word' id='word_1_89' title='bbox 1350 664 1485 711; x_wconf 80' lang='lat' dir='ltr'>rarius</span> <span class='ocrx_word' id='word_1_90' title='bbox 1506 682 1759 712; x_wconf 83' lang='lat' dir='ltr'>occurrunt.</span> 
     </span>
    </p>
   </div>
   <div class='ocr_carea' id='block_1_3' title="bbox 709 794 1481 853">
    <p class='ocr_par' dir='ltr' id='par_1_4' title="bbox 709 794 1481 853">
     <span class='ocr_line' id='line_1_10' title="bbox 709 794 1481 853; baseline 0.001 -14"><span class='ocrx_word' id='word_1_91' title='bbox 709 803 747 853; x_wconf 79' lang='lat'>§-</span> <span class='ocrx_word' id='word_1_92' title='bbox 782 798 814 839; x_wconf 89' lang='lat'>1.</span> <span class='ocrx_word' id='word_1_93' title='bbox 879 794 1481 841; x_wconf 77' lang='lat' dir='ltr'>GONORRHOEA.</span> 
     </span>
    </p>
   </div>
   <div class='ocr_carea' id='block_1_4' title="bbox 148 919 2006 3192">
    <p class='ocr_par' dir='ltr' id='par_1_5' title="bbox 170 919 2006 1442">
     <span class='ocr_line' id='line_1_11' title="bbox 237 919 2004 987; baseline 0.002 -19"><span class='ocrx_word' id='word_1_94' title='bbox 237 926 271 968; x_wconf 86' lang='lat'>1.</span> <span class='ocrx_word' id='word_1_95' title='bbox 300 922 582 970; x_wconf 66' lang='lat' dir='ltr'>Gonorrlioea</span> <span class='ocrx_word' id='word_1_96' title='bbox 598 956 610 976; x_wconf 87' lang='lat'>,</span> <span class='ocrx_word' id='word_1_97' title='bbox 642 919 729 969; x_wconf 85' lang='lat' dir='ltr'>sive</span> <span class='ocrx_word' id='word_1_98' title='bbox 752 922 1002 987; x_wconf 85' lang='lat' dir='ltr'>phlogodes</span> <span class='ocrx_word' id='word_1_99' title='bbox 1024 921 1160 971; x_wconf 87' lang='lat' dir='ltr'>fuerit</span> <span class='ocrx_word' id='word_1_100' title='bbox 1180 929 1226 970; x_wconf 87' lang='lat'>&amp;</span> <span class='ocrx_word' id='word_1_101' title='bbox 1252 940 1429 971; x_wconf 89' lang='lat' dir='ltr'>recente</span> <span class='ocrx_word' id='word_1_102' title='bbox 1456 923 1729 985; x_wconf 78' lang='lat' dir='ltr'>contagione</span> <span class='ocrx_word' id='word_1_103' title='bbox 1751 925 1973 972; x_wconf 68' lang='lat' dir='ltr'>contra&amp;a</span> <span class='ocrx_word' id='word_1_104' title='bbox 1988 958 2004 979; x_wconf 91' lang='lat'>‚</span> 
     </span>
     <span class='ocr_line' id='line_1_12' title="bbox 178 985 2006 1053; baseline 0.002 -21"><span class='ocrx_word' id='word_1_105' title='bbox 178 985 268 1034; x_wconf 85' lang='lat' dir='ltr'>five</span> <span class='ocrx_word' id='word_1_106' title='bbox 287 989 536 1035; x_wconf 79' lang='lat' dir='ltr'>inveterata</span> <span class='ocrx_word' id='word_1_107' title='bbox 556 995 600 1035; x_wconf 71' lang='grc' dir='ltr'>δε</span> <span class='ocrx_word' id='word_1_108' title='bbox 619 989 664 1033; x_wconf 88' lang='lat' dir='ltr'>in</span> <span class='ocrx_word' id='word_1_109' title='bbox 685 988 909 1034; x_wconf 83' lang='lat' dir='ltr'>habituale</span> <span class='ocrx_word' id='word_1_110' title='bbox 927 987 1102 1034; x_wconf 88' lang='lat' dir='ltr'>seminis</span> <span class='ocrx_word' id='word_1_111' title='bbox 1121 988 1392 1052; x_wconf 83' lang='lat' dir='ltr'>profluvium</span> <span class='ocrx_word' id='word_1_112' title='bbox 1410 993 1496 1049; x_wconf 75' lang='lat' dir='ltr'>jam</span> <span class='ocrx_word' id='word_1_113' title='bbox 1515 989 1713 1052; x_wconf 76' lang='lat' dir='ltr'>degener</span> <span class='ocrx_word' id='word_1_114' title='bbox 1731 1022 1743 1041; x_wconf 86' lang='lat'>,</span> <span class='ocrx_word' id='word_1_115' title='bbox 1762 988 2006 1053; x_wconf 83' lang='lat' dir='ltr'>hydrargy-</span> 
     </span>
     <span class='ocr_line' id='line_1_13' title="bbox 178 1043 2002 1118; baseline 0.001 -21"><span class='ocrx_word' id='word_1_116' title='bbox 178 1052 264 1097; x_wconf 74' lang='lat' dir='ltr'>rofi</span> <span class='ocrx_word' id='word_1_117' title='bbox 296 1043 432 1100; x_wconf 74' lang='lat' dir='ltr'>etiam</span> <span class='ocrx_word' id='word_1_118' title='bbox 463 1053 669 1116; x_wconf 85' lang='lat' dir='ltr'>legitimae</span> <span class='ocrx_word' id='word_1_119' title='bbox 703 1053 965 1117; x_wconf 87' lang='lat' dir='ltr'>plerumque</span> <span class='ocrx_word' id='word_1_120' title='bbox 993 1053 1207 1118; x_wconf 79' lang='lat' dir='ltr'>superesse</span> <span class='ocrx_word' id='word_1_121' title='bbox 1235 1053 1346 1104; x_wconf 82' lang='lat' dir='ltr'>solet</span> <span class='ocrx_word' id='word_1_122' title='bbox 1371 1087 1384 1106; x_wconf 90' lang='lat'>‚</span> <span class='ocrx_word' id='word_1_123' title='bbox 1418 1070 1507 1099; x_wconf 86' lang='lat' dir='ltr'>non</span> <span class='ocrx_word' id='word_1_124' title='bbox 1545 1053 1728 1115; x_wconf 88' lang='lat' dir='ltr'>quidem</span> <span class='ocrx_word' id='word_1_125' title='bbox 1752 1054 2002 1108; x_wconf 81' lang='lat' dir='ltr'>virulenta,</span> 
     </span>
     <span class='ocr_line' id='line_1_14' title="bbox 177 1116 2002 1181; baseline 0.003 -20"><span class='ocrx_word' id='word_1_126' title='bbox 177 1117 317 1178; x_wconf 83' lang='lat' dir='ltr'>qualis</span> <span class='ocrx_word' id='word_1_127' title='bbox 336 1118 423 1164; x_wconf 87' lang='lat' dir='ltr'>fuit</span> <span class='ocrx_word' id='word_1_128' title='bbox 445 1134 544 1164; x_wconf 88' lang='lat' dir='ltr'>ante</span> <span class='ocrx_word' id='word_1_129' title='bbox 576 1118 885 1165; x_wconf 72' lang='lat' dir='ltr'>inunc&#39;tionum</span> <span class='ocrx_word' id='word_1_130' title='bbox 906 1116 1028 1163; x_wconf 85' lang='lat' dir='ltr'>usum</span> <span class='ocrx_word' id='word_1_131' title='bbox 1048 1152 1061 1170; x_wconf 88' lang='lat'>‚</span> <span class='ocrx_word' id='word_1_132' title='bbox 1081 1118 1155 1164; x_wconf 88' lang='lat' dir='ltr'>sed</span> <span class='ocrx_word' id='word_1_133' title='bbox 1183 1118 1361 1181; x_wconf 78' lang='lat' dir='ltr'>simplex</span> <span class='ocrx_word' id='word_1_134' title='bbox 1381 1152 1393 1170; x_wconf 83' lang='lat'>‚</span> <span class='ocrx_word' id='word_1_135' title='bbox 1420 1134 1554 1180; x_wconf 92' lang='lat' dir='ltr'>quam</span> <span class='ocrx_word' id='word_1_136' title='bbox 1585 1118 1705 1163; x_wconf 87' lang='lat' dir='ltr'>virus</span> <span class='ocrx_word' id='word_1_137' title='bbox 1724 1117 1894 1164; x_wconf 87' lang='lat' dir='ltr'>nullum</span> <span class='ocrx_word' id='word_1_138' title='bbox 1914 1126 2002 1181; x_wconf 82' lang='lat' dir='ltr'>jam</span> 
     </span>
     <span class='ocr_line' id='line_1_15' title="bbox 175 1180 2001 1247; baseline 0.003 -21"><span class='ocrx_word' id='word_1_139' title='bbox 175 1180 334 1229; x_wconf 86' lang='lat' dir='ltr'>foveat</span> <span class='ocrx_word' id='word_1_140' title='bbox 351 1218 363 1236; x_wconf 86' lang='lat'>‚</span> <span class='ocrx_word' id='word_1_141' title='bbox 393 1188 437 1229; x_wconf 65' lang='grc' dir='ltr'>δέ</span> <span class='ocrx_word' id='word_1_142' title='bbox 463 1200 556 1246; x_wconf 83' lang='lat' dir='ltr'>quae</span> <span class='ocrx_word' id='word_1_143' title='bbox 577 1183 767 1247; x_wconf 88' lang='lat' dir='ltr'>proinde</span> <span class='ocrx_word' id='word_1_144' title='bbox 787 1183 1060 1245; x_wconf 81' lang='lat' dir='ltr'>contagione</span> <span class='ocrx_word' id='word_1_145' title='bbox 1088 1183 1411 1228; x_wconf 87' lang='lat' dir='ltr'>communicari</span> <span class='ocrx_word' id='word_1_146' title='bbox 1430 1182 1613 1245; x_wconf 75' lang='lat' dir='ltr'>amplius</span> <span class='ocrx_word' id='word_1_147' title='bbox 1632 1200 1725 1228; x_wconf 88' lang='lat' dir='ltr'>non</span> <span class='ocrx_word' id='word_1_148' title='bbox 1746 1183 1884 1245; x_wconf 82' lang='lat' dir='ltr'>possit.</span> <span class='ocrx_word' id='word_1_149' title='bbox 1908 1189 2001 1232; x_wconf 86' lang='lat' dir='ltr'>Re—</span> 
     </span>
     <span class='ocr_line' id='line_1_16' title="bbox 175 1246 2001 1311; baseline 0.003 -20"><span class='ocrx_word' id='word_1_150' title='bbox 175 1246 290 1293; x_wconf 82' lang='lat' dir='ltr'>tinet</span> <span class='ocrx_word' id='word_1_151' title='bbox 313 1249 403 1293; x_wconf 82' lang='lat' dir='ltr'>haec</span> <span class='ocrx_word' id='word_1_152' title='bbox 424 1248 470 1293; x_wconf 89' lang='lat' dir='ltr'>in</span> <span class='ocrx_word' id='word_1_153' title='bbox 491 1248 597 1294; x_wconf 90' lang='lat' dir='ltr'>viris</span> <span class='ocrx_word' id='word_1_154' title='bbox 618 1248 899 1311; x_wconf 84' lang='lat' dir='ltr'>gonorrhoeae</span> <span class='ocrx_word' id='word_1_155' title='bbox 919 1265 1086 1295; x_wconf 88' lang='lat' dir='ltr'>nomen</span> <span class='ocrx_word' id='word_1_156' title='bbox 1108 1282 1119 1299; x_wconf 91' lang='lat'>,</span> <span class='ocrx_word' id='word_1_157' title='bbox 1144 1248 1219 1294; x_wconf 90' lang='lat' dir='ltr'>sed</span> <span class='ocrx_word' id='word_1_158' title='bbox 1240 1248 1287 1292; x_wconf 91' lang='lat' dir='ltr'>in</span> <span class='ocrx_word' id='word_1_159' title='bbox 1306 1246 1569 1294; x_wconf 87' lang='lat' dir='ltr'>mulieribus</span> <span class='ocrx_word' id='word_1_160' title='bbox 1596 1265 1696 1292; x_wconf 88' lang='lat' dir='ltr'>cum</span> <span class='ocrx_word' id='word_1_161' title='bbox 1725 1247 1867 1295; x_wconf 88' lang='lat' dir='ltr'>fluore</span> <span class='ocrx_word' id='word_1_162' title='bbox 1896 1249 2001 1296; x_wconf 88' lang='lat' dir='ltr'>albo</span> 
     </span>
     <span class='ocr_line' id='line_1_17' title="bbox 173 1307 1999 1378; baseline 0.003 -23"><span class='ocrx_word' id='word_1_163' title='bbox 173 1307 250 1357; x_wconf 81' lang='lat' dir='ltr'>seu</span> <span class='ocrx_word' id='word_1_164' title='bbox 284 1312 494 1358; x_wconf 78' lang='lat' dir='ltr'>muliebri</span> <span class='ocrx_word' id='word_1_165' title='bbox 523 1311 645 1359; x_wconf 85' lang='lat' dir='ltr'>fluxu</span> <span class='ocrx_word' id='word_1_166' title='bbox 671 1312 889 1359; x_wconf 87' lang='lat' dir='ltr'>confundi</span> <span class='ocrx_word' id='word_1_167' title='bbox 908 1311 1049 1368; x_wconf 82' lang='lat' dir='ltr'>solet,</span> <span class='ocrx_word' id='word_1_168' title='bbox 1074 1331 1165 1378; x_wconf 88' lang='lat' dir='ltr'>quo</span> <span class='ocrx_word' id='word_1_169' title='bbox 1186 1313 1371 1360; x_wconf 86' lang='lat' dir='ltr'>nomine</span> <span class='ocrx_word' id='word_1_170' title='bbox 1397 1328 1543 1359; x_wconf 85' lang='lat' dir='ltr'>amant</span> <span class='ocrx_word' id='word_1_171' title='bbox 1561 1312 1643 1358; x_wconf 82' lang='lat' dir='ltr'>illae</span> <span class='ocrx_word' id='word_1_172' title='bbox 1662 1312 1868 1376; x_wconf 80' lang='lat' dir='ltr'>reliquias</span> <span class='ocrx_word' id='word_1_173' title='bbox 1886 1314 1999 1361; x_wconf 75' lang='lat' dir='ltr'>male</span> 
     </span>
     <span class='ocr_line' id='line_1_18' title="bbox 170 1377 905 1442; baseline 0.001 -21"><span class='ocrx_word' id='word_1_174' title='bbox 170 1392 332 1422; x_wconf 84' lang='lat' dir='ltr'>curatae</span> <span class='ocrx_word' id='word_1_175' title='bbox 349 1377 625 1440; x_wconf 87' lang='lat' dir='ltr'>gonorrhoeae</span> <span class='ocrx_word' id='word_1_176' title='bbox 653 1394 905 1442; x_wconf 66' lang='lat' dir='ltr'>praetexere.</span> 
     </span>
    </p>

    <p class='ocr_par' dir='ltr' id='par_1_6' title="bbox 158 1441 2001 2154">
     <span class='ocr_line' id='line_1_19' title="bbox 232 1441 2001 1507; baseline 0.002 -18"><span class='ocrx_word' id='word_1_177' title='bbox 232 1442 439 1489; x_wconf 88' lang='lat' dir='ltr'>Vidimus</span> <span class='ocrx_word' id='word_1_178' title='bbox 459 1441 585 1506; x_wconf 74' lang='lat' dir='ltr'>supra</span> <span class='ocrx_word' id='word_1_179' title='bbox 616 1443 711 1488; x_wconf 88' lang='lat' dir='ltr'>Lib.</span> <span class='ocrx_word' id='word_1_180' title='bbox 732 1448 824 1490; x_wconf 91' lang='lat' dir='ltr'><em>III.</em></span> <span class='ocrx_word' id='word_1_181' title='bbox 848 1457 939 1507; x_wconf 77' lang='lat' dir='ltr'>cap.</span> <span class='ocrx_word' id='word_1_182' title='bbox 961 1460 994 1487; x_wconf 84' lang='lat'>1.</span> <span class='ocrx_word' id='word_1_183' title='bbox 1023 1452 1061 1501; x_wconf 79' lang='lat'>§-</span> <span class='ocrx_word' id='word_1_184' title='bbox 1083 1459 1122 1490; x_wconf 88' lang='lat'>2.</span> <span class='ocrx_word' id='word_1_185' title='bbox 1145 1441 1418 1490; x_wconf 86' lang='lat' dir='ltr'>virulentam</span> <span class='ocrx_word' id='word_1_186' title='bbox 1442 1441 1761 1507; x_wconf 86' lang='lat' dir='ltr'>gonorrhoeam</span> <span class='ocrx_word' id='word_1_187' title='bbox 1776 1476 1789 1495; x_wconf 84' lang='lat'>,</span> <span class='ocrx_word' id='word_1_188' title='bbox 1811 1460 1905 1507; x_wconf 84' lang='lat' dir='ltr'>quae</span> <span class='ocrx_word' id='word_1_189' title='bbox 1928 1461 2001 1492; x_wconf 84' lang='lat' dir='ltr'>re·-</span> 
     </span>
     <span class='ocr_line' id='line_1_20' title="bbox 167 1506 2000 1572; baseline 0.004 -22"><span class='ocrx_word' id='word_1_190' title='bbox 167 1521 323 1554; x_wconf 87' lang='lat' dir='ltr'>center</span> <span class='ocrx_word' id='word_1_191' title='bbox 345 1510 572 1554; x_wconf 56' lang='lat' dir='ltr'>commota</span> <span class='ocrx_word' id='word_1_192' title='bbox 588 1508 649 1553; x_wconf 91' lang='lat' dir='ltr'>est</span> <span class='ocrx_word' id='word_1_193' title='bbox 667 1541 680 1560; x_wconf 83' lang='lat'>‚</span> <span class='ocrx_word' id='word_1_194' title='bbox 704 1508 902 1572; x_wconf 90' lang='lat' dir='ltr'>pendere</span> <span class='ocrx_word' id='word_1_195' title='bbox 934 1506 1104 1571; x_wconf 87' lang='lat' dir='ltr'>semper</span> <span class='ocrx_word' id='word_1_196' title='bbox 1126 1507 1150 1553; x_wconf 70' lang='lat' dir='ltr'>a</span> <span class='ocrx_word' id='word_1_197' title='bbox 1180 1507 1381 1571; x_wconf 88' lang='lat' dir='ltr'>phlogosi</span> <span class='ocrx_word' id='word_1_198' title='bbox 1402 1510 1475 1556; x_wconf 89' lang='lat' dir='ltr'>vel</span> <span class='ocrx_word' id='word_1_199' title='bbox 1494 1507 1845 1556; x_wconf 84' lang='lat' dir='ltr'>inflammatione</span> <span class='ocrx_word' id='word_1_200' title='bbox 1877 1508 2000 1557; x_wconf 90' lang='lat' dir='ltr'>ulce-</span> 
     </span>
     <span class='ocr_line' id='line_1_21' title="bbox 166 1571 1997 1635; baseline 0.002 -18"><span class='ocrx_word' id='word_1_201' title='bbox 166 1571 267 1617; x_wconf 64' lang='lat' dir='ltr'>rosa</span> <span class='ocrx_word' id='word_1_202' title='bbox 282 1605 294 1624; x_wconf 87' lang='lat'>‚</span> <span class='ocrx_word' id='word_1_203' title='bbox 329 1571 376 1618; x_wconf 90' lang='lat' dir='ltr'>in</span> <span class='ocrx_word' id='word_1_204' title='bbox 397 1573 503 1619; x_wconf 90' lang='lat' dir='ltr'>viris</span> <span class='ocrx_word' id='word_1_205' title='bbox 533 1572 724 1619; x_wconf 85' lang='lat' dir='ltr'>urethrae</span> <span class='ocrx_word' id='word_1_206' title='bbox 740 1607 752 1625; x_wconf 87' lang='lat'>,</span> <span class='ocrx_word' id='word_1_207' title='bbox 773 1572 1084 1635; x_wconf 84' lang='lat' dir='ltr'>glandularum</span> <span class='ocrx_word' id='word_1_208' title='bbox 1105 1571 1412 1619; x_wconf 88' lang='lat' dir='ltr'>cellulosarum</span> <span class='ocrx_word' id='word_1_209' title='bbox 1430 1574 1478 1618; x_wconf 90' lang='lat' dir='ltr'>in</span> <span class='ocrx_word' id='word_1_210' title='bbox 1497 1573 1724 1619; x_wconf 87' lang='lat' dir='ltr'>urethram</span> <span class='ocrx_word' id='word_1_211' title='bbox 1748 1572 1966 1620; x_wconf 81' lang='lat' dir='ltr'>hiantium</span> <span class='ocrx_word' id='word_1_212' title='bbox 1983 1609 1997 1629; x_wconf 90' lang='lat'>‚</span> 
     </span>
     <span class='ocr_line' id='line_1_22' title="bbox 167 1635 1995 1701; baseline 0.003 -21"><span class='ocrx_word' id='word_1_213' title='bbox 167 1635 481 1698; x_wconf 83' lang='lat' dir='ltr'>glandularum</span> <span class='ocrx_word' id='word_1_214' title='bbox 502 1638 912 1701; x_wconf 83' lang='lat' dir='ltr'>Cowperianarum</span> <span class='ocrx_word' id='word_1_215' title='bbox 931 1671 943 1688; x_wconf 85' lang='lat'>,</span> <span class='ocrx_word' id='word_1_216' title='bbox 971 1638 1263 1700; x_wconf 85' lang='lat' dir='ltr'>prostatarum</span> <span class='ocrx_word' id='word_1_217' title='bbox 1282 1653 1355 1683; x_wconf 91' lang='lat' dir='ltr'>aut</span> <span class='ocrx_word' id='word_1_218' title='bbox 1377 1637 1662 1684; x_wconf 82' lang='lat' dir='ltr'>veslcularum</span> <span class='ocrx_word' id='word_1_219' title='bbox 1685 1635 1962 1686; x_wconf 87' lang='lat' dir='ltr'>seminalium</span> <span class='ocrx_word' id='word_1_220' title='bbox 1984 1658 1995 1686; x_wconf 91' lang='lat'><strong>:</strong></span> 
     </span>
     <span class='ocr_line' id='line_1_23' title="bbox 163 1700 1995 1766; baseline 0.003 -21"><span class='ocrx_word' id='word_1_221' title='bbox 163 1704 217 1745; x_wconf 81' lang='lat' dir='ltr'>ln</span> <span class='ocrx_word' id='word_1_222' title='bbox 242 1700 440 1748; x_wconf 84' lang='lat' dir='ltr'>foeminis</span> <span class='ocrx_word' id='word_1_223' title='bbox 462 1703 567 1748; x_wconf 77' lang='lat' dir='ltr'>verb</span> <span class='ocrx_word' id='word_1_224' title='bbox 582 1735 594 1754; x_wconf 87' lang='lat'>,</span> <span class='ocrx_word' id='word_1_225' title='bbox 615 1701 804 1748; x_wconf 87' lang='lat' dir='ltr'>urethrae</span> <span class='ocrx_word' id='word_1_226' title='bbox 824 1735 838 1755; x_wconf 88' lang='lat'>,</span> <span class='ocrx_word' id='word_1_227' title='bbox 864 1701 1121 1749; x_wconf 78' lang='lat' dir='ltr'>cellularum</span> <span class='ocrx_word' id='word_1_228' title='bbox 1140 1718 1235 1765; x_wconf 86' lang='lat' dir='ltr'>quae</span> <span class='ocrx_word' id='word_1_229' title='bbox 1254 1701 1303 1747; x_wconf 88' lang='lat' dir='ltr'>in</span> <span class='ocrx_word' id='word_1_230' title='bbox 1335 1702 1564 1748; x_wconf 89' lang='lat' dir='ltr'>urethram</span> <span class='ocrx_word' id='word_1_231' title='bbox 1583 1718 1734 1766; x_wconf 85' lang='lat' dir='ltr'>patent</span> <span class='ocrx_word' id='word_1_232' title='bbox 1753 1735 1766 1754; x_wconf 88' lang='lat'>,</span> <span class='ocrx_word' id='word_1_233' title='bbox 1793 1705 1995 1766; x_wconf 85' lang='lat' dir='ltr'>prostata-</span> 
     </span>
     <span class='ocr_line' id='line_1_24' title="bbox 165 1765 1992 1830; baseline 0.002 -20"><span class='ocrx_word' id='word_1_234' title='bbox 165 1781 266 1810; x_wconf 84' lang='lat' dir='ltr'>rum</span> <span class='ocrx_word' id='word_1_235' title='bbox 295 1800 307 1818; x_wconf 83' lang='lat'>‚</span> <span class='ocrx_word' id='word_1_236' title='bbox 338 1766 648 1830; x_wconf 87' lang='lat' dir='ltr'>glandularum</span> <span class='ocrx_word' id='word_1_237' title='bbox 681 1767 1085 1830; x_wconf 85' lang='lat' dir='ltr'>Cowperianarum</span> <span class='ocrx_word' id='word_1_238' title='bbox 1110 1799 1123 1818; x_wconf 88' lang='lat'>‚</span> <span class='ocrx_word' id='word_1_239' title='bbox 1162 1781 1235 1812; x_wconf 87' lang='lat' dir='ltr'>aut</span> <span class='ocrx_word' id='word_1_240' title='bbox 1269 1765 1576 1828; x_wconf 87' lang='lat' dir='ltr'>glandularum</span> <span class='ocrx_word' id='word_1_241' title='bbox 1612 1766 1992 1827; x_wconf 83' lang='lat' dir='ltr'>botryformium,</span> 
     </span>
     <span class='ocr_line' id='line_1_25' title="bbox 159 1829 1990 1895; baseline 0.003 -21"><span class='ocrx_word' id='word_1_242' title='bbox 159 1829 322 1892; x_wconf 86' lang='lat' dir='ltr'>quibus</span> <span class='ocrx_word' id='word_1_243' title='bbox 351 1832 517 1895; x_wconf 77' lang='lat' dir='ltr'>vaginae</span> <span class='ocrx_word' id='word_1_244' title='bbox 544 1832 678 1878; x_wconf 86' lang='lat' dir='ltr'>facies</span> <span class='ocrx_word' id='word_1_245' title='bbox 699 1833 915 1878; x_wconf 88' lang='lat' dir='ltr'>constrata</span> <span class='ocrx_word' id='word_1_246' title='bbox 944 1832 1016 1878; x_wconf 88' lang='lat' dir='ltr'>est.</span> <span class='ocrx_word' id='word_1_247' title='bbox 1047 1833 1191 1878; x_wconf 84' lang='lat' dir='ltr'>Potest</span> <span class='ocrx_word' id='word_1_248' title='bbox 1216 1847 1363 1876; x_wconf 87' lang='lat' dir='ltr'>autem</span> <span class='ocrx_word' id='word_1_249' title='bbox 1394 1830 1615 1894; x_wconf 85' lang='lat' dir='ltr'>phlogofis</span> <span class='ocrx_word' id='word_1_250' title='bbox 1641 1835 1686 1876; x_wconf 85' lang='lat'>&amp;</span> <span class='ocrx_word' id='word_1_251' title='bbox 1718 1831 1990 1880; x_wconf 84' lang='lat' dir='ltr'>exulceratio</span> 
     </span>
     <span class='ocr_line' id='line_1_26' title="bbox 159 1893 1996 1961; baseline 0.002 -21"><span class='ocrx_word' id='word_1_252' title='bbox 159 1893 207 1941; x_wconf 90' lang='lat' dir='ltr'>in</span> <span class='ocrx_word' id='word_1_253' title='bbox 229 1895 314 1940; x_wconf 64' lang='lat' dir='ltr'>una</span> <span class='ocrx_word' id='word_1_254' title='bbox 331 1912 404 1942; x_wconf 84' lang='lat' dir='ltr'>aut</span> <span class='ocrx_word' id='word_1_255' title='bbox 425 1897 622 1960; x_wconf 87' lang='lat' dir='ltr'>pluribus</span> <span class='ocrx_word' id='word_1_256' title='bbox 639 1912 999 1943; x_wconf 85' lang='lat' dir='ltr'>enumeratarum</span> <span class='ocrx_word' id='word_1_257' title='bbox 1015 1896 1206 1960; x_wconf 86' lang='lat' dir='ltr'>partium</span> <span class='ocrx_word' id='word_1_258' title='bbox 1223 1894 1356 1942; x_wconf 91' lang='lat' dir='ltr'>semel</span> <span class='ocrx_word' id='word_1_259' title='bbox 1369 1895 1560 1942; x_wconf 82' lang='lat' dir='ltr'>insidens</span> <span class='ocrx_word' id='word_1_260' title='bbox 1576 1895 1829 1958; x_wconf 74' lang='lat' dir='ltr'>aliquandiu</span> <span class='ocrx_word' id='word_1_261' title='bbox 1847 1896 1996 1961; x_wconf 85' lang='lat' dir='ltr'>super-</span> 
     </span>
     <span class='ocr_line' id='line_1_27' title="bbox 158 1959 1990 2025; baseline 0.002 -20"><span class='ocrx_word' id='word_1_262' title='bbox 158 1959 246 2006; x_wconf 84' lang='lat' dir='ltr'>esse</span> <span class='ocrx_word' id='word_1_263' title='bbox 264 1993 276 2012; x_wconf 87' lang='lat'>‚</span> <span class='ocrx_word' id='word_1_264' title='bbox 303 1961 437 2007; x_wconf 83' lang='lat' dir='ltr'>etiam</span> <span class='ocrx_word' id='word_1_265' title='bbox 457 1963 549 2025; x_wconf 87' lang='lat' dir='ltr'>post</span> <span class='ocrx_word' id='word_1_266' title='bbox 569 1961 804 2007; x_wconf 87' lang='lat' dir='ltr'>seminium</span> <span class='ocrx_word' id='word_1_267' title='bbox 824 1979 957 2008; x_wconf 89' lang='lat' dir='ltr'>omne</span> <span class='ocrx_word' id='word_1_268' title='bbox 977 1959 1292 2023; x_wconf 83' lang='lat' dir='ltr'>hydrargyrosl</span> <span class='ocrx_word' id='word_1_269' title='bbox 1312 1960 1546 2006; x_wconf 69' lang='lat' dir='ltr'>discussum</span> <span class='ocrx_word' id='word_1_270' title='bbox 1568 1966 1611 2006; x_wconf 73' lang='grc' dir='ltr'>ὃ(</span> <span class='ocrx_word' id='word_1_271' title='bbox 1631 1961 1990 2008; x_wconf 86' lang='lat' dir='ltr'>exterminatum.</span> 
     </span>
     <span class='ocr_line' id='line_1_28' title="bbox 163 2024 1993 2090; baseline 0.003 -21"><span class='ocrx_word' id='word_1_272' title='bbox 163 2024 297 2070; x_wconf 89' lang='lat' dir='ltr'>Haud</span> <span class='ocrx_word' id='word_1_273' title='bbox 319 2026 454 2088; x_wconf 82' lang='lat' dir='ltr'>igitur</span> <span class='ocrx_word' id='word_1_274' title='bbox 471 2027 636 2072; x_wconf 86' lang='lat' dir='ltr'>mirum</span> <span class='ocrx_word' id='word_1_275' title='bbox 664 2024 747 2073; x_wconf 78' lang='lat' dir='ltr'>esse</span> <span class='ocrx_word' id='word_1_276' title='bbox 773 2025 911 2072; x_wconf 89' lang='lat' dir='ltr'>debet</span> <span class='ocrx_word' id='word_1_277' title='bbox 928 2061 940 2079; x_wconf 83' lang='lat'>‚</span> <span class='ocrx_word' id='word_1_278' title='bbox 967 2025 1090 2089; x_wconf 77' lang='lat' dir='ltr'>quod</span> <span class='ocrx_word' id='word_1_279' title='bbox 1111 2026 1203 2090; x_wconf 90' lang='lat' dir='ltr'>post</span> <span class='ocrx_word' id='word_1_280' title='bbox 1227 2024 1588 2089; x_wconf 85' lang='lat' dir='ltr'>hydrargyrosim</span> <span class='ocrx_word' id='word_1_281' title='bbox 1617 2024 1700 2070; x_wconf 75' lang='lat' dir='ltr'>rite</span> <span class='ocrx_word' id='word_1_282' title='bbox 1721 2026 1993 2074; x_wconf 82' lang='lat' dir='ltr'>administra·-</span> 
     </span>
     <span class='ocr_line' id='line_1_29' title="bbox 161 2088 1894 2154; baseline 0.002 -21"><span class='ocrx_word' id='word_1_283' title='bbox 161 2103 251 2134; x_wconf 87' lang='lat' dir='ltr'>tam</span> <span class='ocrx_word' id='word_1_284' title='bbox 279 2091 549 2153; x_wconf 86' lang='lat' dir='ltr'>gonorrhoea</span> <span class='ocrx_word' id='word_1_285' title='bbox 570 2106 772 2138; x_wconf 88' lang='lat' dir='ltr'>recenter</span> <span class='ocrx_word' id='word_1_286' title='bbox 793 2094 1019 2137; x_wconf 66' lang='lat' dir='ltr'>conti-aeta</span> <span class='ocrx_word' id='word_1_287' title='bbox 1038 2088 1217 2154; x_wconf 86' lang='lat' dir='ltr'>superfit</span> <span class='ocrx_word' id='word_1_288' title='bbox 1235 2089 1476 2154; x_wconf 87' lang='lat' dir='ltr'>aliquando</span> <span class='ocrx_word' id='word_1_289' title='bbox 1496 2090 1544 2134; x_wconf 91' lang='lat' dir='ltr'>in</span> <span class='ocrx_word' id='word_1_290' title='bbox 1569 2105 1760 2153; x_wconf 86' lang='lat' dir='ltr'>utroque</span> <span class='ocrx_word' id='word_1_291' title='bbox 1777 2090 1894 2138; x_wconf 87' lang='lat' dir='ltr'>sexu.</span> 
     </span>
    </p>

    <p class='ocr_par' dir='ltr' id='par_1_7' title="bbox 150 2153 1988 2802">
     <span class='ocr_line' id='line_1_30' title="bbox 221 2153 1988 2221; baseline 0.001 -21"><span class='ocrx_word' id='word_1_292' title='bbox 221 2154 427 2202; x_wconf 86' lang='lat' dir='ltr'>Vidimus</span> <span class='ocrx_word' id='word_1_293' title='bbox 459 2157 622 2220; x_wconf 87' lang='lat' dir='ltr'>pariter</span> <span class='ocrx_word' id='word_1_294' title='bbox 650 2156 820 2202; x_wconf 86' lang='lat' dir='ltr'>ibidem</span> <span class='ocrx_word' id='word_1_295' title='bbox 839 2191 850 2208; x_wconf 86' lang='lat'>‚</span> <span class='ocrx_word' id='word_1_296' title='bbox 877 2171 967 2220; x_wconf 85' lang='lat' dir='ltr'>cap.</span> <span class='ocrx_word' id='word_1_297' title='bbox 1004 2177 1036 2216; x_wconf 80' lang='lat'>3.</span> <span class='ocrx_word' id='word_1_298' title='bbox 1067 2163 1101 2210; x_wconf 86' lang='lat'>§.</span> <span class='ocrx_word' id='word_1_299' title='bbox 1134 2176 1165 2215; x_wconf 85' lang='lat'>3.</span> <span class='ocrx_word' id='word_1_300' title='bbox 1195 2153 1516 2216; x_wconf 86' lang='lat' dir='ltr'>gonorrhoeam</span> <span class='ocrx_word' id='word_1_301' title='bbox 1540 2154 1833 2202; x_wconf 81' lang='lat' dir='ltr'>inveteratam</span> <span class='ocrx_word' id='word_1_302' title='bbox 1853 2190 1865 2208; x_wconf 87' lang='lat'>,</span> <span class='ocrx_word' id='word_1_303' title='bbox 1891 2173 1988 2221; x_wconf 86' lang='lat' dir='ltr'>quae</span> 
     </span>
     <span class='ocr_line' id='line_1_31' title="bbox 155 2218 1985 2282; baseline 0.002 -17"><span class='ocrx_word' id='word_1_304' title='bbox 155 2219 358 2282; x_wconf 65' lang='lat' dir='ltr'>&#39;neglezsta</span> <span class='ocrx_word' id='word_1_305' title='bbox 386 2220 495 2267; x_wconf 86' lang='lat' dir='ltr'>abiit</span> <span class='ocrx_word' id='word_1_306' title='bbox 521 2221 566 2268; x_wconf 87' lang='lat' dir='ltr'>in</span> <span class='ocrx_word' id='word_1_307' title='bbox 594 2220 822 2268; x_wconf 85' lang='lat' dir='ltr'>habituale</span> <span class='ocrx_word' id='word_1_308' title='bbox 856 2220 1033 2266; x_wconf 76' lang='lat' dir='ltr'>seminis</span> <span class='ocrx_word' id='word_1_309' title='bbox 1061 2218 1333 2264; x_wconf 88' lang='lat' dir='ltr'>stillicidium</span> <span class='ocrx_word' id='word_1_310' title='bbox 1353 2252 1365 2271; x_wconf 85' lang='lat'>‚</span> <span class='ocrx_word' id='word_1_311' title='bbox 1398 2218 1593 2282; x_wconf 87' lang='lat' dir='ltr'>pendere</span> <span class='ocrx_word' id='word_1_312' title='bbox 1613 2218 1661 2263; x_wconf 90' lang='lat' dir='ltr'>in</span> <span class='ocrx_word' id='word_1_313' title='bbox 1689 2219 1796 2265; x_wconf 88' lang='lat' dir='ltr'>viris</span> <span class='ocrx_word' id='word_1_314' title='bbox 1826 2221 1899 2268; x_wconf 90' lang='lat' dir='ltr'>vel</span> <span class='ocrx_word' id='word_1_315' title='bbox 1929 2222 1985 2269; x_wconf 89' lang='lat' dir='ltr'>ab</span> 
     </span>
     <span class='ocr_line' id='line_1_32' title="bbox 160 2283 1984 2350; baseline 0.002 -21"><span class='ocrx_word' id='word_1_316' title='bbox 160 2284 285 2330; x_wconf 45' lang='lat' dir='ltr'>aucta</span> <span class='ocrx_word' id='word_1_317' title='bbox 312 2286 604 2350; x_wconf 85' lang='lat' dir='ltr'>amplitudine</span> <span class='ocrx_word' id='word_1_318' title='bbox 619 2320 631 2339; x_wconf 87' lang='lat'>‚</span> <span class='ocrx_word' id='word_1_319' title='bbox 651 2287 722 2333; x_wconf 94' lang='lat' dir='ltr'>vel</span> <span class='ocrx_word' id='word_1_320' title='bbox 743 2285 767 2331; x_wconf 72' lang='lat' dir='ltr'>a</span> <span class='ocrx_word' id='word_1_321' title='bbox 785 2284 921 2330; x_wconf 61' lang='lat' dir='ltr'>nimia</span> <span class='ocrx_word' id='word_1_322' title='bbox 939 2284 1118 2330; x_wconf 85' lang='lat' dir='ltr'>laxitate</span> <span class='ocrx_word' id='word_1_323' title='bbox 1137 2288 1182 2329; x_wconf 68' lang='grc' dir='ltr'>δε</span> <span class='ocrx_word' id='word_1_324' title='bbox 1199 2283 1349 2328; x_wconf 70' lang='lat' dir='ltr'>atonia</span> <span class='ocrx_word' id='word_1_325' title='bbox 1367 2283 1574 2329; x_wconf 58' lang='lat' dir='ltr'>ducituum</span> <span class='ocrx_word' id='word_1_326' title='bbox 1596 2284 1953 2333; x_wconf 85' lang='lat' dir='ltr'>excretoriorum</span> <span class='ocrx_word' id='word_1_327' title='bbox 1969 2321 1984 2341; x_wconf 88' lang='lat'>,</span> 
     </span>
     <span class='ocr_line' id='line_1_33' title="bbox 156 2346 1983 2413; baseline 0.003 -20"><span class='ocrx_word' id='word_1_328' title='bbox 156 2348 321 2411; x_wconf 86' lang='lat' dir='ltr'>quibus</span> <span class='ocrx_word' id='word_1_329' title='bbox 344 2350 511 2396; x_wconf 84' lang='lat' dir='ltr'>cel-lulae</span> <span class='ocrx_word' id='word_1_330' title='bbox 537 2368 614 2413; x_wconf 86' lang='lat' dir='ltr'>per</span> <span class='ocrx_word' id='word_1_331' title='bbox 633 2350 860 2396; x_wconf 88' lang='lat' dir='ltr'>urethram</span> <span class='ocrx_word' id='word_1_332' title='bbox 879 2346 1029 2412; x_wconf 83' lang='lat' dir='ltr'>sparsae</span> <span class='ocrx_word' id='word_1_333' title='bbox 1047 2381 1061 2401; x_wconf 92' lang='lat'>,</span> <span class='ocrx_word' id='word_1_334' title='bbox 1079 2347 1275 2394; x_wconf 86' lang='lat' dir='ltr'>veficulae</span> <span class='ocrx_word' id='word_1_335' title='bbox 1304 2347 1543 2394; x_wconf 83' lang='lat' dir='ltr'>seminariae</span> <span class='ocrx_word' id='word_1_336' title='bbox 1560 2381 1573 2399; x_wconf 88' lang='lat'>‚</span> <span class='ocrx_word' id='word_1_337' title='bbox 1601 2347 1817 2410; x_wconf 87' lang='lat' dir='ltr'>glandulae</span> <span class='ocrx_word' id='word_1_338' title='bbox 1835 2353 1983 2398; x_wconf 88' lang='lat' dir='ltr'>Cow-</span> 
     </span>
     <span class='ocr_line' id='line_1_34' title="bbox 154 2411 1983 2478; baseline 0.003 -20"><span class='ocrx_word' id='word_1_339' title='bbox 154 2414 346 2476; x_wconf 86' lang='lat' dir='ltr'>perianae</span> <span class='ocrx_word' id='word_1_340' title='bbox 362 2448 374 2467; x_wconf 87' lang='lat'>,</span> <span class='ocrx_word' id='word_1_341' title='bbox 407 2420 454 2460; x_wconf 86' lang='lat'>&amp;</span> <span class='ocrx_word' id='word_1_342' title='bbox 475 2416 670 2478; x_wconf 84' lang='lat' dir='ltr'>prostatae</span> <span class='ocrx_word' id='word_1_343' title='bbox 690 2415 737 2459; x_wconf 90' lang='lat' dir='ltr'>in</span> <span class='ocrx_word' id='word_1_344' title='bbox 756 2414 985 2460; x_wconf 86' lang='lat' dir='ltr'>urethram</span> <span class='ocrx_word' id='word_1_345' title='bbox 1009 2427 1161 2477; x_wconf 85' lang='lat' dir='ltr'>patent</span> <span class='ocrx_word' id='word_1_346' title='bbox 1193 2431 1202 2458; x_wconf 73' lang='grc' dir='ltr'>ε</span> <span class='ocrx_word' id='word_1_347' title='bbox 1237 2412 1377 2470; x_wconf 83' lang='lat' dir='ltr'>Quod</span> <span class='ocrx_word' id='word_1_348' title='bbox 1399 2412 1454 2460; x_wconf 87' lang='lat' dir='ltr'>de</span> <span class='ocrx_word' id='word_1_349' title='bbox 1478 2411 1673 2458; x_wconf 88' lang='lat' dir='ltr'>foeminis</span> <span class='ocrx_word' id='word_1_350' title='bbox 1692 2430 1873 2477; x_wconf 90' lang='lat' dir='ltr'>quoque</span> <span class='ocrx_word' id='word_1_351' title='bbox 1904 2433 1983 2463; x_wconf 90' lang='lat' dir='ltr'>ve-</span> 
     </span>
     <span class='ocr_line' id='line_1_35' title="bbox 150 2476 1982 2544; baseline 0.003 -20"><span class='ocrx_word' id='word_1_352' title='bbox 150 2495 255 2524; x_wconf 74' lang='lat' dir='ltr'>rum</span> <span class='ocrx_word' id='word_1_353' title='bbox 275 2479 361 2530; x_wconf 78' lang='lat' dir='ltr'>est,</span> <span class='ocrx_word' id='word_1_354' title='bbox 383 2478 413 2523; x_wconf 83' lang='lat' dir='ltr'>si</span> <span class='ocrx_word' id='word_1_355' title='bbox 444 2497 527 2544; x_wconf 88' lang='lat' dir='ltr'>pro</span> <span class='ocrx_word' id='word_1_356' title='bbox 561 2479 757 2525; x_wconf 86' lang='lat' dir='ltr'>veficulis</span> <span class='ocrx_word' id='word_1_357' title='bbox 789 2477 1068 2525; x_wconf 88' lang='lat' dir='ltr'>seminalibus</span> <span class='ocrx_word' id='word_1_358' title='bbox 1085 2511 1099 2531; x_wconf 92' lang='lat'>,</span> <span class='ocrx_word' id='word_1_359' title='bbox 1125 2476 1286 2542; x_wconf 82' lang='lat' dir='ltr'>quibus</span> <span class='ocrx_word' id='word_1_360' title='bbox 1309 2493 1461 2524; x_wconf 86' lang='lat' dir='ltr'>carent</span> <span class='ocrx_word' id='word_1_361' title='bbox 1479 2510 1492 2530; x_wconf 85' lang='grc'>,</span> <span class='ocrx_word' id='word_1_362' title='bbox 1522 2476 1740 2540; x_wconf 85' lang='lat' dir='ltr'>intelligas</span> <span class='ocrx_word' id='word_1_363' title='bbox 1771 2479 1982 2529; x_wconf 75' lang='lat' dir='ltr'>vesiculas</span> 
     </span>
     <span class='ocr_line' id='line_1_36' title="bbox 154 2541 1979 2607; baseline 0.002 -20"><span class='ocrx_word' id='word_1_364' title='bbox 154 2541 247 2589; x_wconf 87' lang='lat' dir='ltr'>five</span> <span class='ocrx_word' id='word_1_365' title='bbox 273 2542 503 2605; x_wconf 81' lang='lat' dir='ltr'>glandulas</span> <span class='ocrx_word' id='word_1_366' title='bbox 530 2544 787 2590; x_wconf 82' lang='lat' dir='ltr'>racemarim</span> <span class='ocrx_word' id='word_1_367' title='bbox 814 2545 1037 2607; x_wconf 87' lang='lat' dir='ltr'>congestas</span> <span class='ocrx_word' id='word_1_368' title='bbox 1054 2576 1067 2596; x_wconf 90' lang='lat'>,</span> <span class='ocrx_word' id='word_1_369' title='bbox 1094 2560 1188 2607; x_wconf 84' lang='lat' dir='ltr'>qnae</span> <span class='ocrx_word' id='word_1_370' title='bbox 1207 2543 1430 2590; x_wconf 86' lang='lat' dir='ltr'>internam</span> <span class='ocrx_word' id='word_1_371' title='bbox 1448 2543 1654 2606; x_wconf 84' lang='lat' dir='ltr'>vaginam</span> <span class='ocrx_word' id='word_1_372' title='bbox 1685 2546 1979 2591; x_wconf 83' lang='lat' dir='ltr'>convestiunt.</span> 
     </span>
     <span class='ocr_line' id='line_1_37' title="bbox 152 2604 1977 2673; baseline 0.002 -20"><span class='ocrx_word' id='word_1_373' title='bbox 152 2610 216 2653; x_wconf 87' lang='lat' dir='ltr'>At</span> <span class='ocrx_word' id='word_1_374' title='bbox 241 2606 352 2654; x_wconf 74' lang='lat' dir='ltr'>verb</span> <span class='ocrx_word' id='word_1_375' title='bbox 377 2610 469 2672; x_wconf 92' lang='lat' dir='ltr'>post</span> <span class='ocrx_word' id='word_1_376' title='bbox 491 2625 686 2655; x_wconf 89' lang='lat' dir='ltr'>curatam</span> <span class='ocrx_word' id='word_1_377' title='bbox 715 2609 834 2655; x_wconf 89' lang='lat' dir='ltr'>luem</span> <span class='ocrx_word' id='word_1_378' title='bbox 865 2627 1105 2657; x_wconf 84' lang='lat' dir='ltr'>veneream</span> <span class='ocrx_word' id='word_1_379' title='bbox 1138 2624 1368 2673; x_wconf 88' lang='lat' dir='ltr'>permanet</span> <span class='ocrx_word' id='word_1_380' title='bbox 1394 2604 1556 2656; x_wconf 82' lang='lat' dir='ltr'>eadem&#39;</span> <span class='ocrx_word' id='word_1_381' title='bbox 1578 2606 1671 2653; x_wconf 72' lang='lat' dir='ltr'>tum</span> <span class='ocrx_word' id='word_1_382' title='bbox 1700 2608 1977 2672; x_wconf 85' lang='lat' dir='ltr'>amplitudo,</span> 
     </span>
     <span class='ocr_line' id='line_1_38' title="bbox 151 2670 1978 2737; baseline 0.002 -20"><span class='ocrx_word' id='word_1_383' title='bbox 151 2670 247 2717; x_wconf 72' lang='lat' dir='ltr'>tum</span> <span class='ocrx_word' id='word_1_384' title='bbox 270 2673 425 2719; x_wconf 88' lang='lat' dir='ltr'>atonia</span> <span class='ocrx_word' id='word_1_385' title='bbox 452 2673 664 2719; x_wconf 61' lang='lat' dir='ltr'>dudiuum</span> <span class='ocrx_word' id='word_1_386' title='bbox 685 2673 866 2720; x_wconf 89' lang='lat' dir='ltr'>illorum</span> <span class='ocrx_word' id='word_1_387' title='bbox 885 2708 896 2727; x_wconf 89' lang='lat'>‚</span> <span class='ocrx_word' id='word_1_388' title='bbox 917 2692 966 2720; x_wconf 91' lang='lat' dir='ltr'>ac</span> <span class='ocrx_word' id='word_1_389' title='bbox 985 2674 1070 2720; x_wconf 87' lang='lat' dir='ltr'>fuit</span> <span class='ocrx_word' id='word_1_390' title='bbox 1091 2675 1234 2721; x_wconf 73' lang='lat' dir='ltr'>antea.</span> <span class='ocrx_word' id='word_1_391' title='bbox 1263 2676 1381 2737; x_wconf 85' lang='lat' dir='ltr'>Ergo</span> <span class='ocrx_word' id='word_1_392' title='bbox 1412 2670 1692 2737; x_wconf 89' lang='lat' dir='ltr'>consequens</span> <span class='ocrx_word' id='word_1_393' title='bbox 1721 2673 1782 2721; x_wconf 86' lang='lat' dir='ltr'>est</span> <span class='ocrx_word' id='word_1_394' title='bbox 1806 2689 1852 2720; x_wconf 90' lang='lat' dir='ltr'>ut</span> <span class='ocrx_word' id='word_1_395' title='bbox 1882 2693 1978 2721; x_wconf 82' lang='lat' dir='ltr'>ma-</span> 
     </span>
     <span class='ocr_line' id='line_1_39' title="bbox 152 2736 1555 2802; baseline 0.002 -21"><span class='ocrx_word' id='word_1_396' title='bbox 152 2752 257 2782; x_wconf 85' lang='lat' dir='ltr'>neat</span> <span class='ocrx_word' id='word_1_397' title='bbox 280 2737 412 2783; x_wconf 81' lang='lat' dir='ltr'>etiam</span> <span class='ocrx_word' id='word_1_398' title='bbox 433 2736 670 2785; x_wconf 89' lang='lat' dir='ltr'>habitualis</span> <span class='ocrx_word' id='word_1_399' title='bbox 690 2739 848 2785; x_wconf 89' lang='lat' dir='ltr'>eadem</span> <span class='ocrx_word' id='word_1_400' title='bbox 872 2740 1146 2802; x_wconf 85' lang='lat' dir='ltr'>gonorrhoea</span> <span class='ocrx_word' id='word_1_401' title='bbox 1160 2739 1209 2785; x_wconf 88' lang='lat' dir='ltr'>in</span> <span class='ocrx_word' id='word_1_402' title='bbox 1230 2754 1416 2802; x_wconf 87' lang='lat' dir='ltr'>utroque</span> <span class='ocrx_word' id='word_1_403' title='bbox 1435 2738 1555 2785; x_wconf 86' lang='lat' dir='ltr'>sexu.</span> 
     </span>
    </p>

    <p class='ocr_par' dir='ltr' id='par_1_8' title="bbox 148 2800 1975 3192">
     <span class='ocr_line' id='line_1_40' title="bbox 218 2800 1975 2868; baseline 0.003 -23"><span class='ocrx_word' id='word_1_404' title='bbox 218 2803 423 2865; x_wconf 87' lang='lat' dir='ltr'>Utraque</span> <span class='ocrx_word' id='word_1_405' title='bbox 447 2803 522 2849; x_wconf 91' lang='lat' dir='ltr'>illa</span> <span class='ocrx_word' id='word_1_406' title='bbox 554 2804 835 2867; x_wconf 84' lang='lat' dir='ltr'>gonorrhoeae</span> <span class='ocrx_word' id='word_1_407' title='bbox 863 2804 1025 2868; x_wconf 86' lang='lat' dir='ltr'>species</span> <span class='ocrx_word' id='word_1_408' title='bbox 1041 2838 1054 2858; x_wconf 87' lang='lat'>,</span> <span class='ocrx_word' id='word_1_409' title='bbox 1077 2805 1184 2851; x_wconf 90' lang='lat' dir='ltr'>licet</span> <span class='ocrx_word' id='word_1_410' title='bbox 1203 2803 1479 2850; x_wconf 85' lang='lat' dir='ltr'>curationem</span> <span class='ocrx_word' id='word_1_411' title='bbox 1511 2800 1749 2868; x_wconf 69' lang='lat' dir='ltr'>perfestam</span> <span class='ocrx_word' id='word_1_412' title='bbox 1773 2820 1865 2850; x_wconf 88' lang='lat' dir='ltr'>non</span> <span class='ocrx_word' id='word_1_413' title='bbox 1894 2804 1975 2850; x_wconf 88' lang='lat' dir='ltr'>ad-</span> 
     </span>
     <span class='ocr_line' id='line_1_41' title="bbox 150 2863 1972 2932; baseline 0.003 -22"><span class='ocrx_word' id='word_1_414' title='bbox 150 2863 324 2911; x_wconf 87' lang='lat' dir='ltr'>miserit</span> <span class='ocrx_word' id='word_1_415' title='bbox 342 2898 356 2918; x_wconf 88' lang='lat'>,</span> <span class='ocrx_word' id='word_1_416' title='bbox 377 2865 503 2913; x_wconf 86' lang='lat' dir='ltr'>sensit</span> <span class='ocrx_word' id='word_1_417' title='bbox 523 2884 671 2915; x_wconf 89' lang='lat' dir='ltr'>tamen</span> <span class='ocrx_word' id='word_1_418' title='bbox 689 2869 782 2915; x_wconf 89' lang='lat' dir='ltr'>vim</span> <span class='ocrx_word' id='word_1_419' title='bbox 800 2875 845 2915; x_wconf 62' lang='grc' dir='ltr'>ὃς</span> <span class='ocrx_word' id='word_1_420' title='bbox 864 2870 1091 2932; x_wconf 87' lang='lat' dir='ltr'>energiam</span> <span class='ocrx_word' id='word_1_421' title='bbox 1110 2868 1326 2914; x_wconf 89' lang='lat' dir='ltr'>Mercurii</span> <span class='ocrx_word' id='word_1_422' title='bbox 1343 2902 1357 2920; x_wconf 92' lang='lat'>,</span> <span class='ocrx_word' id='word_1_423' title='bbox 1384 2867 1483 2914; x_wconf 76' lang='lat' dir='ltr'>cum</span> <span class='ocrx_word' id='word_1_424' title='bbox 1509 2867 1730 2932; x_wconf 88' lang='lat' dir='ltr'>pristinam</span> <span class='ocrx_word' id='word_1_425' title='bbox 1756 2869 1972 2915; x_wconf 85' lang='lat' dir='ltr'>malitiam</span> 
     </span>
     <span class='ocr_line' id='line_1_42' title="bbox 150 2928 1973 2996; baseline 0.002 -20"><span class='ocrx_word' id='word_1_426' title='bbox 150 2928 422 2994; x_wconf 87' lang='lat' dir='ltr'>deposuerit.</span> <span class='ocrx_word' id='word_1_427' title='bbox 441 2935 652 2994; x_wconf 87' lang='lat' dir='ltr'>Namque</span> <span class='ocrx_word' id='word_1_428' title='bbox 669 2935 764 2996; x_wconf 88' lang='lat' dir='ltr'>post</span> <span class='ocrx_word' id='word_1_429' title='bbox 778 2933 1138 2996; x_wconf 85' lang='lat' dir='ltr'>hydrargyrofim</span> <span class='ocrx_word' id='word_1_430' title='bbox 1158 2948 1313 2979; x_wconf 88' lang='lat' dir='ltr'>neutra</span> <span class='ocrx_word' id='word_1_431' title='bbox 1328 2950 1410 2979; x_wconf 87' lang='lat' dir='ltr'>nec</span> <span class='ocrx_word' id='word_1_432' title='bbox 1424 2931 1616 2979; x_wconf 87' lang='lat' dir='ltr'>seminio</span> <span class='ocrx_word' id='word_1_433' title='bbox 1645 2935 1733 2993; x_wconf 86' lang='lat' dir='ltr'>jam</span> <span class='ocrx_word' id='word_1_434' title='bbox 1757 2931 1940 2979; x_wconf 89' lang='lat' dir='ltr'>fovetur</span> <span class='ocrx_word' id='word_1_435' title='bbox 1953 2958 1973 2986; x_wconf 88' lang='lat'>,-</span> 
     </span>
     <span class='ocr_line' id='line_1_43' title="bbox 149 2994 1970 3060; baseline 0.004 -20"><span class='ocrx_word' id='word_1_436' title='bbox 149 3010 235 3041; x_wconf 85' lang='lat' dir='ltr'>nec</span> <span class='ocrx_word' id='word_1_437' title='bbox 264 2995 404 3041; x_wconf 89' lang='lat' dir='ltr'>ullum</span> <span class='ocrx_word' id='word_1_438' title='bbox 435 2994 671 3042; x_wconf 88' lang='lat' dir='ltr'>seminium</span> <span class='ocrx_word' id='word_1_439' title='bbox 691 2995 780 3059; x_wconf 86' lang='lat' dir='ltr'>ipsa</span> <span class='ocrx_word' id='word_1_440' title='bbox 797 2996 951 3050; x_wconf 82' lang='lat' dir='ltr'>fovet3</span> <span class='ocrx_word' id='word_1_441' title='bbox 971 3013 1128 3044; x_wconf 86' lang='lat' dir='ltr'>neutra</span> <span class='ocrx_word' id='word_1_442' title='bbox 1154 2997 1378 3043; x_wconf 78' lang='lat' dir='ltr'>virulenta</span> <span class='ocrx_word' id='word_1_443' title='bbox 1405 2998 1492 3050; x_wconf 80' lang='lat' dir='ltr'>est3</span> <span class='ocrx_word' id='word_1_444' title='bbox 1515 3012 1670 3043; x_wconf 82' lang='lat' dir='ltr'>neutra</span> <span class='ocrx_word' id='word_1_445' title='bbox 1698 2999 1970 3060; x_wconf 82' lang='lat' dir='ltr'>contagione</span> 
     </span>
     <span class='ocr_line' id='line_1_44' title="bbox 148 3059 1970 3127; baseline 0.004 -24"><span class='ocrx_word' id='word_1_446' title='bbox 148 3059 325 3106; x_wconf 82' lang='lat' dir='ltr'>traduci</span> <span class='ocrx_word' id='word_1_447' title='bbox 354 3062 519 3124; x_wconf 82' lang='lat' dir='ltr'>potest3</span> <span class='ocrx_word' id='word_1_448' title='bbox 543 3060 616 3108; x_wconf 87' lang='lat' dir='ltr'>sed</span> <span class='ocrx_word' id='word_1_449' title='bbox 643 3060 779 3107; x_wconf 84' lang='lat' dir='ltr'>ambae</span> <span class='ocrx_word' id='word_1_450' title='bbox 799 3065 885 3122; x_wconf 85' lang='lat' dir='ltr'>jam</span> <span class='ocrx_word' id='word_1_451' title='bbox 908 3060 1123 3127; x_wconf 86' lang='lat' dir='ltr'>fimplices</span> <span class='ocrx_word' id='word_1_452' title='bbox 1142 3066 1187 3108; x_wconf 67' lang='grc' dir='ltr'>δέ</span> <span class='ocrx_word' id='word_1_453' title='bbox 1209 3061 1296 3108; x_wconf 78' lang='lat' dir='ltr'>sine</span> <span class='ocrx_word' id='word_1_454' title='bbox 1320 3061 1481 3108; x_wconf 84' lang='lat' dir='ltr'>fomite</span> <span class='ocrx_word' id='word_1_455' title='bbox 1505 3062 1594 3108; x_wconf 88' lang='lat' dir='ltr'>ullo</span> <span class='ocrx_word' id='word_1_456' title='bbox 1610 3095 1623 3114; x_wconf 81' lang='grc'>,</span> <span class='ocrx_word' id='word_1_457' title='bbox 1650 3062 1674 3107; x_wconf 71' lang='lat' dir='ltr'>a</span> <span class='ocrx_word' id='word_1_458' title='bbox 1702 3060 1970 3127; x_wconf 86' lang='lat' dir='ltr'>simplicibus</span> 
     </span>
     <span class='ocr_line' id='line_1_45' title="bbox 148 3124 1970 3192; baseline 0.003 -23"><span class='ocrx_word' id='word_1_459' title='bbox 148 3124 343 3186; x_wconf 90' lang='lat' dir='ltr'>partium</span> <span class='ocrx_word' id='word_1_460' title='bbox 367 3124 486 3171; x_wconf 83' lang='lat' dir='ltr'>vitiis</span> <span class='ocrx_word' id='word_1_461' title='bbox 504 3126 699 3189; x_wconf 86' lang='lat' dir='ltr'>pendent</span> <span class='ocrx_word' id='word_1_462' title='bbox 717 3159 729 3176; x_wconf 85' lang='lat'>,</span> <span class='ocrx_word' id='word_1_463' title='bbox 758 3125 919 3189; x_wconf 89' lang='lat' dir='ltr'>quibus</span> <span class='ocrx_word' id='word_1_464' title='bbox 936 3126 1139 3174; x_wconf 85' lang='lat' dir='ltr'>sanandis</span> <span class='ocrx_word' id='word_1_465' title='bbox 1159 3125 1317 3172; x_wconf 86' lang='lat' dir='ltr'>sufficit</span> <span class='ocrx_word' id='word_1_466' title='bbox 1337 3126 1576 3190; x_wconf 87' lang='lat' dir='ltr'>aliquando</span> <span class='ocrx_word' id='word_1_467' title='bbox 1603 3144 1729 3173; x_wconf 87' lang='lat' dir='ltr'>mora</span> <span class='ocrx_word' id='word_1_468' title='bbox 1755 3129 1970 3192; x_wconf 84' lang='lat' dir='ltr'>temporis</span> 
     </span>
    </p>
   </div>
   <div class='ocr_carea' id='block_1_5' title="bbox 144 3188 1975 3305">
    <p class='ocr_par' dir='ltr' id='par_1_9' title="bbox 144 3188 1975 3305">
     <span class='ocr_line' id='line_1_46' title="bbox 144 3188 1975 3305; baseline 0.004 -69"><span class='ocrx_word' id='word_1_469' title='bbox 144 3191 197 3242; x_wconf 68' lang='grc' dir='ltr'>ἀ</span> <span class='ocrx_word' id='word_1_470' title='bbox 223 3188 424 3255; x_wconf 83' lang='lat' dir='ltr'>legitima</span> <span class='ocrx_word' id='word_1_471' title='bbox 453 3190 609 3247; x_wconf 80' lang='lat' dir='ltr'>diaeta3</span> <span class='ocrx_word' id='word_1_472' title='bbox 631 3191 791 3257; x_wconf 80' lang='lat' dir='ltr'>quibus</span> <span class='ocrx_word' id='word_1_473' title='bbox 818 3207 993 3251; x_wconf 80' lang='lat' dir='ltr'>tamen,</span> <span class='ocrx_word' id='word_1_474' title='bbox 1015 3210 1072 3243; x_wconf 86' lang='lat' dir='ltr'>ne</span> <span class='ocrx_word' id='word_1_475' title='bbox 1094 3192 1387 3244; x_wconf 81' lang='lat' dir='ltr'>diuturnitate</span> <span class='ocrx_word' id='word_1_476' title='bbox 1416 3209 1609 3242; x_wconf 85' lang='lat' dir='ltr'>noceant</span> <span class='ocrx_word' id='word_1_477' title='bbox 1625 3191 1788 3305; x_wconf 73' lang='lat' dir='ltr'>,Csatius</span> <span class='ocrx_word' id='word_1_478' title='bbox 1807 3194 1975 3259; x_wconf 59' lang='lat' dir='ltr'>estad-2</span> 
     </span>
     <span class='ocr_line' id='line_1_47' title="bbox 1684 3273 1746 3303; baseline 0 0"><span class='ocrx_word' id='word_1_479' title='bbox 1684 3274 1705 3303; x_wconf 88' lang='lat' dir='ltr'>C</span> <span class='ocrx_word' id='word_1_480' title='bbox 1722 3273 1746 3303; x_wconf 84' lang='lat' dir='ltr'>C</span> 
     </span>
    </p>
   </div>
   <div class='ocr_carea' id='block_1_6' title="bbox 2040 934 2282 1284">
    <p class='ocr_par' dir='ltr' id='par_1_10' title="bbox 2040 934 2282 1284">
     <span class='ocr_line' id='line_1_48' title="bbox 2086 934 2282 974; baseline 0.015 -5"><span class='ocrx_word' id='word_1_481' title='bbox 2086 935 2117 970; x_wconf 88' lang='lat'>1.</span> <span class='ocrx_word' id='word_1_482' title='bbox 2129 934 2282 974; x_wconf 75' lang='lat' dir='ltr'>Gonor-</span> 
     </span>
     <span class='ocr_line' id='line_1_49' title="bbox 2049 984 2279 1032; baseline 0.03 -11"><span class='ocrx_word' id='word_1_483' title='bbox 2049 984 2158 1024; x_wconf 80' lang='lat' dir='ltr'>rhoea</span> <span class='ocrx_word' id='word_1_484' title='bbox 2175 1017 2186 1032; x_wconf 84' lang='lat'><em>,</em></span> <span class='ocrx_word' id='word_1_485' title='bbox 2202 989 2279 1028; x_wconf 53' lang='lat' dir='ltr'>nim</span> 
     </span>
     <span class='ocr_line' id='line_1_50' title="bbox 2047 1042 2280 1084; baseline 0.013 -8"><span class='ocrx_word' id='word_1_486' title='bbox 2047 1049 2184 1084; x_wconf 72' lang='lat' dir='ltr'>recens,</span> <span class='ocrx_word' id='word_1_487' title='bbox 2201 1042 2280 1081; x_wconf 74' lang='lat' dir='ltr'>tuin</span> 
     </span>
     <span class='ocr_line' id='line_1_51' title="bbox 2048 1088 2246 1130; baseline 0.025 -5"><span class='ocrx_word' id='word_1_488' title='bbox 2048 1088 2246 1130; x_wconf 65' lang='lat' dir='ltr'>habitualis</span> 
     </span>
     <span class='ocr_line' id='line_1_52' title="bbox 2046 1142 2264 1198; baseline 0 -20"><span class='ocrx_word' id='word_1_489' title='bbox 2046 1142 2264 1198; x_wconf 78' lang='lat' dir='ltr'>hydrargy-</span> 
     </span>
     <span class='ocr_line' id='line_1_53' title="bbox 2046 1196 2275 1250; baseline -0.013 -15"><span class='ocrx_word' id='word_1_490' title='bbox 2046 1196 2119 1235; x_wconf 76' lang='lat' dir='ltr'>rofi</span> <span class='ocrx_word' id='word_1_491' title='bbox 2145 1196 2275 1250; x_wconf 76' lang='lat' dir='ltr'>super..</span> 
     </span>
     <span class='ocr_line' id='line_1_54' title="bbox 2040 1248 2103 1284; baseline 0.016 -1"><span class='ocrx_word' id='word_1_492' title='bbox 2040 1248 2103 1284; x_wconf 90' lang='lat' dir='ltr'>est.</span> 
     </span>
    </p>
   </div>
   <div class='ocr_carea' id='block_1_7' title="bbox 2043 1453 2274 1507">
    <p class='ocr_par' dir='ltr' id='par_1_11' title="bbox 2043 1453 2274 1507">
     <span class='ocr_line' id='line_1_55' title="bbox 2043 1453 2274 1507; baseline 0.009 -16"><span class='ocrx_word' id='word_1_493' title='bbox 2043 1453 2172 1507; x_wconf 79' lang='lat' dir='ltr'>Qre</span> <span class='ocrx_word' id='word_1_494' title='bbox 2222 1468 2274 1497; x_wconf 84' lang='lat' dir='ltr'>nae</span> 
     </span>
    </p>
   </div>
   <div class='ocr_carea' id='block_1_8' title="bbox 2041 1470 2253 1548">
    <p class='ocr_par' dir='ltr' id='par_1_12' title="bbox 2041 1470 2253 1548">
     <span class='ocr_line' id='line_1_56' title="bbox 2041 1470 2253 1548; baseline 0.014 -3"><span class='ocrx_word' id='word_1_495' title='bbox 2041 1519 2163 1546; x_wconf 71' lang='lat' dir='ltr'>tecens</span> <span class='ocrx_word' id='word_1_496' title='bbox 2176 1470 2226 1547; x_wconf 45' lang='lat' dir='ltr'>est</span> <span class='ocrx_word' id='word_1_497' title='bbox 2241 1517 2253 1548; x_wconf 76' lang='grc' dir='ltr'><em>Ξ</em></span> 
     </span>
    </p>
   </div>
   <div class='ocr_carea' id='block_1_9' title="bbox 2033 2161 2262 2217">
    <p class='ocr_par' dir='ltr' id='par_1_13' title="bbox 2033 2161 2262 2217">
     <span class='ocr_line' id='line_1_57' title="bbox 2033 2161 2262 2217; baseline 0.013 -19"><span class='ocrx_word' id='word_1_498' title='bbox 2033 2161 2119 2211; x_wconf 85' lang='lat' dir='ltr'>Qa</span> <span class='ocrx_word' id='word_1_499' title='bbox 2126 2175 2161 2201; x_wconf 84' lang='lat' dir='ltr'>re</span> <span class='ocrx_word' id='word_1_500' title='bbox 2182 2176 2262 2217; x_wconf 64' lang='lat' dir='ltr'>quse</span> 
     </span>
    </p>
   </div>
   <div class='ocr_carea' id='block_1_10' title="bbox 2028 2212 2262 2259">
    <p class='ocr_par' dir='ltr' id='par_1_14' title="bbox 2028 2212 2262 2259">
     <span class='ocr_line' id='line_1_58' title="bbox 2028 2212 2262 2259; baseline 0.034 -8"><span class='ocrx_word' id='word_1_501' title='bbox 2028 2212 2226 2257; x_wconf 70' lang='lat' dir='ltr'>inveterata</span> <span class='ocrx_word' id='word_1_502' title='bbox 2248 2227 2262 2259; x_wconf 73' lang='grc' dir='ltr'><strong><em>ἓ</em></strong></span> 
     </span>
    </p>
   </div>
   <div class='ocr_carea' id='block_1_11' title="bbox 2012 2814 2245 3017">
    <p class='ocr_par' dir='ltr' id='par_1_15' title="bbox 2012 2814 2245 3017">
     <span class='ocr_line' id='line_1_59' title="bbox 2074 2814 2245 2863; baseline 0.006 -8"><span class='ocrx_word' id='word_1_503' title='bbox 2074 2814 2245 2863; x_wconf 78' lang='lat' dir='ltr'>Utraque</span> 
     </span>
     <span class='ocr_line' id='line_1_60' title="bbox 2016 2867 2244 2910; baseline 0.009 -10"><span class='ocrx_word' id='word_1_504' title='bbox 2016 2875 2134 2904; x_wconf 77' lang='lat' dir='ltr'>tamen</span> <span class='ocrx_word' id='word_1_505' title='bbox 2144 2867 2244 2910; x_wconf 58' lang='lat' dir='ltr'>Met-</span> 
     </span>
     <span class='ocr_line' id='line_1_61' title="bbox 2012 2920 2245 2960; baseline 0.009 -7"><span class='ocrx_word' id='word_1_506' title='bbox 2012 2920 2101 2954; x_wconf 73' lang='lat' dir='ltr'>curii</span> <span class='ocrx_word' id='word_1_507' title='bbox 2115 2922 2245 2960; x_wconf 78' lang='lat' dir='ltr'>effica-</span> 
     </span>
     <span class='ocr_line' id='line_1_62' title="bbox 2013 2970 2243 3017; baseline 0.017 -7"><span class='ocrx_word' id='word_1_508' title='bbox 2013 2970 2106 3011; x_wconf 78' lang='lat' dir='ltr'>ciam</span> <span class='ocrx_word' id='word_1_509' title='bbox 2125 2973 2243 3017; x_wconf 72' lang='lat' dir='ltr'>sensit.</span> 
     </span>
    </p>
   </div>
  </div>
 </body>
</html>
