2477 3643
635 127 889 177 Lini-:n
939 132 995 177 V.
1063 129 1418 177 SEcUtuM
1480 131 1655 176 XVI.
1939 149 2033 198 453

211 201 278 254 ‘eis
306 205 371 253 uti
395 206 570 254 nolunt.
610 209 875 269 Describam
901 210 1037 273 igitur
1058 209 1172 264 tibi,
1196 215 1328 277 pergit
1351 213 1420 255 ille
1438 250 1452 264 ,
1479 211 1625 275 aliqua
1647 228 1872 277 unguenta
1892 213 1992 263 illo-
2012 235 2038 254 c·

215 288 313 318 tum
335 273 621 319 Medicorum
636 307 648 326 ,
667 290 714 319 ut
734 273 888 320 sentias
905 275 1028 339 quod
1045 293 1136 323 non
1156 276 1255 322 sunt
1272 272 1465 323 Medicis
1483 276 1650 325 secreta
1663 311 1676 331 ,
1696 279 1988 342 quemadmo-
2008 299 2036 319 κ
2072 300 2078 302 ’

212 335 320 381 dum
340 338 534 383 fatentur
553 338 620 384 illi
640 339 866 403 Empirici.
886 360 909 377 e·

268 401 492 447 Caeterum
525 402 703 449 videtur
732 403 820 449 fide
851 403 1020 467 optima
1046 404 1252 468 proferre
1278 422 1565 469 quaecumque
1593 405 1815 452 utilissima
1839 408 2034 453 noverit.

213 467 280 522 (ιτ)
300 465 367 511 Sic
379 466 454 525 fhb
467 468 590 526 finem
613 469 917 527 Diffl’rtationis
939 470 1148 533 proponit
1157 473 1349 529 ficretnm
1370 471 1631 531 chariffimum
1648 472 1706 516 ad
1722 474 1859 517 ulcera
1877 476 2000 536 virgae
2019 509 2034 525 ,

216 531 305 575 cltm
324 531 505 593 ,ampliits
530 534 645 576 nulla
661 534 751 595 spes
776 532 824 589 est
841 570 855 585 ,
884 551 970 578 cnm
997 552 1070 594 qno
1089 571 1103 588 ‚
1133 550 1181 580 ut
1205 534 1293 588 ait,
1309 535 1452 598 stepiics
1467 536 1625 600 famam
1652 536 1703 584 ῥ’
1727 539 1939 601 pecuniam
1967 554 2034 583 ac-

213 594 400 656 quisivit.
438 597 667 641 §eci-etum
694 613 841 641 autem
863 597 948 642 tale
977 599 1036 642 est
1060 616 1069 642 :

283 673 340 712 Βι.
366 661 589 705 Pbtlvermn
607 661 752 706 Barbae
790 661 1063 722 (b)sjslvanae
1092 661 1168 727 ᾗ).

365 725 558 785 ΜγννΙοιε
590 725 639 770 &⁹
669 726 796 770 thuris
826 742 907 770 ana
932 741 961 788 3
981 725 1025 787 ij.

364 789 598 852 Offissepiae
626 794 699 851 3)-

278 852 540 915 Aspergatur
566 871 653 900 cnm
672 872 712 899 eo
739 856 863 900 ulcus.

271 981 296 1031 J
313 997 341 1024 o
362 997 392 1026 A
409 999 437 1026 N
455 998 483 1026 N
501 998 520 1026 E
541 997 557 1025 s
610 983 641 1027 P
657 998 687 1028 A
702 999 719 1027 s
737 999 761 1027 c
783 999 812 1026 Η
834 997 864 1026 A
882 999 904 1027 L
923 999 937 1026 1
956 999 973 1026 s
995 1014 1007 1032 ‚
1045 978 1274 1027 Sueffanus
1302 1013 1314 1032 ‚
1348 981 1433 1027 hoc
1469 984 1527 1028 est
1560 981 1775 1028 oriundus
1819 1000 1873 1030 ex
1919 981 2032 1030 urbe

213 1042 462 1109 Episcopali
479 1045 629 1092 Suessa
642 1080 653 1098 ‚
668 1064 760 1109 quae
779 1046 1085 1110 Metropoleos
1103 1048 1321 1109 Capuanae
1339 1045 1623 1110 Suffraganea
1638 1049 1696 1093 est
1711 1081 1723 1099 ,
1745 1046 1910 1111 scripsit
1927 1047 2035 1093 Dia·

210 1107 374 1154 tribam
399 1111 468 1155 cui
488 1110 637 1156 titulus
656 1114 714 1156 est
735 1130 744 1155 z
771 1117 834 1156 De
848 1112 979 1156 morbo
1000 1111 1170 1174 quodam
1192 1113 1392 1173 compostto
1412 1149 1425 1164 ,
1451 1116 1519 1173 [μα’
1546 1112 1670 1174 vulgi)
1686 1114 1799 1175 apud
1825 1130 1893 1157 nos
1925 1113 2036 1159 Gal-

210 1171 320 1218 licus
352 1178 616 1238 appellatur,
643 1180 685 1220 in
718 1179 872 1239 Capita
896 1193 1036 1235 novem
1064 1174 1370 1227 distributam,
1405 1181 1450 1220 δέ
1483 1176 1652 1222 editam
1686 1176 1882 1240 Neapoli
1915 1193 2036 1224 anno

219 1254 234 1282 1
254 1255 271 1302 5
290 1258 359 1299 34.
396 1244 438 1283 in
467 1247 532 1296 40.
563 1240 611 1284 in
629 1239 715 1302 qua
733 1257 871 1302 pauca
887 1238 1089 1302 praefatus
1109 1238 1163 1284 de
1186 1239 1334 1284 morbi
1352 1239 1573 1303 epidemia
1593 1274 1605 1292 ,
1632 1241 1833 1288 novitate
1853 1242 2039 1293 ‚natura

211 1307 258 1348 &
287 1302 418 1348 caufis
435 1337 447 1355 ‚
478 1304 533 1348 ad
557 1305 836 1349 curationem
864 1303 953 1347 cito
982 1320 1217 1368 properat3
1244 1322 1378 1367 quam
1402 1305 1549 1351 censet
1568 1305 1752 1368 quidem
1777 1305 2038 1353 methodica

210 1367 436 1432 therapeizi
465 1368 815 1431 aggrediendam
848 1366 960 1420 effe,
993 1368 1069 1415 sed
1104 1368 1163 1413 ita
1192 1384 1340 1415 tamen
1373 1385 1420 1415 ut
1449 1369 1671 1434 triplicem
1700 1370 1829 1416 aliam
1856 1371 2037 1416 metho-

209 1432 320 1477 dum
353 1431 618 1496 subjungat,
652 1438 835 1479 Primam
864 1451 950 1497 ope
982 1433 1291 1479 inuncsstionmn
1313 1467 1325 1485 ,
1355 1452 1542 1497 quarum
1562 1434 1692 1480 tertia
1724 1434 1929 1497 quaelibet
1962 1434 2039 1483 fiat

210 1514 312 1542 cum
337 1514 567 1560 unguento
590 1497 841 1543 mercuriali
864 1516 873 1542 ε
903 1501 1099 1544 Alteram
1119 1515 1204 1562 ope
1226 1496 1448 1545 stuffarum
1471 1532 1483 1550 ‚
1518 1503 1601 1559 (c)
1636 1526 1657 1541 υ
1679 1503 1862 1562 AEgtum
1876 1502 1992 1560 scili-
2011 1523 2037 1543 u

213 1578 274 1609 cet
314 1562 431 1608 iutra
460 1562 632 1608 dolium
661 1563 733 1610 vel
765 1562 1052 1608 commodam
1083 1562 1222 1607 tinam
1248 1562 1364 1609 bene
1394 1579 1653 1627 coopertam
1681 1564 1850 1611 intrare
1889 1581 1989 1628 per·
2012 1589 2037 1607 a

207 1626 432 1672 mittendo
448 1661 459 1678 ,
487 1627 564 1672 ubi
591 1627 702 1672 duos
731 1627 803 1672 vel
831 1642 919 1673 tres
941 1627 1011 1674 vel
1031 1627 1177 1691 plures
1196 1626 1364 1691 lapides
1385 1629 1570 1674 molares
1589 1663 1601 1681 ‚
1633 1629 1703 1675 vel
1724 1629 1886 1691 pyrites
1906 1627 1994 1675 five
2013 1652 2039 1670 ce

207 1689 405 1737 focarios
433 1691 546 1737 bene
573 1692 738 1755 ignitos
767 1692 1065 1743 intromittas,
1096 1691 1221 1756 supra
1249 1691 1408 1755 quibus
1430 1727 1441 1745 ‚
1469 1693 1575 1738 dum
1601 1693 1657 1738 sic
1684 1693 1817 1755 igniti
1845 1698 1890 1738 &
1921 1711 1990 1739 ar-
2013 1718 2040 1736 u

209 1755 367 1803 dentes
398 1755 627 1803 servantur
648 1790 659 1809 ‚
692 1774 793 1802 cum
819 1757 947 1820 petiis
981 1757 1051 1802 vel
1090 1755 1219 1820 scopa
1248 1756 1391 1820 aliqua
1418 1758 1473 1803 de
1505 1759 1723 1804 acerrimo
1755 1773 1880 1803 aceto
1920 1757 1988 1803 su-
2014 1786 2038 1803 η

207 1821 542 1885 peraffundatur
565 1855 578 1872 ,
614 1821 726 1867 adeo
761 1826 808 1866 &
840 1820 997 1867 tandiu
1030 1822 1259 1884 quousque
1298 1821 1609 1868 indifferenter
1647 1838 1792 1867 totum
1830 1840 1990 1886 corpus
2012 1846 2037 1863 ec

210 1885 424 1949 exquisite
445 1885 688 1932 sudaverit.
714 1910 736 1927 υ
755 1889 943 1932 Tertiam
964 1884 1144 1931 demum
1164 1904 1250 1951 ope
1270 1886 1443 1932 decoffl
1459 1888 1474 1944 ζ
1490 1888 1545 1945 d)
1562 1888 1766 1947 cujusdam
1787 1889 1919 1950 ligni,
1936 1888 2042 1949 quod

209 1954 442 1996 nominatur
460 1955 612 2015 lignum
631 1953 825 1996 semmam
835 1953 928 2010 five
945 1954 1162 1996 Indiacum
1179 1989 1193 2004 ,
1215 1955 1311 2013 quia
1335 1953 1427 1997 inde
1448 1952 1607 1996 danm
1640 1952 1689 2011 est
1733 1950 1899 1997 recbnw
1922 1956 2043 2015 cujus

207 2014 384 2061 decocti
411 2015 841 2060 administrationem
872 2014 1021 2059 multis
1047 2014 1252 2078 explicat.

277 2079 499 2126 Caeterum
527 2079 653 2125 affert
672 2079 875 2126 remedia
894 2079 947 2124 ad
968 2078 1254 2141 corrigendas
1272 2078 1464 2125 laefiones
1482 2111 1493 2129 ,
1525 2094 1618 2140 quae
1637 2077 1822 2141 singulas
1842 2079 1936 2124 illas
1959 2097 2039 2125 cu-

212 2144 406 2190 rationes
426 2143 547 2207 sequi
572 2144 713 2190 solent
730 2178 742 2196 ‚
770 2162 815 2188 v.
832 2161 875 2207 g.
914 2147 989 2202 (e)
1017 2169 1039 2183 υ
1062 2143 1341 2205 Gargar-isma
1359 2143 1414 2188 ad
1447 2143 1595 2188 ulcera
1614 2143 1701 2188 oris
1724 2145 1817 2207 post
1835 2144 1994 2189 inunc-
2014 2163 2039 2182 κ

213 2209 385 2256 tionem
421 2226 432 2261 3
471 2212 550 2268 (e)
585 2209 821 2255 Pulverem
852 2208 908 2253 ad
939 2207 1094 2254 dentes
1118 2209 1331 2253 relaxatos
1363 2206 1417 2252 ab
1435 2207 1726 2260 inunctione3
1762 2211 1842 2265 (e)
1868 2210 1993 2255 Con-
2014 2230 2039 2249 a

211 2273 359 2319 ditum
384 2307 396 2325 ‚
417 2273 623 2337 syrupurn
641 2307 654 2325 ,
675 2289 952 2336 unguentum
976 2277 1062 2317 &c.
1082 2272 1138 2316 ad
1160 2271 1474 2334 corrigendam
1495 2271 1683 2317 calidam
1705 2271 1962 2333 dyscrafiam
1978 2306 1992 2325 ,
2013 2296 2038 2315 οι

209 2355 344 2401 quam
372 2338 505 2400 hepar
533 2343 578 2382 δε
610 2355 737 2384 renes
768 2336 1004 2399 acquirunt
1021 2370 1032 2387 ,
1060 2334 1154 2381 tum
1182 2339 1274 2399 post
1293 2335 1462 2383 stuffam
1481 2335 1732 2400 praedistam
1751 2369 1764 2389 ‚
1781 2351 1876 2383 tum
1894 2339 1988 2401 post
2010 2359 2037 2377 «ε

212 2401 552 2467 assumptionem
570 2401 862 2449 decocrorum
880 2401 992 2465 ligni
1011 2401 1218 2466 praedicti.
1243 2423 1267 2440 «ι

278 2533 700 2577 ΑυουςτῐΝυε
743 2533 824 2577 N1
848 2546 999 2575 PHUS
1041 2533 1469 2581 ΡΗΙιοτΗΕυε,
1498 2528 1759 2580 Sueffanus‚
1794 2527 2035 2575 hocestex

211 2595 371 2644 eadem
401 2595 511 2642 urbe
536 2596 790 2660 Campaniae
806 2595 918 2648 ,fuit
947 2594 1022 2639 suo
1052 2611 1254 2658 tempore
1271 2593 1446 2639 celeber
1472 2594 1677 2640 Medicus
1696 2599 1741 2638 δε
1764 2593 2033 2655 Astrologus.

216 2663 379 2707 Praeter
403 2660 485 2705 alia
506 2664 659 2724 Opera
679 2659 778 2706 satis
794 2661 933 2706 multa
955 2658 1116 2723 scripsit
1135 2659 1308 2707 Librum
1331 2662 1400 2704 De
1425 2658 1583 2705 Morbo
1603 2660 1762 2704 Gallico
1781 2695 1795 2710 ,
1811 2657 1887 2720 qui
1909 2660 2034 2704 Nea-

213 2725 306 2789 poli
332 2724 476 2771 editus
499 2726 557 2771 est
582 2729 623 2770 in
642 2734 711 2783 40.
730 2743 847 2771 anno
874 2743 888 2769 1
908 2742 925 2787 5
944 2745 1014 2785 34.

276 2787 370 2852 Ipse
403 2791 477 2849 (f)
509 2788 590 2835 fibi
622 2790 812 2852 Eutychi
839 2787 1065 2838 Philothei
1096 2804 1264 2834 nomen
1296 2785 1527 2852 adoptavit
1556 2803 1636 2851 pro
1664 2801 1792 2835 more
1811 2799 1937 2832 aetate
1958 2785 2031 2833 sua

216 2868 415 2917 recepto.

270 2984 311 3026 G
329 2995 355 3024 υ
376 2999 405 3025 Ν
426 2998 453 3025 D
472 2998 485 3025 1
502 2996 520 3024 s
539 2996 568 3026 Α
587 2998 609 3025 L
625 2998 658 3028 v
675 2996 703 3025 U
722 2995 738 3024 s
779 2985 806 3025 F
823 2998 843 3025 E
861 2998 892 3025 R
909 2998 937 3024 N
956 2993 987 3024 A
1007 2997 1036 3024 N
1056 2996 1083 3023 D
1099 2997 1155 3025 εκ
1172 3011 1184 3030 ,
1216 2978 1455 3043 Hispanice
1484 2978 1664 3044 Gonfalo
1692 2978 1956 3025 Hernandez
1984 2977 2033 3024 de

213 3046 382 3092 Oviedo
402 3064 431 3109 y
461 3049 508 3090 V
507 3046 618 3089 alde's
634 3085 648 3099 ‚
674 3060 817 3106 genere
847 3047 861 3100 (
872 3046 929 3107 g)
958 3043 1083 3100 Astur
1101 3082 1115 3096 ‚
1140 3046 1272 3088 natali
1292 3046 1554 3105 Matritensts
1573 3083 1587 3097 ,
1619 3056 1736 3087 natus
1758 3041 1807 3099 est
1827 3047 1936 3089 circa
1955 3061 2034 3088 an·

217 3128 314 3156 num
351 3115 486 3168 1478.
515 3110 562 3154 in
590 3108 701 3154 Aula
727 3108 994 3155 Ferdinandi
1022 3108 1157 3171 Regis
1188 3109 1423 3172 Aragoniae
1456 3114 1500 3154 δε
1534 3106 1725 3154 [sabellae
1758 3108 2037 3154 Castiliarum

210 3174 395 3239 Reginae
423 3174 632 3225 educatus
649 3172 735 3221 fuit
763 3173 880 3222 inter
900 3172 1108 3239 Ephebos
1127 3172 1292 3223 aulicos
1309 3207 1323 3230 ,
1348 3191 1398 3222 ac
1417 3172 1508 3239 ipse
1526 3171 1710 3284 Ρῑεείῖἰηῗ
1725 3170 1868 3282 ⁶{td-‘fuit
1894 3172 2036 3221 Barci-

1769 3251 1818 3301 Η]

2083 562 2102 595 8
2132 504 2186 556 (a)
2219 510 2312 558 cap.

2108 650 2162 696 (bl
2193 649 2313 687 Barba.

2076 701 2226 754 sylvana
2261 701 2313 739 est:

2078 755 2255 806 plantago

2076 818 2262 858 aquatica.

2077 859 2159 898 vid.
2186 863 2267 895 Do·

2076 911 2246 949 domum.

2132 1005 2278 1056 ¹534·

2121 1513 2193 1565 (ι)
2222 1517 2320 1564 cap.

2088 1908 2142 1959 (d)
2169 1907 2318 1947 zbiaem.

2127 2228 2196 2278 (e)
2219 2230 2313 2278 cap.

2134 2542 2279 2598 1534:

2077 2736 2088 2777 ί
2103 2736 2147 2782 f)
2178 2737 2312 2779 chat.

2074 2790 2232 2829 Moreau
2248 2819 2260 2837 ‚
2274 2807 2315 2831 m

2074 2843 2156 2879 vitai
2183 2844 2311 2886 Jacobs·

2077 2895 2203 2942 Sylvii.

2128 2993 2278 3044 1525·

2131 3078 2147 3106 ¹
2165 3079 2183 3128 5
2200 3085 2218 3126 3
2235 3080 2257 3130 5
2266 3099 2277 3110 ·

2110 3147 2159 3193 fg)
2185 3147 2311 3185 Nicol.

2080 3199 2258 3245 Antonio,
2271 3202 2312 3243 in
