2477 3643
411 88 532 190 ᾖε
768 120 1931 177 DEMORB1SVENEREIS.·

433 204 709 270 consequens
736 203 796 251 est
818 205 1081 253 variandum
1105 222 1287 274 quoque
1308 201 1430 251 vocis
1446 217 1604 252 tonum
1619 238 1632 259 ,
1653 220 1701 253 ut
1717 223 1771 254 ex
1791 204 1969 263 Musiaae
1981 207 2288 273 pneumaticae-

433 269 608 318 theoria
638 269 778 333 liquet
794 304 806 322 ‚
832 271 953 319 unde
977 270 1106 316 sonus
1145 270 1300 316 natalis
1320 302 1335 322 ‚
1368 267 1492 315 vocis
1516 270 1703 318 raucitas
1719 303 1732 324 ,
1766 270 1959 337 aphoriia
1992 276 2087 320 δίε.
2108 272 2276 338 quibus>

433 333 613 398 singulis
629 329 872 396 symbolam
891 352 1072 399 quoque
1092 350 1186 380 non
1211 334 1312 380 raro
1329 331 1570 380 conferunt
1586 334 1760 382 inflatio
1776 369 1788 388 ,
1805 335 1992 385 durities
2005 370 2020 391 ,
2034 336 2242 404 'asperitas
2255 370 2279 390 ,a

433 398 577 449 erofio
601 405 644 445 δέ
663 400 936 446 exulceratio
959 417 1052 446 tum
1074 398 1258 446 tracheae
1275 397 1444 446 arteriae
1463 432 1476 450 ,
1505 415 1598 446 tum
1617 401 1835 462 glottidis.

207 475 275 513 VI.
302 472 392 513 Oris
498 471 538 513 V
557 469 590 510 1.
623 464 813 512 Neceffc
832 466 891 511 est
909 465 934 509 a
955 463 1111 529 spiritu
1125 497 1139 516 ,
1157 465 1234 527 qui
1254 465 1276 510 ὲ
1293 462 1581 529 pulmonibus
1596 462 1860 529 exspirando
1878 464 2085 512 educitur
2098 498 2112 518 ‚
2137 484 2278 531 puru-

159 524 288 568 foeffls·
434 529 557 577 lenta
576 528 800 575 miasmata
818 546 912 575 non
936 547 1070 592 pauca
1090 529 1359 576 transeundo
1379 527 1523 593 abripi
1540 547 1593 576 ex
1614 529 1815 576 faucibus
1830 564 1843 582 ‚
1862 530 2055 594 gingivis
2070 531 2273 578 naribus·

439 613 493 641 ve
513 629 524 647 ,
546 593 575 640 fi
597 594 854 640 exulceratae
875 593 956 638 sint
973 628 986 647 ‚
1004 610 1135 658 atque
1158 595 1265 641 inde
1294 591 1580 641 olidiffimum
1610 595 1803 641 odorem
1822 596 2040 642 contrahi.
2070 593 2192 643 Hinc
2211 599 2275 650 est

437 659 561 724 qubd
588 658 824 724 syphilitici
840 693 854 711 ,
873 659 950 722 qui
970 677 1046 705 ore
1063 659 1134 706 vel
1162 659 1338 705 naribus
1365 659 1628 706 exulceratis
1646 659 1854 707 laborant
1870 692 1886 712 ,
1906 660 1955 708 id
1975 661 2126 712 oleant
2144 695 2160 717 ,

661 728 713 780 (a
732 734 744 778 )
792 724 916 786 Qod
933 727 1049 784 siccae
1075 724 1223 770 redolet
1246 727 1369 788 palus
1400 726 1550 769 lacuna
1567 763 1583 779 ‚

655 787 781 848 Qod
808 788 947 851 pressei
976 795 1094 853 piger
1125 788 1263 835 hircus
1292 795 1335 835 in
1361 784 1555 851 capelli,

659 855 786 912 Qod
813 852 871 898 bis
901 859 1050 901 murice
1080 855 1213 898 vellus
1239 858 1492 917 inquinatum
1510 890 1529 907 ,

657 916 781 980 Qod
800 922 963 978 jejunia
995 917 1351 965 Sabbatariornm.

712 1048 914 1099 §.IV‚
969 1048 1454 1095 DOLORES
1518 1047 1991 1094 VENEREI.

491 1175 565 1221 Ad
583 1177 841 1241 contagium
861 1193 1106 1223 venereum
1125 1174 1249 1240 quod
1278 1177 1436 1241 irrepit
1455 1212 1466 1231 ,
1488 1174 1820 1224 admittendum
1841 1174 1885 1222 se
1913 1173 2060 1222 facilia
2077 1175 2279 1238 praebenc

430 1238 518 1286 tria
540 1240 782 1289 humorum
804 1259 969 1305 genera
989 1275 1002 1295 ,
1021 1259 1117 1305 quae
1149 1259 1197 1288 ut
1222 1257 1397 1288 artuum
1427 1243 1621 1289 motioni
1641 1241 1895 1287 conducant
1913 1242 1936 1287 a
1965 1240 2120 1287 natura
2147 1259 2278 1288 com·-

428 1322 581 1369 parata
606 1306 730 1359 sunt,
761 1325 921 1371 nempe
946 1315 1006 1351 10.
1039 1310 1236 1371 Mucago
1254 1306 1508 1354 muscularis
1529 1342 1540 1359 ‚
1570 1305 1656 1371 qua
1685 1306 1851 1352 extima
1870 1305 2175 1352 musculorum
2204 1305 2278 1352 su-

427 1369 629 1433 perficies
650 1372 827 1424 madet,
845 1388 892 1417 ut
910 1371 1083 1418 lubrica
1105 1371 1193 1418 fiat.
1228 1380 1291 1418 20.
1318 1376 1503 1434 Synovia
1524 1371 1597 1418 seu
1617 1371 1862 1417 articularis
1877 1388 2067 1434 mucago
2081 1404 2092 1422 ,
2110 1388 2204 1433 quae
2223 1372 2275 1419 in

429 1436 653 1495 jundturas
676 1438 908 1484 instillatur
926 1471 938 1489 ‚
974 1455 1032 1484 ne
1051 1436 1205 1483 offium
1235 1434 1428 1483 afflictus
1455 1437 1613 1483 durior
1633 1436 1697 1482 fit.
1732 1444 1794 1495 3⁰.
1825 1438 2022 1498 Mucago
2042 1437 2239 1499 periostii
2258 1470 2276 1489 ,

425 1497 514 1561 qua
535 1501 732 1549 exrerior
754 1501 949 1567 periostii
971 1500 1106 1549 facies
1138 1501 1383 1553 oblinitur,
1409 1517 1457 1546 ut
1485 1500 1715 1566 superjecti
1748 1499 1935 1546 musculi
1964 1499 2147 1546 liberius
2174 1519 2276 1547 mo-

427 1564 712 1629 veriipoffint.
745 1567 866 1613 Hinc
886 1584 997 1630 ergo
1018 1566 1276 1613 deducendi
1297 1566 1480 1613 dolores
1501 1584 1655 1614 omnes
1676 1566 1891 1618 venerei,
1909 1564 2069 1629 quibus
2092 1564 2276 1630 syphili-

431 1627 510 1674 tici
530 1629 680 1677 dirum
698 1632 746 1677 in
764 1632 950 1678 modum
970 1631 1307 1677 discruciamur.

178 1701 213 1737 Ι.
228 1699 387 1760 Dolores
496 1697 677 1760 Nempe
708 1702 741 1743 I.
769 1698 815 1744 Si
841 1713 1030 1759 mucago
1050 1694 1307 1742 muscularis
1325 1711 1519 1742 venereo
1547 1694 1736 1743 seminio
1754 1692 1941 1757 gravida
1958 1693 2003 1740 in
2029 1711 2277 1760 concepta-

156 1751 390 1794 ssheumatlffl·
431 1758 539 1805 culis
565 1760 725 1807 haereat
743 1796 755 1814 ‚
780 1759 1073 1825 grandinosos
1107 1777 1302 1808 tumores
1338 1762 1584 1807 excitatura
1607 1762 1666 1807 est
1687 1793 1700 1813 ‚
1721 1759 1841 1805 unde
1873 1757 2079 1805 cohibito
2111 1762 2183 1807 vel
2205 1779 2280 1809 te-

434 1825 611 1871 tardato
641 1825 862 1889 sanguinis
886 1824 1007 1871 fluxu
1025 1826 1159 1872 dolor
1190 1825 1488 1873 rheumaticus
1506 1860 1518 1878 ,
1539 1825 1730 1873 tenfivus
1748 1858 1759 1876 ‚
1783 1823 2022 1888 pulsativus
2039 1858 2050 1876 ‚
2073 1841 2173 1871 cum
2206 1842 2279 1872 tu·-

431 1905 560 1935 more
582 1890 813 1937 manifesto
847 1895 892 1936 ὃς
915 1890 1266 1937 inflammatorio
1299 1909 1310 1944 3
1337 1890 1366 1935 fi
1393 1891 1503 1936 verb
1523 1889 1631 1937 fluat
1648 1924 1660 1943 ,
1690 1887 1768 1935 sed
1786 1889 1932 1935 acrior
1954 1894 2000 1934 &
2021 1890 2244 1937 virulenta
2259 1923 2278 1944 ,

436 1954 736 2001 mordicando
769 1961 814 2002 ὃς
847 1955 1114 2001 stimulando
1148 1956 1357 2002 dolorem
1388 1955 1561 2001 illatura
1587 1957 1646 2001 est
1683 1954 2010 2000 rheumaticum
2041 1986 2053 2004 ‚
2091 1971 2275 2009 acrem,

433 2018 720 2082 pungitivum
740 2054 752 2071 ,
769 2037 870 2066 cum
889 2020 1035 2065 calore
1067 2020 1252 2083 quidem
1269 2054 1280 2071 ,
1300 2018 1375 2065 sed
1407 2018 1496 2066 sine
1515 2019 1883 2065 inflammatione.
1911 2017 2104 2064 Dolores
2125 2037 2275 2068 autem

430 2082 677 2130 istiusmodi
695 2084 791 2130 haec
811 2101 885 2131 aut
905 2084 981 2130 illa
999 2119 1011 2137 ‚
1029 2084 1154 2147 plura
1172 2084 1243 2131 vel
1270 2084 1480 2149 pauciora
1508 2084 1608 2130 loca
1635 2098 1856 2147 occupant
1874 2116 1887 2134 ‚
1908 2087 1953 2128 &
1978 2083 2079 2146 vagi
2098 2084 2170 2131 vel
2196 2085 2286 2132 fixiv

431 2147 532 2193 sunt
552 2181 563 2199 ,
590 2165 721 2212 prout
739 2149 994 2196 muscularis
1013 2149 1181 2214 limpha
1202 2149 1248 2196 in
1267 2150 1333 2195 his
1354 2165 1427 2194 aut
1448 2148 1532 2194 illis
1551 2182 1563 2200 ‚
1593 2147 1879 2212 pluribusque
1896 2148 1965 2194 vel
1987 2149 2276 2212 paucioribus

431 2212 544 2259 locis
573 2212 762 2259 afficitur
789 2249 801 2267 ,
831 2214 1050 2262 vitiumve
1076 2232 1168 2278 quo
1197 2230 1351 2278 peccat
1379 2248 1391 2266 ,
1421 2230 1680 2277 permanens
1708 2215 1767 2259 est
1796 2212 1867 2259 vel
1902 2211 2150 2266 mutabile3
2179 2231 2276 2277 quae

430 2275 597 2340 singula
632 2279 753 2325 varie
786 2280 958 2325 variant
992 2297 1073 2343 pro
1106 2280 1298 2344 partium
1326 2278 1687 2324 conformatione
1719 2283 1765 2323 δε
1803 2277 2042 2339 qualitate,
2063 2278 2276 2325 acciden-

433 2342 547 2387 tium
568 2359 859 2390 externorum
881 2344 1098 2390 concursu
1118 2379 1129 2397 ‚
1148 2350 1194 2390 ὃς
1214 2344 1378 2390 veneni
1399 2344 1580 2390 venerei
1600 2342 1756 2388 natura
1777 2347 1821 2387 &
1843 2340 2012 2388 indole.
2048 2343 2273 2391 Caeterum

431 2406 486 2452 ad
507 2406 803 2455 rheumaticos
817 2409 996 2456 dolores
1015 2408 1262 2461 ischiadici,
1277 2409 1383 2454 sicut
1408 2408 1635 2471 lumbago,
1654 2406 1884 2454 referendi
1902 2406 2000 2452 sunt
2014 2439 2027 2458 ,
2047 2422 2094 2452 ut
2110 2407 2279 2473 species

435 2471 496 2518 ad
518 2489 655 2535 genus
671 2506 682 2525 ,
701 2472 802 2518 cum
823 2474 878 2520 ad
892 2472 1115 2520 musculos
1134 2474 1266 2520 ambo
1288 2474 1554 2537 pertineant.

194 2556 248 2595 Π,
270 2559 389 2597 Dolo·
498 2540 514 2581 1
537 2542 568 2582 Ι.
606 2538 752 2583 Simili
771 2539 910 2585 modo
929 2538 958 2584 fi
987 2538 1224 2601 mucagine
1244 2538 1470 2584 articulari
1492 2538 1564 2584 seu
1586 2534 1772 2598 synovia
1788 2570 1798 2588 ‚
1819 2552 1913 2599 quae
1941 2535 2163 2583 virulenta
2184 2553 2275 2600 prae

160 2613 388 2667 rrsarrhd·
432 2599 704 2664 spiffitudine
739 2602 925 2655 haerear,
961 2603 1290 2666 mucilaginosae
1312 2603 1530 2666 glandulae
1555 2602 1675 2648 unde
1707 2599 1887 2646 scaturit
1906 2634 1918 2652 ‚
1946 2600 2157 2647 inflentur
2177 2634 2190 2653 ,
2226 2607 2276 2648 δε

159 2672 236 2701 ΠΜ·
433 2667 634 2712 coercito
670 2665 892 2730 sanguinis
913 2665 1103 2713 circuitu
1123 2666 1460 2714 inflammentur
1482 2701 1495 2719 ,
1531 2667 1665 2713 dolor
1700 2664 1953 2711 arthriticus
1986 2665 2275 2713 advocandus

434 2731 495 2775 est
514 2764 525 2781 ,
548 2730 736 2777 tensivus
757 2748 830 2777 aut
852 2730 1089 2794 pulsativus
1104 2767 1116 2785 ,
1137 2750 1237 2777 cum
1259 2731 1434 2777 articuli
1455 2731 1604 2777 calore
1624 2764 1636 2782 ,
1663 2729 1824 2776 rubore
1839 2763 1868 2789 ,Α
1885 2729 2239 2778 inflammatione
2260 2751 2273 2778 ι

434 2794 511 2840 Sin
532 2795 640 2840 veto
662 2796 893 2859 mucagine
914 2795 1072 2842 eadem
1089 2831 1100 2849 ‚
1120 2813 1216 2860 quae
1236 2797 1283 2842 in
1303 2798 1520 2856 jundmras
1542 2795 1682 2841 libere
1703 2793 1885 2856 quidem
1905 2793 2014 2839 fluat
2033 2827 2044 2845 ‚
2074 2793 2149 2841 sed
2177 2802 2274 2858 quae

432 2860 543 2921 justo
565 2860 709 2906 acrior
729 2859 779 2905 sit
795 2894 806 2913 ,
829 2860 1071 2923 ligamenta
1091 2862 1175 2907 alte
1196 2860 1454 2906 fodicentur
1468 2894 1481 2913 ,
1502 2860 1633 2905 dolor
1657 2858 1912 2904 arthriticus
1930 2858 2193 2905 inferendus
2213 2861 2273 2905 est

434 2941 536 2970 acer
558 2929 604 2970 &
622 2926 879 2989 pungitivus
895 2959 907 2978 ,
929 2943 1030 2972 cum
1049 2926 1194 2974 calore
1212 2925 1398 2989 quidem
1413 2958 1427 2978 ,
1443 2941 1486 2971 at
1508 2925 1616 2972 vero
1635 2923 1899 2989 plerumque
1917 2923 2007 2971 sine
2024 2939 2201 2970 tumore
2222 2927 2271 2969 &

433 2988 801 3036 inflammatione.
1488 2998 1494 3015 '

203 3075 286 3116 111.
308 3078 388 3115 Do,
491 3059 509 3100 1
525 3060 543 3100 1
557 3059 590 3100 1.
623 3054 668 3100 Si
682 3055 791 3101 vero
804 3071 993 3118 mucago
1007 3070 1195 3120 utraque
1212 3053 1467 3104 muscularis
1479 3059 1523 3103 δε
1538 3051 1783 3102 articularis
1793 3051 1892 3118 pari
1907 3049 2020 3101 vitio
2038 3050 2272 3101 laborave-

494 3191 547 3238 (α
564 3193 577 3242 )
609 3189 775 3230 Martial.
793 3191 1007 3241 Epigramm.
1025 3207 1062 3240 4.
1083 3194 1160 3232 Lib.
1180 3206 1216 3240 4.
