2477 3643
213 1524 391 1574 'Adeoque

159 1576 294 1614 ibidem
307 1587 389 1627 pro-

161 1630 313 1665 duciam

160 1678 264 1717 fuiss'e
277 1681 293 1717 a
304 1692 388 1716 cau-

160 1735 200 1770 sa
234 1746 280 1784 qu
289 1732 392 1769 adam

161 1796 371 1827 commum,

161 1849 242 1886 quae
253 1836 321 1873 illis
337 1837 390 1872 In-

161 1888 245 1926 sulis
263 1900 376 1940 pecu-

156 1941 256 1981 liaxis
270 1939 368 1979 ess'et.

214 2246 269 2285 'At
285 2245 372 2284 verb

158 2299 305 2336 causam
329 2300 370 2334 il-

163 2351 396 2402 lamignora-

161 2415 207 2440 n·
252 2414 257 2418 ·

432 133 494 173 60
765 121 878 167 DE
951 114 1942 166 M‘ORBISVENEREI&

433 207 624 266 Historia
645 208 875 265 Naturalis
911 205 960 252 ὠ
983 205 1193 251 Generalis
1213 202 1430 249 Indiarum
1449 199 1778 246 Occidentalmm
1794 237 1809 251 ‚
1838 216 1932 262 quae
1953 197 2079 263 supra
2107 196 2262 247 lauda-⁴

432 274 579 320 vimus
598 306 610 326 ,
626 286 745 336 capp.
772 290 810 329 9.
834 275 883 318 &¹
905 287 964 316 10.
988 274 1127 315 Luem
1143 283 1382 314 veneream
1408 265 1456 310 in
1474 262 1618 311 Insula
1637 264 1762 309 Haiti
1787 262 1876 310 five
1898 264 2155 327 Hispaniolzi
2169 299 2181 317 ‚
2201 265 2259 311 ad.

431 355 566 403 quam
597 335 790 402 primum
826 335 992 399 appulit
1009 331 1358 396 Christophorus
1378 329 1627 376 columbus
1642 361 1655 380 ,
1680 328 1906 389 indigenis
1922 328 2160 391 antiquitus
2189 328 2258 374 fa·-

432 403 652 449 miliarem
682 434 694 453 ,
723 399 813 446 sine
841 399 1007 463 praevio
1038 397 1130 443 ullo
1163 394 1371 458 contagio
1406 393 1561 458 sponte
1590 391 1824 455 generari,
1860 411 1950 438 uno
1975 392 2117 438 verbo
2151 394 2257 440 vere

434 467 688 514 endemiam
718 463 802 511 effe
832 497 844 515 ‚
879 462 1002 527 quod
1040 461 1326 507 confirmatur
1357 457 1558 505 unanimi
1594 457 1845 503 testimonio
1884 457 2173 502 Medicorum
2209 463 2258 503 δε

433 532 758 578 Historicorum
788 527 864 591 qui
893 528 1011 573 circa
1039 526 1195 573 eadem
1228 541 1430 589 tempora
1454 522 1646 569 floruere
1665 555 1679 574 ,
1715 537 1788 568 aut
1816 521 1890 585 qui
1930 521 1986 568 de
2021 538 2068 568 re
2098 522 2258 569 eadem

433 593 654 644 recentius
681 591 909 656 scripsere.

495 659 720 707 Novimus
741 656 838 703 sane
862 655 1064 720 exempla
1082 673 1172 702 non
1198 671 1333 717 pauca
1354 652 1618 699 morborum
1650 649 1924 701 istiusmodi,
1962 649 2037 714 qui
2062 650 2138 696 uni
2163 649 2259 695 cui-

433 722 535 771 dam
561 722 773 788 peculiari
799 721 972 784 regioni
1002 720 1168 765 addicti
1195 719 1275 764 sint
1296 724 1341 765 ἅτ
1361 722 1480 778 cujus
1508 717 1616 763 fines
1643 714 1743 760 raro
1768 712 2161 776 transgrediantur.
2185 715 2258 760 Sic

431 789 480 835 in
499 787 672 851 Europa
693 786 807 850 plica
828 785 1006 831 Polonis
1020 818 1032 837 ‚
1064 783 1294 831 scorbutus
1308 782 1467 830 accolis
1484 782 1612 827 maris
1627 778 1779 825 Baltici
1795 812 1807 830 ‚
1829 777 2130 825 bronchocele
2153 778 2258 824 sub-

433 853 591 917 alpinis
611 851 815 914 gentibus
833 850 1010 914 propria
1030 848 1142 895 sunt.
1172 849 1242 895 Sic
1270 848 1315 894 in
1335 846 1433 892 Asi&
1462 864 1577 892 vena
1603 842 1874 890 Medinenfis
1905 842 1993 889 sive
2012 843 2261 889 dracuncu-

433 917 499 962 lus
514 915 732 963 Arabibus
751 915 980 968 ‚r’Andron
1009 913 1096 961 hoc
1112 916 1171 961 est
1193 910 1662 971 oscheo-hydrocele‚
1699 914 1746 954 δε
1778 906 1919 953 Pircal
1948 906 2022 953 seu
2054 909 2223 955 Perical
2243 941 2259 959 ‚

434 981 522 1027 hoc
555 983 612 1027 est
630 980 849 1027 ulcerosus
878 979 1090 1025 tibiarum
1114 994 1263 1024 tumor
1285 975 1525 1022 Malabaris
1562 973 1764 1021 endemia
1792 971 1905 1017 sunt.
1936 972 2007 1018 Sic
2037 971 2084 1017 in
2106 971 2261 1018 Africa‘i

433 1044 739 1109 elephantiasis
777 1048 966 1110 eAEgypti
996 1043 1167 1108 semper
1184 1045 1390 1107 peculiare
1424 1043 1573 1087 malum
1605 1039 1693 1085 fuit
1712 1071 1726 1091 ,
1756 1038 1862 1084 teste
1897 1035 2040 1083 Plinio
2070 1039 2260 1099 Historiae

435 1113 652 1158 Natural.
685 1109 781 1156 Lib.
805 1119 871 1154 26.
905 1123 996 1172 cap.
1026 1125 1058 1153 1.

657 1174 729 1231 Est
748 1174 929 1238 Elephas
948 1172 1104 1218 morbus
1119 1210 1133 1225 ‚
1158 1174 1227 1234 qui
1241 1184 1404 1234 propter
1422 1169 1598 1229 flumina
1618 1169 1723 1214 Nili

653 1242 846 1301 Gignimr
865 1239 1059 1300 eAEgypto
1078 1240 1121 1282 in
1147 1234 1281 1281 media}
1297 1272 1309 1286 ‚
1339 1251 1460 1295 neque
1477 1247 1668 1296 praeterea
1688 1235 1863 1294 nsquam.
1898 1235 2072 1277 Lucret.
2098 1229 2195 1277 Lib.
2214 1238 2257 1276 6.

436 1308 618 1367 Itaque,
647 1302 676 1348 si
711 1319 807 1366 quat
842 1301 1050 1347 haetenus
1082 1300 1198 1346 dista
1231 1302 1329 1345 sunt
1349 1332 1360 1350 ‚
1388 1314 1495 1344 vera
1528 1296 1609 1341 sint
1627 1330 1640 1348 ,
1665 1312 1713 1341 ut
1740 1296 1838 1341 sane
1859 1314 1965 1342 vera
1991 1295 2075 1342 esse
2104 1295 2261 1342 lubens

438 1369 576 1415 credo
598 1401 610 1420 ,
635 1367 772 1414 debet
805 1367 893 1412 lues
912 1370 1111 1429 {quoque
1148 1381 1342 1410 venerea
1374 1363 1420 1407 in
1451 1362 1611 1408 eodem
1650 1360 1779 1408 censu
1802 1359 2036 1406 numerari
2063 1360 2260 1425 respectu

428 1432 684 1480 ‘Insularum
717 1431 985 1477 Antillarum
1014 1448 1064 1476 ac
1091 1427 1356 1493 potiffimum
1377 1426 1662 1490 Hispaniolae.

500 1499 652 1544 Solent
683 1512 831 1543 autem
858 1494 1008 1540 morbi
1028 1492 1270 1539 istiusmodi
1293 1492 1468 1554 regioni
1492 1491 1668 1536 cuidam
1690 1489 1972 1554 peculiariter
1990 1488 2154 1535 addicti
2172 1488 2263 1535 five

438 1563 636 1610 endemii
673 1563 697 1607 εἰ
732 1560 856 1607 causa
893 1560 1106 1624 quidem,
1143 1575 1238 1621 quae
1270 1557 1373 1602 huic
1410 1556 1585 1619 regioni
1613 1555 1845 1619 peculiaris
1864 1554 1941 1606 fit,
1968 1553 2152 1606 induci,
2186 1553 2261 1599 sed

438 1626 562 1673 simul
590 1628 613 1672 a
645 1626 769 1672 causa
794 1642 888 1688 quae
909 1624 1158 1670 communis
1187 1623 1236 1667 sit
1258 1627 1303 1667 &
1327 1637 1421 1684 quae
1450 1620 1764 1684 indigenarum
1784 1619 1998 1683 plurimos
2028 1616 2155 1682 poffit
2188 1617 2261 1663 in-

439 1691 782 1737 discriminatim
806 1687 997 1735 afficere.
1034 1687 1231 1750 Hujusce
1259 1685 1433 1749 generis
1453 1702 1539 1730 tres
1569 1684 1741 1731 tantum
1775 1683 1919 1732 causas
1949 1681 2260 1745 agnoscimus;

446 1765 507 1801 10.
542 1761 706 1802 A'e'rem
726 1772 887 1817 nempe
908 1754 985 1817 qui
1009 1752 1216 1816 spirando
1236 1751 1414 1796 ducitur
1434 1783 1445 1801 ,
1482 1749 1511 1794 s1
1546 1751 1643 1796 aestu
1670 1749 1810 1794 nimio
1830 1783 1842 1801 ,
1862 1748 2019 1810 pluviis
2045 1747 2260 1793 immodi-

439 1822 530 1874 cis,
561 1821 686 1868 tetris
706 1819 915 1866 halitibus
936 1816 1111 1883 pestifer
1134 1816 1183 1862 fit
1216 1836 1228 1870 ·,
1273 1824 1335 1862 20.
1369 1813 1602 1860 Esculenta
1638 1819 1684 1860 6<
1713 1814 1943 1878 potulenta
1981 1812 2142 1876 quibus
2169 1813 2262 1859 vita

439 1886 666 1933 sustentari
691 1885 801 1932 solet
822 1918 834 1936 ‚
865 1884 894 1929 fi
924 1883 1134 1947 qualitate
1173 1881 1243 1927 vel
1273 1879 1563 1925 condimento
1593 1894 1776 1943 peccent
1805 1897 1816 1931 3
1858 1887 1919 1940 30.
1952 1882 2146 1925 Demum
2181 1895 2262 1923 an-

439 1952 584 2014 tiquos
606 1957 651 1997 &
676 1950 861 1996 affuetos
887 1947 1030 2011 gentis
1058 1964 1203 1992 mores
1227 1979 1240 1998 ‚
1275 1945 1303 1989 sl
1339 1943 1583 1990 valetudini
1611 1943 2023 2007 quomodocunque
2053 1959 2260 1990 noceant.

437 2015 588 2062 Debet
609 2033 717 2078 ergo
737 2013 844 2059 inde
864 2012 1016 2075 colligi
1044 2028 1283 2058 veneream
1305 2009 1422 2054 luem
1441 2008 1513 2054 vel
1534 2007 1587 2052 ab
1607 2008 1693 2054 una
1712 2023 1786 2053 aut
1805 2007 1941 2054 altera
1964 2025 2016 2054 ex
2048 2007 2132 2053 illis
2159 2025 2261 2053 cau-

439 2080 491 2125 fis
508 2114 519 2132 ‚
547 2081 617 2125 vel
643 2080 697 2125 ab
719 2077 927 2124 omnibus
952 2076 1077 2123 simul
1102 2076 1150 2121 in
1169 2073 1312 2121 Insula
1333 2072 1593 2137 Hispaniola
1609 2106 1624 2126 ,
1658 2072 1736 2121 ubi
1763 2071 1970 2120 endemia
1995 2088 2088 2119 erat
2106 2106 2119 2125 ‚
2149 2072 2260 2119 olim

439 2142 597 2209 sponte
626 2145 821 2208 genitam
849 2141 990 2188 fuisse.

506 2210 641 2255 Redi&
663 2206 889 2270 hucusque
907 2225 918 2258 ·‚
938 2210 1025 2267 jam
1049 2203 1158 2251 vero
1187 2201 1301 2248 ultra
1322 2217 1505 2265 pergere
1531 2201 1843 2248 difficillimum
1864 2202 1924 2248 est
1945 2236 1956 2253 ,
1979 2201 2075 2247 cum
2105 2217 2262 2249 caetera

441 2273 711 2320 obscuritate
732 2271 936 2317 involuta
955 2270 1133 2316 lateant.
1168 2265 1405 2314 Nescimus
1425 2266 1544 2312 enim
1575 2267 1685 2330 quid
1703 2266 1882 2312 Barbari
1900 2267 1993 2319 illi,
2026 2266 2134 2330 quid
2163 2267 2263 2313 illo-

442 2357 539 2384 rum
553 2338 726 2385 Medici
746 2337 817 2383 vel
837 2334 980 2401 potius
1001 2332 1253 2380 Medicastri
1274 2365 1285 2384 ,
1304 2348 1414 2394 quos
1434 2336 1573 2377 Butios
1597 2331 1844 2382 vocabant,
1866 2332 1921 2378 de
1947 2331 2031 2377 luis
2059 2349 2261 2378 venereae

440 2404 617 2467 origine
636 2419 710 2448 aut
730 2402 897 2448 iteratis
916 2396 1303 2446 observationibus
1322 2412 1601 2462 compertum
1621 2396 1857 2444 habuerint
1876 2430 1888 2448 ,
1909 2412 1982 2442 aut
2000 2397 2264 2458 conjesturis

438 2468 737 2532 perceperint.
765 2466 862 2512 Imb
892 2465 1001 2512 vero
1025 2480 1170 2526 neque
1201 2478 1402 2507 naturam
1437 2478 1510 2507 aut
1538 2462 1795 2524 qualitatem
1828 2461 2100 2507 cibariorum
2120 2494 2133 2513 ‚
2158 2461 2263 2524 ‘qui-

439 2534 520 2579 bus
545 2531 836 2579 vescebantur
857 2564 869 2582 ,
900 2546 1046 2592 neque
1069 2526 1463 2573 condimentorum
1494 2527 1711 2572 rationem
1730 2560 1743 2579 ‚
1775 2526 1936 2590 quibus
1966 2525 2132 2571 cibaria
2150 2543 2262 2589 prae-

439 2597 654 2662 parabant
673 2631 685 2649 ,
717 2612 860 2659 neque
889 2613 1034 2640 mores
1063 2608 1136 2637 aut
1158 2589 1526 2643 consuetudines,
1556 2590 1715 2654 quibus
1736 2590 1978 2636 utebantur
2008 2589 2107 2635 satis
2142 2592 2259 2636 redi&

441 2663 677 2714 novimus,
705 2677 752 2706 ut
772 2660 878 2705 inde
900 2659 1030 2705 liceat
1063 2655 1233 2702 collatis
1260 2653 1535 2719 pensatisque
1566 2655 1773 2701 omnibus
1800 2655 1988 2719 primam
2015 2653 2097 2700 luis
2120 2671 2260 2700 vene-

440 2743 524 2772 reae
545 2725 715 2770 causam
746 2723 965 2786 augurari.
997 2725 1218 2782 Majorem
1238 2720 1346 2766 vero
1366 2718 1511 2765 lucem
1530 2718 1684 2765 frustra
1716 2723 1801 2778 jam
1830 2718 2097 2783 speraremus
2117 2718 2170 2763 ab
2192 2718 2261 2763 in·-

442 2790 616 2852 digenis
638 2823 650 2841 ‚
675 2788 774 2833 cum
795 2805 948 2834 omnes
967 2792 1054 2848 jam
1072 2784 1244 2849 pridem
1273 2783 1410 2829 deleti
1427 2783 1508 2828 smt
1538 2784 1723 2829 immani
1741 2782 2042 2847 Hispanorum
2062 2782 2262 2829 crudeli-

443 2871 533 2901 tate
551 2889 562 2906 ‚
591 2870 720 2916 atque
749 2853 862 2905 adeo
892 2852 955 2898 rei
983 2850 1143 2897 notitia
1173 2882 1186 2901 ,
1214 2847 1244 2893 fi
1270 2864 1356 2910 qua
1387 2847 1538 2894 forsan
1572 2847 1800 2912 quondam
1836 2847 1999 2901 fuerit,
2032 2865 2135 2894 cum
2162 2846 2261 2911 ipsis

440 2925 530 2982 jam
557 2919 728 2964 dudum
747 2917 1048 2963 contumulata
1072 2915 1135 2960 fit.

512 2988 618 3029 Haec
656 2982 765 3027 olim
797 2981 1035 3028 commode
1077 2979 1185 3026 scire
1221 2975 1426 3043 potuisset
1459 2975 1704 3023 Gonsalvus
1738 2975 1993 3022 Fernandez
2025 2974 2078 3021 ab
2112 2972 2259 3021 Ovie-

446 3049 506 3095 do
526 3082 537 3100 ,
558 3047 586 3092 si
619 3047 814 3093 veritatis
850 3045 1124 3109 inquirendae
1156 3041 1370 3107 sategisset
1389 3076 1400 3093 ‚
1426 3057 1473 3087 ut
1507 3043 1652 3089 virum
1685 3040 1917 3086 cordatum
1941 3038 2141 3085 decebat.
2177 3038 2259 3085 Ille

447 3114 568 3158 enim
595 3111 649 3156 ab
672 3128 787 3156 anno
825 3129 839 3156 1
859 3129 964 3174 513.
994 3129 1070 3175 per
1104 3126 1241 3155 annos
1270 3106 1416 3153 ferme
1445 3106 1699 3169 quindecim
1727 3123 1828 3150 cum
1857 3103 2107 3165 indigenis,
2142 3119 2260 3166 quo-

449 3193 546 3223 tum
571 3176 716 3240 plures
741 3175 882 3224 adhuc
914 3175 1168 3239 supererant
1183 3208 1197 3228 ,
1228 3188 1525 3220 commoratus
1545 3172 1604 3218 est
1618 3204 1633 3225 ,
1665 3170 1689 3218 a
1710 3169 1868 3233 quibus
1884 3167 2074 3233 proinde
2090 3167 2147 3215 de
2164 3165 2259 3231 pri--¹
