2477 3643
413 164 514 222 ‘414'
731 157 842 205 DE
907 153 1301 205 MORBIS
1363 156 1896 204 VENERI-:184

416 259 490 290 tur
512 257 565 287 ex
582 239 812 287 cucurbita
833 239 1006 305 spiritus
1027 237 1122 287 vini
1138 269 1150 289 ‚
1169 253 1217 282 ac
1236 232 1368 282 maffa
1386 253 1479 300 quae
1498 237 1545 283 in
1572 237 1717 285 fundo
1741 235 1979 284 cucurbitae
2001 237 2157 289 siccata
2177 238 2256 288 su:

418 307 560 374 petest
591 311 637 353 δε
671 322 766 370 quae
791 322 1028 370 panaceam
1063 299 1374 349 mercurialem
1402 303 1652 359 constituit,
1678 305 1877 353 servetur
1906 304 1954 351 in
1972 305 2075 354 vase
2101 309 2254 356 vitreo

417 371 660 436 diligenter
678 371 904 417 obturato.

481 441 546 484 Ex
578 436 652 483 illa
679 434 870 501 panacea
891 430 1134 480 tenuissime
1166 431 1368 496 laevigata
1393 431 1504 479 fiunt
1522 450 1623 479 cum
1653 433 1824 498 gummi
1857 434 2178 498 Tragacanthae
2202 433 2252 483 in

420 503 533 567 aqua
561 501 759 548 rosarum
790 500 934 545 soluto
957 498 1102 562 pilulae
1121 530 1133 550 ,
1155 514 1340 561 quarum
1372 498 1628 560 graviffimae
1668 517 1805 562 grana
1834 517 2026 564 quatuor
2047 499 2255 565 pondere

424 585 519 614 non
538 565 758 633 superent.
785 562 981 626 Hujusce
996 580 1197 628 panaceae
1218 562 1331 609 dosis
1348 565 1406 609 est
1426 564 1449 608 εὶ
1475 580 1541 627 gr.
1565 564 1639 624 xij.
1662 564 1718 609 ad
1736 583 1806 610 xx.
1827 567 1897 612 vel
1917 584 2017 613 xxx.
2044 564 2253 629 quotidie

420 632 628 681 iterando
645 666 657 684 ‚
672 632 777 676 dum
799 627 1054 694 ptyalismus
1074 628 1240 675 cieatur
1262 661 1273 680 ‚
1290 628 1363 675 vel
1385 628 1584 693 proxime
1603 628 1748 676 instet.

484 700 615 744 Miris
640 694 843 742 laudibus
875 694 1102 740 extollitur
1135 693 1183 738 id
1213 711 1411 759 panaceae
1443 711 1581 758 genus
1611 727 1624 747 ,
1664 692 1781 758 quasi
1823 693 2030 741 adversus
2068 695 2255 742 morbos

423 780 578 809 omnes
606 777 823 809 venereos
849 756 1253 824 praestantissimum.
1287 761 1347 804 At
1382 760 1491 805 vero
1518 760 1590 805 vix
1617 759 1743 824 capio
1764 777 1855 823 quo
1881 759 2067 805 nomine
2102 760 2257 826 praefe-

422 828 614 874 rendum
633 826 682 872 s1t
711 841 910 891 panaceae
940 824 1141 887 vulgari,
1169 841 1263 886 quae
1286 824 1671 888 compendiosiore
1701 824 1888 888 quidem
1917 823 2119 889 processu
2146 844 2260 891 prae-
2296 869 2306 883 ¹

423 909 600 956 paratur
633 896 680 944 &
717 889 862 936 minus
882 889 1069 954 operoso
1088 923 1100 940 ,
1119 888 1192 934 sed
1220 906 1370 935 tamen
1388 889 1507 935 haud
1533 891 1594 935 ita
1614 889 1822 936 diffimili.
1848 890 1974 948 Quin
1993 889 2137 953 potius
2163 891 2262 938 vul-

423 974 577 1020 garem
604 957 722 1003 illam
742 972 976 1020 panaceam
1005 954 1070 999 isti
1100 952 1438 1000 anteferendam
1465 954 1549 1002 esse
1571 954 1796 1002 censerem
1813 988 1824 1007 ‚
1845 955 1949 1001 ideo
1976 955 2097 1017 quod
2126 954 2259 1001 blan-

424 1022 528 1067 dior
549 1022 597 1068 fit
615 1056 628 1075 ,
649 1022 802 1085 utpote
825 1021 871 1066 in
890 1019 976 1084 quii
1005 1018 1287 1066 conficienda
1308 1020 1448 1066 unciis
1480 1019 1553 1067 sex
1585 1019 1807 1066 sublimati
1826 1019 2041 1066 corrosivi
2075 1018 2264 1085 permiss-

425 1103 609 1133 ceantur
642 1087 780 1132 uncia:
798 1102 988 1148 quatuor
1018 1101 1119 1130 cum
1149 1086 1177 1143 ξ
1205 1086 1425 1131 Mercurii
1442 1085 1562 1138 vivi,
1587 1085 1724 1131 cume
1745 1086 1901 1131 contra
1922 1085 1967 1130 in
1987 1083 2062 1130 ista
2093 1102 2260 1150 praepa-

421 1152 562 1198 sanda
583 1151 724 1197 unciis
751 1150 821 1196 sex
841 1149 1060 1195 sublimati
1079 1147 1290 1196 corrofivi
1314 1151 1533 1196 addantur
1555 1149 1727 1196 tantum
1749 1152 1886 1196 unciae
1905 1166 2093 1213 quatuor
2125 1154 2253 1197 Mer-

425 1217 540 1263 curii
557 1251 571 1272 ‚
595 1216 714 1265 unde
733 1215 860 1263 acida
880 1220 924 1262 δέ
946 1212 1170 1262 corrosiva
1192 1213 1416 1263 sublimati
1434 1216 1599 1281 spicula
1613 1215 1758 1262 minus
1776 1215 1963 1280 infringi
1981 1214 2263 1264 manifestum

429 1282 504 1329 est.

1311 1393 1367 1438 V.

421 1496 590 1546 'Modus
604 1495 826 1559 saturandi
850 1498 1091 1563 praeparatis
1121 1494 1453 1544 Mercurialibus
1480 1497 1678 1560 ptisanam
1689 1497 1947 1561 fhdorificam
1967 1536 1983 1553 ,
2020 1510 2091 1544 aut
2127 1497 2258 1544 aliam

1121 1563 1385 1624 cujuscunque
1402 1566 1572 1626 generis.

479 1667 610 1715 Licet
632 1666 884 1715 Mercurius
911 1667 1167 1714 sublimatus
1194 1667 1337 1715 dulcis
1364 1669 1437 1717 seu
1459 1668 1623 1731 Aquila
1644 1667 1742 1715 alba
1757 1704 1769 1724 ‚
1791 1675 2044 1734 &panacea
2072 1685 2256 1716 mercu-

421 1731 544 1779 'rialis
563 1733 698 1797 vulgo
719 1734 958 1780 credantur
989 1734 1034 1778 in
1056 1732 1206 1797 aqueis
1234 1733 1383 1781 fluidis
1414 1733 1738 1780 indissolubiles
1754 1770 1767 1788 ,
1799 1734 1919 1782 certa
1957 1751 2107 1781 tamen
2125 1751 2263 1798 expe·-

426 1797 590 1844 rientiz'i
617 1814 900 1863 compertum
934 1800 993 1845 est
1025 1815 1259 1862 utramque
1296 1800 1419 1845 illam
1456 1799 1675 1846 Mercurii
1709 1801 2076 1865 praeparationem
2106 1797 2266 1845 iterata.

424 1862 692 1911 ebullitione
710 1865 757 1910 in
776 1862 944 1928 ptisana
964 1863 1200 1910 sudorifica
1216 1882 1268 1911 ex
1287 1864 1479 1912 decoffls
1500 1864 1631 1928 lignis
1658 1866 1842 1912 Guaiaci
1859 1871 1903 1912 ὃς
1927 1864 2127 1912 Sassafras
2143 1898 2156 1917 ‚
2189 1881 2262 1910 ra-

429 1928 693 1992 dicibusque
714 1929 873 1975 Chinae
905 1935 951 1976 ὃς
986 1929 1309 1994 Sarsae-parillae
1335 1948 1347 1984 3
1381 1930 1450 1978 vel
1477 1931 1525 1976 in
1544 1930 1628 1976 alia
1660 1931 1813 1994 quavis
1845 1930 2046 1995 sequenti
2075 1928 2269 1983 artificio,

427 1993 477 2039 in
493 2008 636 2038 totum
654 1994 849 2040 dissolvi.

499 2073 556 2113 ΒΔ.
580 2062 611 2103 S
617 2057 800 2103 ublimati
820 2058 948 2102 dulcis
976 2059 1045 2103 vel
1074 2073 1258 2121 panaceae
1279 2061 1531 2104 mercurialis
1554 2075 1583 2121 3
1603 2063 1631 2119 j.
1658 2076 1705 2103 v.
1720 2076 1764 2123 g.
1802 2059 2050 2121 Laevigetur
2067 2056 2266 2104 tenuiffi-

430 2121 506 2168 me
527 2120 653 2185 supra
684 2121 1002 2185 porphyritem,
1023 2122 1188 2169 deinde
1218 2122 1441 2179 injiciatur
1465 2123 1511 2168 in
1529 2125 1663 2169 ollam
1691 2123 1740 2168 in
1773 2125 1858 2187 qua
1893 2123 2083 2170 bulliant
2113 2123 2192 2169 lib.
2219 2123 2267 2186 ij.-

431 2184 608 2252 ptisanae
633 2184 875 2231 sudorificae
891 2218 903 2238 ‚
922 2186 995 2231 vel
1015 2186 1123 2232 alius
1146 2185 1475 2251 cujuscumque.

498 2250 732 2314 Postquam
754 2249 1011 2296 ebullierint
1041 2269 1118 2315 per
1147 2269 1286 2297 unum
1321 2251 1440 2298 horae
1460 2251 1754 2316 quadrantem
1770 2287 1782 2306 ,
1804 2252 1891 2299 olla
1910 2251 1965 2298 ab
1983 2251 2089 2314 igne
2111 2268 2264 2298 remo-

433 2331 589 2362 veatur
604 2350 616 2368 ,
637 2331 684 2362 ut
710 2315 877 2380 ptisana
894 2314 1084 2380 tepescat
1100 2350 1114 2369 ,
1134 2321 1179 2362 ἅ
1200 2335 1296 2380 pars
1321 2316 1544 2363 sublimati
1573 2318 1713 2364 dulcis
1739 2335 1812 2364 aut
1831 2333 2030 2381 panaceae
2046 2350 2058 2368 2
2079 2333 2173 2379 quae
2200 2315 2271 2362 so-

434 2381 528 2428 luta
547 2399 638 2440 non
659 2382 741 2434 est,
758 2381 949 2427 fundum
968 2397 1101 2445 petat.
1137 2382 1258 2428 Dein
1292 2381 1529 2428 decantata
1554 2382 1721 2447 ptisana
1751 2382 2006 2428 sublimatus
2033 2380 2170 2426 dulcis
2195 2381 2270 2427 vel

435 2446 714 2492 mercurialis
745 2463 963 2510 panacea,
995 2463 1088 2509 quae
1117 2444 1344 2511 supersunt
1370 2448 1418 2492 in
1445 2448 1588 2494 fundo
1619 2482 1631 2499 ‚
1665 2447 1935 2494 exsiccentur
1957 2481 1969 2499 ‚
2003 2446 2268 2509 laevigentut

437 2512 590 2557 denuo
622 2511 748 2575 supra
771 2510 1063 2575 porphyritem
1081 2545 1092 2563 ,
1111 2529 1159 2557 ac
1181 2511 1356 2575 ptisanae
1389 2512 1551 2559 iterum
1580 2512 1810 2559 ebullienti
1838 2510 2118 2558 dissolvenda
2143 2528 2274 2556 com-

435 2576 675 2622 mittantur
689 2610 701 2628 ‚
719 2593 810 2641 pari
830 2575 1047 2622 methodo
1069 2576 1273 2640 deinceps
1294 2594 1361 2624 ter
1379 2594 1592 2641 quaterve
1613 2577 1859 2643 repetendo
1875 2611 1888 2631 ,
1906 2577 2054 2623 donec
2073 2593 2131 2626 ne
2148 2575 2266 2622 mica

437 2640 624 2705 quidem
643 2657 985 2705 praeparatorum
1007 2641 1342 2687 Mercurialium
1362 2641 1409 2687 in
1432 2641 1575 2688 fundo
1595 2642 1797 2689 subfidat.

499 2706 680 2751 Poffunt
700 2706 750 2752 ea
780 2706 995 2753 methodo
1016 2705 1189 2771 ptisanae
1220 2707 1380 2768 quaevis
1397 2740 1408 2758 ‚
1437 2709 1628 2754 maxime
1654 2707 1762 2754 verb
1785 2705 2029 2767 hydroticae
2055 2736 2068 2755 ‚
2102 2716 2272 2768 praepa·'

440 2770 546 2816 ratis
566 2771 908 2816 Mercurialibus
925 2770 981 2815 ad
996 2788 1167 2823 certum
1188 2772 1323 2833 usque
1340 2772 1526 2834 gradum
1549 2771 1733 2818 saturari
1751 2806 1762 2824 ,
1783 2771 1903 2817 unde
1920 2768 2050 2816 facile
2067 2766 2270 2815 futurum

446 2835 507 2881 est
537 2849 583 2879 ut
614 2834 763 2880 haustu
783 2835 876 2881 solo
897 2833 1071 2899 ptisanae
1090 2835 1398 2897 hujuscemodi
1417 2836 1669 2900 ptyalismus
1682 2836 1813 2883 facile
1829 2851 2076 2882 moveatur.
2108 2832 2194 2880 Sed
2216 2850 2270 2879 ea

444 2898 560 2945 ratio
577 2898 789 2946 medendi
809 2901 870 2946 lui
889 2918 1087 2947 venereae
1114 2900 1169 2947 ad
1191 2901 1440 2964 legitimum
1458 2902 1768 2948 inuMstionum
1784 2899 2113 2947 mercurialium
2143 2896 2269 2943 usum

445 2964 630 3011 minime
656 2966 954 3031 comparanda
970 2968 1028 3012 est
1043 3001 1055 3018 ,
1073 2984 1207 3030 quem
1237 2968 1401 3013 constat
1429 2968 1671 3014 certiorem
1688 3001 1701 3020 ‚
1719 2965 2014 3014 efficaciorem
2033 2998 2046 3017 ,
2063 2962 2270 3026 explora-⁴

445 3028 609 3076 tiorem
638 3028 723 3079 esse
740 3065 753 3086 ,
774 3049 823 3080 ac
843 3031 1090 3081 minoribus
1105 3031 1228 3080 simul
1246 3031 1617 3098 paucioribusque
1634 3032 1841 3098 periculis
1870 3030 2134 3079 obnoxium·
