2477 3643
667 142 916 189 Linea
982 141 1117 188 111.
1183 137 1454 186 canu-f
1516 136 1629 187 VK
1808 141 1811 144 '
1902 132 2018 203 '3:27

243 216 313 281 Ἀθ.
344 221 472 269 Vena
499 234 680 285 quoque
705 219 754 266 in
773 219 963 267 brachio
986 220 1200 267 alterutro
1229 220 1482 269 identidem
1499 218 1743 266 incidenda
1766 223 1826 268 est
1843 255 1855 275 ,
1882 224 1912 269 fi
1931 225 2016 271 do-

187 285 257 334 lor
277 291 323 333 &
344 286 463 332 calor
483 285 794 349 ingravescant
810 303 823 339 ·‚
841 302 896 332 eo
914 284 1131 349 siquidem
1151 286 1292 333 modo
1321 285 1509 349 depletis
1528 284 1635 331 vasis
1663 286 1833 331 arteriae
1853 290 2018 337 tumori

188 352 476 413 circumjectae
497 351 641 398 minus
662 350 904 413 turgebunt
922 384 934 404 ,
955 366 1086 415 atque
1101 351 1215 398 adeo
1239 351 1431 400 debilius
1451 349 1698 397 oscillando
1717 350 1913 398 calorem
1930 353 2016 399 do-

183 415 418 480 loremque
437 416 662 463 minorem
688 415 899 462 inferent.

251 489 311 543 5⁰.
348 481 601 544 AEgtotanti
622 481 987 528 interdicendum
1015 481 1123 527 vino
1142 513 1153 533 ,
1174 496 1338 527 venere
1359 513 1371 533 ‚
1392 480 1715 528 exercitatione
1734 478 1870 525 nimii
1885 513 1897 532 ,
1924 481 2017 528 ani-

183 546 248 592 mi
277 545 539 611 pathematis
563 546 978 593 vehementioribus
999 579 1011 596 ‚
1039 545 1256 591 alimentis
1292 544 1403 590 salsis
1432 579 1444 597 ‚
1482 545 1714 610 piperatis,
1740 544 2017 599 acrioribus,

185 615 232 657 δέ
253 610 553 658 condimentis
571 609 922 674 quibuscumque
941 628 952 663 3
975 626 1023 656 ac
1045 610 1171 655 diaeta
1188 610 1451 673 imperanda
1470 613 1529 656 est
1551 610 1694 657 tenuis
1711 644 1722 662 ,
1737 609 1991 657 humeolcans
2003 644 2017 664 ,

184 690 436 740 temperans
459 694 512 722 ex
537 675 800 723 hordeaceis
816 710 827 728 ,
855 674 1082 722 avenaceis
1103 709 1115 727 ‚
1144 674 1267 720 oriza
1285 708 1297 726 ‚
1332 673 1422 720 offa
1442 708 1454 727 ‚
1475 675 1654 737 jusculis
1681 674 1926 721 levioribus
1944 692 2018 723 aut

182 740 388 803 gelatinis
410 774 423 794 ,
453 739 634 788 demum
671 741 726 787 ad
759 739 981 788 summum
1012 740 1140 804 pullis
1171 739 1456 801 junioribus,
1489 741 1693 804 gallinis,
1732 757 1863 787 carne
1896 741 2019 799 vitu-f

146 847 149 851 ,
182 804 273 852 lina
305 810 393 852 &c.

251 879 322 916 6⁰.
351 868 618 935 Usurpanda
644 869 896 917 identidem
933 867 1100 930 juscula
1132 868 1204 915 vel
1237 884 1494 933 apozemata
1529 868 1840 932 refrigerantia
1871 875 1918 916 &
1950 870 2018 918 di·-

183 933 394 998 luentia23
427 953 546 998 aquae
572 935 840 996 chalybeatae
871 934 1105 980 minerales
1134 934 1157 980 ὲ
1186 933 1312 981 classe
1331 934 1583 987 leviorum3
1608 934 1767 982 balnea
1792 936 1863 982 vel
1885 935 2016 983 semi-

185 1000 315 1064 cupia
338 1000 387 1046 in
415 1000 526 1063 aqua
551 1000 671 1045 dulci
703 999 881 1065 tepida;
903 1000 969 1044 lac
991 998 1204 1045 asininum
1233 1014 1306 1044 aut
1333 999 1567 1044 vaccinum
1584 998 1752 1053 3serum
1785 1001 1907 1047 lactis
1929 1006 2020 1050 δίε.

186 1066 286 1110 Imo
304 1063 427 1129 quod
448 1064 729 1129 praestabilius
750 1067 808 1111 est
825 1097 837 1116 ‚
862 1064 928 1109 lac
950 1063 1184 1110 vaccinum
1203 1081 1285 1127 pro
1305 1064 1430 1109 omni
1448 1063 1660 1110 alimento
1687 1066 1757 1111 vel
1784 1066 2020 1112 continen-

185 1142 253 1176 ter
274 1163 286 1181 ,
312 1130 384 1176 vel
403 1128 750 1193 frequentiffime
771 1128 923 1175 saltem
944 1160 956 1180 ,
977 1133 1021 1174 ὃς
1043 1145 1099 1174 ne
1117 1127 1419 1174 ventriculum
1445 1144 1602 1191 gravet
1618 1163 1630 1182 ,
1649 1131 1789 1193 potest
1815 1129 1907 1176 dofi
1926 1148 2020 1177 ma-

185 1194 336 1239 tutinae
363 1194 482 1240 laCtis
505 1195 612 1241 addi
637 1212 748 1258 aqua
768 1193 960 1241 secunda
989 1193 1119 1239 calcis
1149 1192 1204 1238 ab
1241 1192 1316 1258 gj.
1347 1193 1402 1238 ad
1429 1193 1491 1255 iij.
1527 1193 1597 1239 vel
1626 1195 1861 1241 decoctum
1897 1214 2019 1241 ama-

183 1275 284 1304 rum
314 1258 526 1304 foliorum
553 1259 727 1305 absintii
745 1292 757 1311 ,
781 1258 999 1306 centaurii
1020 1291 1032 1310 ,
1053 1258 1354 1319 chamaedryos
1376 1263 1462 1304 &c.
1486 1257 1539 1303 ad
1562 1258 1671 1322 giij.
1698 1260 1760 1306 iv.
1785 1259 1859 1306 vel
1884 1279 1925 1306 v.
1947 1261 2019 1308 vel

184 1339 289 1370 ante
309 1324 429 1369 lastis
452 1323 650 1369 haustum
681 1324 893 1370 devorari
924 1323 1130 1385 quolibet
1150 1340 1279 1369 mane
1311 1322 1440 1370 bolus
1469 1321 1710 1370 absorbens
1741 1341 1794 1370 ex
1827 1325 2020 1372 coralliis

183 1387 356 1441 rubris,
394 1389 535 1434 oculis
571 1406 835 1435 cancrorum
855 1422 867 1440 ‚
902 1388 1071 1439 cortice
1110 1388 1362 1435 Peruviano
1392 1427 1406 1442 ,
1446 1387 1594 1452 lapide
1626 1387 1876 1441 haematite,
1902 1389 2020 1436 terra

187 1451 373 1516 sigillata
394 1487 407 1506 ,
438 1453 559 1500 creta
578 1488 590 1506 ‚
618 1454 771 1501 aliisve
808 1452 991 1516 hujusce
1027 1453 1231 1516 generis,
1260 1470 1354 1516 quae
1392 1452 1559 1516 lingula
1596 1452 1650 1498 ad
1695 1453 1774 1517 91.
1816 1453 2021 1503 exhiberi

185 1514 362 1582 possunt
377 1551 389 1570 ‚
418 1517 445 1562 si
466 1519 557 1564 duo
575 1535 648 1564 aut
674 1519 759 1564 tria
783 1518 956 1564 tantum
975 1517 1286 1564 exhibeantur.

249 1592 315 1642 70.
353 1583 689 1635 carcinomati,
727 1582 757 1628 fi
796 1583 1024 1628 occultum
1049 1582 1128 1634 fir,
1165 1582 1314 1646 topica
1345 1581 1465 1627 nulla
1502 1581 1700 1628 remedia
1737 1582 2020 1633 admovenda

184 1647 287 1693 sunt
307 1682 319 1700 ,
343 1664 425 1694 nec
458 1648 601 1693 calida
620 1681 633 1700 ‚
667 1647 812 1700 acria,
848 1646 1144 1698 resolventia,
1167 1663 1259 1708 quae
1295 1645 1601 1692 calefaciendo
1626 1646 1836 1693 morbum
1859 1667 2020 1713 aggra-

185 1728 294 1758 vant
313 1730 324 1764 3
348 1729 428 1758 nec
455 1711 766 1775 refrigerantia
784 1745 797 1764 ‚
820 1712 1027 1773 anodyna
1042 1744 1056 1763 ‚
1078 1711 1260 1775 pinguia
1280 1743 1292 1762 ‚
1315 1709 1617 1757 demulcentia
1637 1743 1649 1763 ‚
1673 1729 1766 1774 quae
1793 1715 1903 1760 cutis
1935 1733 2019 1779 po-

186 1795 260 1823 ros
290 1776 556 1841 obstipando
577 1783 621 1822 ὃς
652 1775 900 1834 insensilem
929 1776 1168 1838 diapnoem
1198 1774 1448 1821 inhibendo
1481 1775 1668 1821 tumoris
1698 1776 1922 1831 calorem,
1950 1796 2018 1827 at..

186 1858 276 1904 que
303 1842 417 1888 adeo
443 1840 593 1887 morbi
621 1839 893 1906 progressum
912 1841 1153 1886 intendunt
1172 1857 1251 1902 per
1271 1840 1490 1886 accidens.
1511 1838 1681 1886 Sufficit
1702 1841 1838 1904 igitur
1858 1861 2018 1894 cavere

187 1922 261 1969 neJ⁴
276 1922 425 1952 tumor
443 1906 615 1970 frigore
655 1905 978 1968 constringatur
997 1938 1009 1957 ,
1031 1920 1103 1950 aut
1138 1905 1375 1950 humorem
1406 1903 1676 1951 extrinsecus
1698 1908 1930 1955 contrahat
1962 1910 2018 1957 ab

188 1975 289 2017 a‘e‘re
326 1970 584 2018 humidiore
602 2005 613 2023 ‚
642 1971 767 2034 quod
793 1987 1033 2035 utrumque
1064 1987 1223 2016 cavere
1254 1969 1373 2015 haud
1406 1968 1589 2016 difficile
1619 1971 1678 2017 est
1699 1972 1870 2019 ratione
1903 1973 2019 2022 sedis

188 2053 326 2100 quam
353 2052 500 2082 tumor
527 2052 729 2100 occupat.

251 2107 319 2148 80.
354 2101 529 2148 Contra
554 2101 586 2146 fi
608 2101 862 2148 carcinoma
882 2101 1183 2149 exulceratum
1215 2099 1382 2154 fuerit,
1413 2116 1517 2148 tunc
1550 2100 1772 2148 neceffiim
1804 2103 1863 2148 est
1895 2103 2017 2152 ulcus

182 2166 393 2229 'quotidie
413 2184 567 2213 curare
582 2200 599 2220 ,
618 2167 867 2213 linamento
888 2167 1002 2213 ficco
1024 2167 1218 2213 molliter
1240 2183 1499 2228 extergere,
1527 2167 1716 2213 decocto
1742 2167 2019 2230 Agr-imoniae

188 2247 262 2277 aut
285 2232 468 2278 Geranii
487 2231 756 2278 Robertiani
772 2232 917 2279 eluere
939 2266 951 2285 ‚
983 2238 1028 2279 &
1051 2232 1251 2278 humoris
1276 2230 1514 2278 defluentis
1532 2230 1750 2278 ferociam
1774 2234 2017 2283 retundere

186 2297 260 2342 vel
296 2296 448 2343 saltem
481 2297 689 2360 mitigare
719 2297 876 2361 topicis
899 2331 911 2348 ‚
945 2315 1039 2360 quae
1072 2298 1238 2343 virtute
1267 2295 1473 2357 anodyna
1505 2312 1578 2341 aut
1614 2295 1883 2344 absorbente
1914 2300 2017 2363 pol-

187 2359 339 2413 leant,
370 2362 510 2408 modo
541 2360 692 2407 oleosa
723 2379 815 2406 non
847 2360 943 2406 lint.
994 2361 1246 2424 Multigena
1277 2362 1323 2406 in
1354 2361 1473 2406 hunc
1505 2360 1642 2407 finem
1673 2361 1908 2408 laudantur
1942 2382 2015 2411 re-

188 2425 335 2471 media
353 2458 365 2476 ‚
396 2426 471 2472 sed
496 2426 663 2472 caeteris
692 2425 881 2488 palmam
903 2425 1115 2472 videntur
1144 2427 1380 2490 praeripere
1403 2425 1630 2488 sequentia
1652 2444 1663 2469 ι
1696 2428 1932 2473 Nutritum
1959 2446 2014 2475 ex

190 2488 322 2535 succo
341 2489 478 2535 solani
495 2489 711 2537 hortensis
744 2489 817 2536 seu
835 2490 1030 2553 vulgaris
1048 2525 1061 2543 ‚
1088 2491 1222 2553 vulgo
1242 2493 1422 2536 Morene
1437 2528 1453 2543 ,
1480 2506 1683 2536 recenter
1714 2490 1912 2554 expresso
1931 2525 1944 2544 ,
1966 2498 2014 2539 δε

188 2552 400 2600 saccharo
434 2555 505 2601 vel
532 2554 677 2619 potius
703 2555 960 2617 Magisterio
987 2558 1226 2601 Saturnino
1252 2555 1299 2600 in
1325 2554 1540 2600 mortario
1566 2554 1777 2618 plumbeo
1808 2573 1909 2600 cum
1930 2556 2016 2620 pis-

189 2618 287 2664 tillo
309 2618 520 2683 plumbeo
540 2619 752 2682 agitando
772 2637 999 2682 paratum3
1020 2622 1169 2666 oleum
1188 2638 1380 2665 ovorum
1402 2621 1616 2665 recensiri
1635 2620 1849 2665 mortario
1873 2621 2014 2684 plum„

191 2681 280 2729 beo
311 2683 640 2747 conquassatum
671 2684 817 2730 donec
846 2684 1092 2747 nigrescat3
1120 2685 1283 2731 lamina
1309 2684 1517 2748 plumbea
1547 2699 1770 2729 attenuata
1795 2685 1866 2731 vel
1895 2684 2014 2738 sola,

191 2748 263 2792 vel
283 2750 513 2794 Mercurio
540 2749 650 2794 illita
670 2767 681 2801 3
699 2767 803 2794 caro
832 2749 1115 2796 cochlearum
1142 2750 1409 2795 terrestrium
1440 2765 1512 2793 aut
1539 2766 1799 2794 cancrorum
1819 2750 2014 2796 fluviati-

191 2811 303 2858 lium
341 2813 454 2858 elixa
484 2819 529 2859 &
563 2813 618 2859 ad
647 2814 958 2877 putrilaginem
989 2814 1035 2858 in
1073 2814 1290 2859 mortario
1323 2813 1537 2876 plumbeo
1565 2814 1789 2866 contrita3
1830 2815 2011 2860 Talleo‘-

194 2875 242 2922 1ae
274 2877 415 2922 carnis
445 2877 639 2923 vitulinae
670 2878 851 2924 calentis
881 2912 894 2930 ‚
942 2878 1087 2923 catelli
1119 2878 1271 2924 recens
1295 2877 1387 2922 nati
1413 2895 1491 2940 per
1517 2877 1717 2923 medium
1742 2876 1938 2930 dissecti,
1966 2885 2012 2924 &

194 2940 385 2987 calentes
412 2941 609 2994 admoti3
636 2942 784 2987 oleum
810 2943 832 2986 ὲ
860 2947 974 2986 ranis
1003 2942 1220 2987 viridibus
1246 2959 1322 3004 per
1354 2940 1611 2987 descensum
1634 2940 1917 2994 distillatum,
1937 2943 2012 2990 ad-

193 3005 291 3050 dito
320 3004 628 3051 exsiccatamm
658 3022 862 3050 ranarum
890 3006 1146 3051 earumdem
1166 3039 1178 3058 ,
1201 3004 1423 3050 bufonum
1442 3039 1453 3056 ,
1479 3021 1550 3049 aut
1574 3022 1837 3051 cancrorum
1860 3006 2012 3054 fluvia-

195 3069 341 3116 tilium
361 3071 543 3135 pulvere
561 3089 571 3122 ·‚
594 3069 791 3116 remedia
810 3070 960 3115 omnia
980 3087 1032 3115 ex
1052 3070 1191 3115 tutliia
1206 3103 1219 3122 ,
1239 3069 1572 3134 pompholyge,
1594 3074 1785 3116 Saturno
1807 3076 1892 3116 &o

263 3143 325 3191 90.
365 3135 544 3181 Debent
576 3134 825 3186 narcotica,
854 3152 901 3180 ut
928 3136 1081 3199 opium
1110 3135 1133 3180 a
1162 3152 1227 3198 gr.
1246 3139 1274 3195 1.
1296 3135 1349 3180 ad
1371 3135 1416 3195 ij.
1435 3137 1505 3180 vel
1534 3135 1594 3195 iij.
1616 3135 1772 3182 iisdem
1804 3137 2014 3184 remedii-s

198 3199 459 3254 admisceri,
486 3200 516 3246 [ι
543 3200 669 3248 dolor
693 3199 745 3247 fit
765 3199 929 3248 nimius
946 3234 962 3257 ,
992 3217 1092 3249 acer
1109 3234 1123 3255 ,
1154 3199 1341 3248 mordax
1358 3231 1372 3256 ,
1401 3199 1627 3247 lancinatis
1654 3219 1663 3246 ;
1690 3201 1786 3246 Imo
1817 3202 1926 3251 vero
1943 3202 2012 3249 in-

1703 3269 1747 3311 H
1767 3265 1798 3311 h
