2477 3643
167 232 223 274 11.
236 232 399 285 Diagnou

165 285 209 323 sis
226 284 312 322 sedis
328 296 396 336 go-

167 336 361 383 nprrluaeae.

200 1778 278 1815 111.
296 1777 388 1815 Dia-

160 1830 280 1880 gnosis
299 1843 390 1867 cau-

159 1880 205 1920 sae
227 1894 370 1931 gonor-

158 1931 287 1972 xhoeae.

204 2621 270 2657 lv.
290 2620 385 2659 Dia·-

155 2673 272 2722 gnofis
287 2669 388 2710 diff:-

157 2726 359 2761 rentiarum

160 2786 301 2824 gonor-

158 2825 286 2866 εἰπε.

450 139 546 199 ‘234
795 140 913 186 DE
980 133 1960 185 Moass1stNERE1s.

508 220 577 264 ΙΙ.
606 218 677 265 De
699 215 801 265 sede
819 216 1100 282 gonorrhoeae
1119 215 1246 261 nullis
1267 214 1433 259 constat
1455 213 1632 262 indiciis
1650 216 1780 263 certis
1796 234 1808 270 ·‚
1827 214 1974 281 neque
2001 229 2272 282 magnopere

441 299 551 347 opus
575 284 635 329 est
655 283 711 328 ad
743 283 1019 329 curationem
1040 315 1052 333 ,
1071 280 1171 327 cum
1192 278 1336 325 ubivis
1363 280 1632 340 gonorrhoea
1665 280 1813 328 sedem
1850 281 2058 327 habuerit
2074 314 2087 334 ‚
2109 281 2270 328 eadem

439 344 534 394 fere
561 347 758 394 remedia
789 365 842 394 ex
862 346 941 393 usu
960 345 1110 391 futura
1143 344 1238 390 sint.
1273 341 1411 388 Haud
1428 341 1633 390 inanibus
1656 360 1806 393 tamen
1839 345 2102 407 conjecffmris
2128 347 2270 411 potest

443 411 596 474 colligi
613 445 625 464 ,
646 413 965 475 gonorrhoeam
981 409 1186 455 insidere.

515 485 574 521 10.
597 476 777 534 Prostasae
796 475 845 521 &¹
860 477 1045 534 veficnlis
1056 474 1290 533 seminariis
1304 511 1317 525 ‚
1331 488 1425 534 quae
1444 471 1638 533 ejusdem
1657 473 1761 519 mali
1778 473 2006 520 consortes
2025 474 2109 520 effe
2126 473 2270 521 solent

440 557 622 604 propter
651 540 860 585 viciniam
878 574 891 591 ,
920 555 1077 601 nempe
1098 536 1274 599 quoties
1306 536 1512 583 materies
1531 536 1640 582 uber
1663 540 1747 591 est·,
1769 554 1916 584 tumor
1943 539 2163 602 dolorque
2190 556 2270 600 pe-

440 605 622 651 rinaeum
647 604 779 667 longe
812 603 988 666 lateque
1018 617 1238 665 occupant
1270 634 1283 653 ‚
1314 606 1360 646 δε
1401 599 1526 646 altius
1558 600 1714 665 sepulti
1750 602 1958 649 videntur
1984 621 1994 655 3
2023 605 2146 650 testes
2176 602 2267 650 fine

441 669 568 714 causa
595 669 663 715 vel
698 669 849 715 saltem
885 667 974 714 levi
1005 667 1062 713 de
1095 665 1220 712 causa
1259 665 1306 710 in
1340 664 1486 710 morbi
1518 664 1775 712 societatem
1810 667 1998 714 veniunt
2033 687 2044 721 3
2073 667 2269 730 denique

439 733 732 797 symptomata
770 732 945 783 omnia,
967 730 1095 776 dolor
1116 764 1128 782 ,
1148 729 1267 776 calor
1282 764 1295 781 ‚
1315 728 1576 776 erethismus
1608 730 1869 792 genitalium
1889 732 2057 778 intense
2087 748 2263 796 urgent.

439 798 695 857 ConJ'icitur
723 813 870 843 autem
887 795 1073 842 vesicula
1091 795 1301 841 alterutra
1329 793 1500 839 tantum
1521 793 1661 846 affici,
1678 793 1708 839 fi
1723 795 1935 842 alteruter
1956 796 2125 842 tantum
2147 797 2264 844 testis

438 861 575 908 caleat
593 896 605 913 ,
626 862 774 907 doleat
792 895 804 913 ‚
821 876 985 907 tumeat
1004 894 1016 913 ‚
1047 876 1233 922 utraque
1249 893 1261 911 ‚
1289 858 1320 904 si
1341 875 1541 921 uterque.

495 934 555 970 20.
583 927 802 972 Glandnlis
824 928 1103 990 Con’perianis
1119 962 1133 978 ,
1152 942 1246 986 quae
1266 924 1386 969 mole
1404 940 1545 987 parvae
1566 922 1663 968 sunt
1678 927 1724 969 &
1746 922 1826 969 situ
1844 939 2036 970 cutaneae
2054 956 2069 976 ,
2089 923 2264 988 quoties

435 1005 586 1036 tumor
621 995 667 1036 δε
696 991 829 1037 dolor
859 989 1001 1036 minus
1034 988 1227 1041 extensi,
1247 989 1386 1051 magis
1407 986 1724 1052 superficiarii3
1759 994 1804 1034 ὃς
1839 988 1895 1032 ad
1925 1006 2059 1034 anum
2080 989 2260 1053 propius

435 1054 622 1118 adpositi
641 1054 762 1107 sunt3
782 1073 920 1119 pauca
937 1053 1093 1101 defluit
1113 1054 1344 1105 materies3
1363 1052 1656 1116 symptomata
1675 1051 1848 1098 remissa
1863 1052 1974 1098 sunt.
2009 1054 2265 1115 Conjicitur

438 1120 535 1183 pari
555 1119 693 1165 modo
717 1135 950 1182 utramque
976 1118 1230 1181 glandulam
1254 1118 1606 1182 Cowperianam
1634 1117 1757 1162 simul
1776 1133 1991 1179 aegrotare
2007 1152 2019 1170 ,
2036 1117 2065 1162 fi
2086 1135 2234 1164 tumor
2251 1152 2264 1171 ‚

435 1184 558 1232 calor
579 1189 625 1230 &
640 1184 770 1230 dolor
790 1186 863 1230 ani
880 1183 1074 1230 confinia
1101 1198 1322 1247 occupent
1347 1182 1403 1227 ad
1423 1198 1659 1245 utrumque
1677 1181 1787 1227 latus
1806 1182 1987 1246 raphes3
2008 1182 2265 1230 alterutram

436 1249 569 1300 vero,
590 1248 619 1293 fi
639 1248 695 1293 ad
721 1249 982 1295 alterutrum
1002 1246 1188 1294 tantum.

502 1322 563 1374 30.
601 1315 770 1358 Cellulis
805 1314 972 1360 urethrae
992 1351 1004 1366 ,
1031 1312 1207 1375 quoties
1234 1309 1508 1375 paucisfimus
1538 1311 1701 1356 humor
1720 1310 1897 1357 distillat
1917 1345 1929 1364 ‚
1962 1310 2193 1374 nullusque
2214 1311 2264 1356 in

436 1391 536 1424 toto
557 1376 748 1441 perinaeo
771 1393 919 1424 tumor
938 1411 950 1431 ,
972 1377 1105 1422 dolor
1125 1393 1197 1421 aut
1218 1376 1337 1420 calor
1358 1377 1615 1440 percipitur.
1649 1376 1735 1422 Vix
1767 1391 1915 1420 tamen
1946 1376 2082 1421 credo
2112 1375 2167 1422 ab
2198 1375 2265 1420 af-

434 1441 558 1489 fectis
584 1441 685 1487 solis
705 1442 894 1488 urethrae
913 1442 1081 1489 cellulis
1107 1440 1424 1501 gonorrhoeam
1440 1441 1574 1486 ullam
1592 1458 1785 1502 unquam
1805 1440 1961 1485 induci
1978 1440 2099 1504 poffe
2116 1474 2129 1493 ‚
2154 1458 2262 1505 prae-

436 1521 504 1553 ter
525 1506 843 1568 gonorrhoeam
862 1507 985 1552 illam
999 1539 1011 1558 ,
1031 1524 1124 1569 quae
1145 1505 1252 1550 sicca
1269 1504 1433 1550 dicitur
1449 1538 1461 1557 ,
1482 1510 1529 1550 &
1549 1505 1604 1551 de
1623 1504 1708 1567 qua
1727 1503 1860 1549 infra.

495 1579 562 1627 40.
592 1574 786 1616 Demum
803 1571 977 1617 omnibns
988 1572 1110 1629 stmul
1124 1569 1311 1633 partibus
1341 1570 1598 1615 memoratis
1614 1602 1626 1620 ,
1649 1569 1826 1631 quoties
1850 1567 2001 1614 onmia
2019 1583 2263 1614 memorata

434 1632 601 1680 indicia
630 1636 717 1680 una
739 1639 1047 1687 ‘concur-runt,
1069 1650 1200 1696 atque
1233 1633 1346 1678 adeo
1379 1633 1653 1696 gonorrhoea
1686 1631 1969 1679 intenfissimo
2000 1632 2262 1696 genitalium

435 1699 584 1745 calore
598 1734 610 1752 ,
628 1699 790 1746 ardore
804 1734 817 1752 ,
839 1698 1079 1745 erethismo
1102 1700 1295 1762 stipatur.

496 1769 548 1810 ΙΙ
566 1769 598 1810 I.
627 1764 768 1810 Causa
789 1764 948 1828 triplex
969 1798 981 1818 ‚
1010 1763 1097 1825 qua
1117 1762 1436 1825 gonorrhoeam
1454 1760 1642 1826 produci
1669 1760 1835 1806 dietum
1855 1763 1938 1813 est,
1969 1778 2061 1806 non
2086 1775 2176 1805 tam
2205 1777 2262 1807 ex

436 1828 612 1876 diversa
636 1827 981 1893 symptomatum
1011 1827 1167 1873 natura
1194 1825 1498 1888 dignoscitur,
1523 1843 1617 1888 quae
1651 1825 1911 1889 plerumque
1938 1825 2163 1889 aequivoca
2190 1825 2263 1871 vi-

435 1893 533 1939 deri
555 1893 718 1956 poslet,
738 1893 872 1956 quam
894 1892 1044 1939 colore
1065 1892 1243 1939 diverso
1268 1890 1470 1937 humoris
1497 1890 1742 1937 distillantis
1759 1923 1773 1943 ‚
1800 1891 1856 1937 de
1876 1908 1966 1954 quo
1986 1906 2158 1937 certum
2174 1889 2261 1936 effe

434 1959 576 2022 potest
598 1957 828 2018 judicium.
1047 1971 1050 1974 ’

501 2022 572 2068 Sic
609 2029 670 2066 10.
698 2026 876 2067 Humor
896 2019 1168 2085 pellucidus,
1187 2017 1380 2064 albicans
1398 2051 1410 2070 ‚
1427 2018 1498 2064 vel
1523 2036 1576 2064 ex
1606 2018 1708 2064 albo
1742 2018 1969 2072 cinereus,
2000 2035 2088 2064 uno
2119 2017 2260 2064 verbo

435 2085 599 2132 coloris
629 2086 822 2132 retinens
836 2120 849 2138 ,
871 2086 947 2148 qui
972 2084 1127 2131 semini
1145 2099 1217 2129 aut
1236 2082 1437 2129 seminali
1459 2082 1600 2128 fluido
1619 2084 1829 2129 naturalis
1848 2086 1908 2131 est
1922 2118 1934 2134 ,
1952 2084 2168 2148 phlogofim
2187 2097 2261 2128 aut

433 2149 676 2212 simplicem
698 2151 865 2197 tantum
890 2150 1256 2211 inflammationem.
2000 2193 2007 2199 ,

493 2224 555 2260 20.
587 2220 763 2261 Humor
792 2216 913 2261 idem
943 2231 1154 2265 croceus,
1186 2211 1324 2257 flavus
1353 2226 1427 2257 aut
1451 2210 1637 2256 obscure
1670 2210 1908 2257 flavescens
1939 2245 1952 2263 ‚
1984 2228 2115 2275 atque
2145 2211 2258 2259 adeo

433 2279 621 2326 confusm
640 2313 653 2331 ,
673 2280 822 2326 dilutis
853 2278 1075 2324 &intime
1104 2276 1356 2322 commixtis
1383 2275 1605 2337 sanguinis
1625 2274 1806 2338 guttulis
1837 2277 1995 2322 tinetus
2025 2277 2262 2337 inflamma-

434 2348 574 2391 nonem
592 2383 605 2397 ,
624 2362 716 2406 quae
737 2363 825 2390 cnm
844 2344 1177 2402 extravasatione
1196 2343 1431 2400 conjumsta
1448 2339 1513 2385 fit.

498 2417 560 2469 30.
589 2410 796 2473 Denique
816 2408 978 2453 humor
994 2425 1046 2453 ex
1063 2405 1181 2451 flavo
1201 2403 1420 2451 virescens
1435 2438 1448 2456 ,
1467 2405 1624 2452 viridis
1639 2420 1713 2451 aut
1730 2403 2011 2449 atro-viridis
2026 2437 2038 2456 ‚
2054 2405 2259 2468 adeoque

431 2473 549 2535 puris
576 2473 763 2520 admixti
782 2471 1010 2540 praesentizi
1027 2470 1351 2517 contaminatus
1368 2471 1584 2530 ulcerofizm
1600 2471 2011 2532 autsuppuratoriam
2027 2470 2257 2532 inflamma-

431 2542 571 2582 tionem
591 2542 750 2600 arguit.

490 2606 506 2647 1
527 2608 577 2648 V.
612 2602 742 2648 Haud
762 2598 926 2664 dispari
955 2600 1125 2646 ratione
1151 2599 1207 2644 de
1234 2597 1376 2664 specie
1393 2596 1758 2643 inflammationis
1782 2596 2113 2656 conjiciendum
2134 2598 2206 2642 est.

497 2668 675 2730 Nempe
714 2675 772 2710 10.
803 2665 1147 2711 Oedematoa'aeam
1175 2665 1270 2722 effe,
1301 2663 1329 2707 si
1348 2660 1526 2726 copiosa
1555 2677 1703 2717 manet
1733 2662 1947 2712 materia,
1977 2660 2050 2706 sed
2083 2659 2258 2714 serosa',

433 2728 572 2775 diluta
587 2763 598 2781 ‚
621 2730 776 2794 parum
792 2729 974 2774 mordax
990 2727 1047 2788 ·,ssi
1062 2726 1236 2787 dysuria
1251 2761 1261 2779 ,
1284 2727 1405 2773 calor
1419 2760 1431 2778 ,
1450 2724 1711 2773 erethismus
1728 2725 1989 2788 genitalium
2005 2725 2257 2773 mediocres

435 2791 515 2838 sint
530 2827 543 2845 ‚
565 2812 666 2841 cum
683 2794 808 2840 molli
826 2793 1000 2856 perinaei
1028 2808 1220 2837 tumore.

493 2867 554 2902 2⁰.
585 2859 948 2922 Phlegmonodaeam
966 2896 980 2911 ,
1004 2856 1035 2900 sl
1067 2855 1271 2901 materies
1295 2871 1388 2899 non
1416 2853 1599 2917 quidem
1624 2853 1768 2898 minus
1804 2852 1916 2900 uber
1943 2851 2118 2899 distillet
2140 2886 2152 2904 ‚
2178 2852 2255 2900 sed

430 2920 596 2986 spissior
615 2941 663 2968 ac
686 2923 940 2968 mordacior
957 2941 967 2967 ς
987 2920 1017 2967 sl
1033 2919 1209 2980 dysuria
1224 2953 1237 2971 ,
1255 2918 1375 2964 calor
1391 2918 1613 2984 dolorque
1628 2917 1868 2983 genialium
1886 2917 2133 2964 acerbiores
2146 2916 2251 2969 fint3

429 3003 529 3031 cum
550 2986 779 3032 manifesto
796 2992 839 3032 δε
861 2987 991 3032 firmo
1012 2985 1186 3049 perinaei
1204 3001 1394 3029 tumore.

496 3059 556 3111 30.
592 3056 629 3095 E
637 3052 964 3113 ryfipelatoa’aeam
986 3089 999 3103 ,
1020 3049 1049 3094 fi
1071 3049 1246 3110 dysuria
1264 3082 1278 3101 ‚
1296 3049 1417 3093 calor
1434 3080 1447 3099 ‚
1473 3046 1606 3092 dolor
1640 3052 1686 3092 &
1705 3045 1963 3093 erethismus
1992 3044 2251 3107 genitalium

429 3113 706 3160 intenfiffime
725 3131 934 3176 urgeant3
965 3113 994 3158 fi
1025 3114 1130 3159 fluat
1153 3113 1356 3158 materies
1378 3129 1514 3174 pauca
1532 3144 1545 3163 ‚
1568 3110 1900 3160 seducet-rima,
1931 3107 2265 3155 mordaciffima,

432 3182 477 3222 ὃς
499 3179 660 3224 summe
681 3178 821 3235 flava5
839 3195 984 3241 neque
1016 3193 1165 3226 tamen
1194 3175 1376 3242 perinaei
1411 3171 1558 3225 tumor
1588 3174 1933 3239 symptomatum
1957 3171 2249 3224 vehementiae

430 3239 709 3305 respondeat.
