2477 3643
240 1653 376 1701 1525.

235 1857 373 1905 1527.

459 145 559 196 450
781 128 1334 177 nantoani-s
1415 128 1934 177 VENERI-315.

458 240 487 260 2>
506 213 612 260 dam
632 211 848 260 malitiam
875 212 1125 274 adjunctam
1143 244 1155 262 ‚
1187 226 1234 256 ut
1261 209 1460 273 quisquis
1487 227 1542 258 eo
1574 226 1778 264 tenetur,
1802 213 1874 260 vel
1901 210 2026 259 nullo
2058 211 2136 261 suo
2157 220 2291 262 corn·2

460 304 487 323 n
509 277 650 324 modo
670 279 862 341 gaudeat
882 279 1015 342 quam
1035 275 1235 340 plurimis
1258 276 1376 320 suam
1397 274 1598 322 affricare
1620 275 1813 325 scabiem
1817 311 1967 324 ......
2000 281 2031 323 P
2048 282 2096 324 E.
2131 283 2287 327 Nemo

458 368 486 388 n
510 342 656 389 barbae
684 342 849 404 sylvam
875 342 1062 406 patiatur
1092 339 1171 384 fibi
1206 340 1404 391 demeti,
1434 356 1509 385 aut
1533 340 1612 386 fibi
1636 343 1823 406 quisque
1850 342 2077 389 tonsorem
2105 346 2286 407 praestet.

461 432 489 452 υ
509 411 608 454 GA.
642 408 767 465 Quid
786 408 814 452 fi
835 422 1020 468 uterque
1040 404 1216 450 claudat
1236 422 1284 449 os
1301 417 1313 450 ἒ
1352 408 1383 450 P
1399 408 1447 449 E.
1485 404 1648 452 Afflant
1667 407 1846 454 naribus
1866 408 2047 453 malum.
2084 412 2184 454 GA.
2217 410 2288 454 Est

457 497 484 517 υ
504 477 552 519 &
583 473 648 518 isti
669 473 786 517 malo
811 471 1075 517 remedium.
1114 472 1145 515 P
1160 472 1208 515 E.
1242 469 1517 527 Quodnam?
1554 473 1650 515 GA.
1688 474 1755 516 Ut
1772 472 1896 535 quod
1917 471 2059 518 solent
2082 472 2288 518 Alcumi-

458 562 485 583 a
507 538 547 583 ci
563 571 575 589 ‚
595 537 762 582 addant
782 534 1017 600 personam
1032 567 1045 586 ‚
1073 551 1165 597 quae
1189 552 1266 598 per
1287 534 1449 581 vitreas
1468 533 1712 581 fenestellas
1731 537 1920 600 praebeat
1940 538 2092 584 lumen
2113 537 2284 586 oculis3

459 626 485 645 υ
503 603 573 648 ori
596 600 861 663 naribusqiie
884 598 1382 663 respirationem,cornu
1405 599 1427 644 a
1451 599 1637 662 persona
1656 618 1732 663 per
1752 601 1901 646 axillas
1922 601 1968 646 in
1982 618 2156 665 tergum
2181 620 2289 666 por-

460 689 488 708 υ
506 669 638 713 reolo.
676 670 705 711 P
723 669 771 710 E.
801 665 918 711 Belle
937 697 949 715 ‚
973 663 1002 708 sl
1025 663 1136 708 nihil
1158 665 1450 709 metuendum
1473 666 1531 710 est
1550 664 1573 709 a
1593 667 1799 710 contactu
1821 665 2068 728 digitorum
2084 700 2097 718 ,
2118 667 2288 714 linteo-

459 751 486 771 υ
509 749 606 776 rum
627 763 638 781 ‚
665 731 847 795 pectinis
866 764 877 782 ‚
907 734 952 774 δε
977 728 1177 792 forcipis.
1210 732 1306 774 GA.
1340 729 1576 792 Optimum
1603 729 1738 792 igitur
1759 729 1944 774 barbam
1973 729 2108 793 usque
2128 732 2184 777 ad
2207 749 2288 795 ge-

459 816 485 836 ·-
508 813 593 840 nua
619 795 860 841 dimittere.
901 797 994 839 PE.
1026 799 1090 839 lta
1116 794 1308 839 videtur.
1346 793 1524 840 Deinde
1555 793 1628 839 fiat
1658 794 1854 840 edictum
1872 828 1884 846 ,
1906 812 1961 841 ne
1982 797 2078 857 quis
2098 795 2218 842 idem
2238 796 2289 842 sit

458 887 486 907 υ
506 858 661 905 tonsor
693 865 738 906 δέ
771 859 1034 921 Chirurgus.
1079 862 1179 903 GA.
1214 858 1285 904 Ad
1308 856 1473 905 famem
1500 859 1665 921 relegas
1689 858 1929 905 Tonsores.
1952 862 2047 904 PE.
2080 860 2291 906 Minuant

459 950 485 970 υ
503 924 700 989 sumptus
715 959 728 977 ,
750 930 797 971 δε
818 924 1046 986 aliquanto
1067 923 1203 987 pluris
1224 923 1397 968 radant.
1435 927 1535 968 GA.
1568 924 1681 969 Esto.
1712 927 1742 969 P
1759 926 1806 970 E.
1841 927 1961 969 Tum
1982 923 2150 970 feratur
2170 930 2260 971 Lex
2278 958 2292 977 ‚

459 1015 486 1035 η
508 1008 564 1036 ne
598 990 695 1053 quis
728 1007 828 1035 cum
861 989 948 1033 alio
979 988 1189 1053 poculum
1222 987 1380 1033 habeat
1415 1005 1668 1035 commune.
1707 993 1804 1034 GA.
1841 990 1967 1034 Istam
2001 989 2074 1035 vix
2105 989 2293 1053 recipiat

457 1080 484 1099 υ
506 1055 681 1117 Anglia.
720 1058 749 1100 P
765 1058 814 1100 E.
850 1057 983 1101 Neve
1018 1053 1108 1098 duo
1147 1051 1412 1099 misceantur
1447 1054 1610 1099 eodem
1647 1053 1761 1099 lecto
1781 1087 1793 1105 ,
1828 1069 1985 1117 praeter
2019 1070 2205 1100 uxorem
2245 1059 2292 1100 ὃς

459 1145 484 1164 n
509 1121 732 1165 maritum.
771 1123 868 1164 GA.
901 1118 1065 1165 Placet.
1099 1121 1130 1164 P
1148 1121 1197 1163 E.
1219 1119 1290 1163 Ad
1312 1118 1396 1164 haec
1417 1118 1465 1163 in
1485 1117 1744 1164 diversoriis
1764 1136 1820 1164 ne
1839 1118 1937 1180 quis
1956 1117 2113 1182 hospes
2135 1119 2294 1166 indor-

458 1209 484 1229 »ι
504 1186 613 1230 miat
643 1185 791 1231 linteis
808 1217 821 1235 ‚
852 1184 898 1228 in
918 1183 1078 1246 quibus
1095 1183 1199 1228 alius
1214 1183 1466 1228 indormiit.
1502 1187 1599 1228 GA.
1634 1183 1759 1241 Quid
1777 1182 1911 1229 facies
1929 1183 2162 1230 Germanis
2178 1219 2191 1237 ,
2213 1184 2291 1248 qui

459 1273 485 1293 υ
505 1250 580 1295 vix
602 1250 750 1296 lavant
769 1249 834 1294 bis
848 1249 895 1294 in
916 1266 1049 1293 anno.
1082 1251 1174 1293 PE.
1207 1247 1494 1293 Exstimulent
1513 1247 1705 1294 lotrices.
1726 1250 1941 1294 Praeterea
1958 1247 2141 1295 tollatur
2169 1267 2263 1295 mos
2278 1282 2295 1301 ,

459 1340 486 1360 n
503 1315 707 1378 quamvis
724 1315 913 1361 vetustus
930 1348 941 1365 ,
960 1312 1178 1358 salutandi
1204 1312 1371 1358 osculo.
1407 1316 1507 1358 GA.
1539 1312 1744 1359 Etiamne
1761 1314 1809 1358 in
1826 1313 2042 1377 Templis.
2073 1316 2104 1358 P
2118 1316 2164 1357 E.
2197 1318 2291 1360 Ta·-

457 1403 484 1423 „
508 1380 632 1426 bellae
652 1378 771 1425 suam
792 1378 976 1442 quisque
995 1394 1192 1442 opponat
1216 1395 1408 1424 manum.
1443 1381 1539 1422 GA.
1577 1378 1703 1436 Quid
1721 1377 1775 1424 de
1796 1377 2040 1441 colloquio.
2080 1380 2108 1422 P
2128 1381 2174 1422 E.
2207 1379 2292 1425 Vi-

461 1472 488 1491 „
508 1461 625 1491 tetur
642 1444 753 1491 illud
773 1443 1072 1489 Homericum
1092 1476 1103 1495 ,
1118 1445 1233 1504 Α”φχι
1249 1446 1335 1507 χῶν
1351 1441 1518 1502 κεφαλήν
1536 1475 1546 1493 ‚
1564 1447 1609 1487 δέ
1626 1442 1808 1488 vicissim
1831 1443 1909 1505 qui
1930 1442 2144 1488 auscultat
2164 1460 2294 1490 coma

461 1537 487 1556 2,
507 1510 669 1575 primat
691 1510 830 1556 labra.
866 1512 964 1554 GA.
992 1508 1078 1555 Vix
1104 1507 1191 1553 istis
1218 1506 1391 1571 legibus
1413 1506 1671 1554 suffecerint
1691 1507 1935 1555 duodecim
1955 1506 2153 1555 Tabulae.

524 1645 1064 1689 BanrnoroMAEus
1109 1639 1397 1683 Sur-BER.

638 1707 860 1752 Praecuutio
887 1705 964 1748 luis
989 1719 1177 1750 venereae.
1209 1706 1256 1749 V
1255 1707 1374 1747 iennae
1398 1713 1502 1764 1525.
1531 1699 1580 1746 in
1597 1706 1665 1759 40.

523 1836 550 1889 J
568 1850 638 1880 Ac
655 1850 682 1879 o
703 1851 726 1879 B
746 1850 774 1879 υ
793 1848 810 1876 s
855 1835 894 1878 A
941 1834 972 1876 Β
989 1847 1010 1876 E
1029 1848 1057 1876 τ
1077 1849 1107 1877 H
1125 1848 1147 1876 E
1167 1847 1195 1875 N
1216 1848 1240 1875 c
1259 1847 1287 1876 o
1307 1847 1335 1876 ti
1355 1847 1388 1876 R
1405 1846 1433 1874 T
1470 1863 1485 1882 ‚
1527 1826 1897 1891 Rothomagenfis
1926 1824 2147 1875 Medicus.

579 1904 720 1946 Nova
747 1896 1031 1960 poeniienticzlis
1066 1896 1391 1958 Qudragefima
1426 1932 1441 1948 ,
1494 1913 1643 1940 necnon
1680 1897 1964 1955 Purgatorium
2009 1896 2052 1937 in
2088 1891 2295 1940 Morbum

596 1958 599 1959 ⁷
618 1966 821 2007 Gallicum
841 1962 934 2020 ssve
962 1978 1174 2005 venereum
1192 1997 1205 2011 ,
1246 1958 1329 2004 unu
1369 1976 1455 2004 cum
1492 1962 1675 2021 Dialogo
1708 1963 1840 2018 Aquae
1884 1960 2041 2018 argenti
2078 1974 2127 2002 ac
2164 1961 2293 2021 Ligm‘

621 2028 800 2071 Guaiaci
816 2025 1112 2070 collaetantium
1120 2024 1244 2084 fizper
1275 2023 1371 2067 diiii
1399 2021 1526 2067 morbi
1547 2026 1764 2067 curationis
1788 2019 2029 2083 praelatitrai.
2048 2024 2165 2088 Opus
2173 2023 2296 2082 fruc-

618 2091 792 2150 tiferum.
820 2086 988 2133 Parifiis
1007 2121 1020 2140 ‚
1051 2087 1204 2134 Nicol.
1230 2086 1430 2132 Savetier
1455 2118 1467 2136 ,
1498 2102 1631 2147 1527.
1653 2085 1700 2130 in
1725 2089 1765 2129 8.

529 2155 656 2200 Patet
678 2151 855 2211 hujusce
879 2151 1177 2215 inscriptionis
1203 2150 1317 2195 ratio
1346 2167 1398 2195 ex
1421 2149 1546 2195 Libri
1572 2148 1811 2214 prooemio.
1840 2172 1862 2190 n
1893 2151 2030 2195 Nunc
2050 2149 2294 2213 temporis,

462 2246 490 2267 υ
510 2220 641 2282 inquit
660 2220 820 2264 Auctor
838 2254 852 2270 ‚
871 2217 917 2262 in
934 2217 1039 2262 dicti
1061 2214 1210 2261 morbi
1231 2215 1463 2260 curatione
1485 2214 1580 2260 duae
1599 2214 1813 2278 praecipue
1834 2230 2131 2277 prorumpunt
2155 2214 2296 2262 haere-

462 2310 489 2329 0,
516 2282 600 2333 ses,
620 2283 756 2328 altera
774 2282 1019 2327 Guaiacum
1047 2280 1266 2328 extollens
1286 2280 1456 2342 lignum
1475 2312 1487 2331 ,
1517 2280 1655 2325 altera
1682 2295 1841 2341 aquam
1871 2278 2044 2339 argenti
2071 2295 2164 2323 non
2196 2297 2295 2326 me-

461 2372 488 2393 ω
510 2348 655 2394 diocri
682 2346 872 2393 efferens
907 2345 1149 2410 praeconio.
1182 2343 1261 2390 Illa
1282 2343 1574 2407 pernitentiali
1594 2341 1945 2405 Quadrageslma
1973 2342 2140 2406 (nempb
2166 2358 2296 2408 prop.-

461 2438 489 2458 υ
508 2428 568 2458 ter
590 2413 765 2458 inediam
783 2418 798 2470 >
823 2411 911 2457 haec
932 2411 1040 2458 vero
1058 2409 1257 2475 quodam
1281 2408 1549 2473 purgatorio
1574 2413 1589 2465 (
1605 2422 1769 2473 propter
1782 2407 1988 2471 ptyalzsmi
2007 2406 2158 2452 dolores
2172 2420 2187 2469 )
2203 2426 2303 2456 me-

463 2502 489 2521 „
519 2477 617 2523 deri
638 2476 830 2523 videtur.

523 2546 627 2588 Hoc
647 2540 923 2605 Opusculum
954 2539 1120 2586 constat
1147 2537 1344 2584 articulis
1374 2536 1464 2584 sive
1483 2535 1702 2601 Capitulis
1728 2534 1919 2599 viginti,
1946 2534 2024 2582 sed
2048 2535 2172 2582 nullo
2205 2535 2299 2582 dis-

463 2606 609 2654 tinctis
639 2623 842 2652 numero.

533 2677 566 2717 Ι.
596 2669 754 2717 Refert
786 2670 916 2715 eodem
935 2686 1039 2714 anno
1056 2705 1070 2721 ‚
1098 2684 1172 2729 quo
1196 2669 1430 2712 Galliarum
1448 2671 1540 2711 Rex
1561 2666 1737 2709 Carolus
1757 2665 1950 2710 Oc'lavus
1970 2667 2154 2726 impetum
2172 2666 2299 2709 Nea-

458 2738 544 2801 poli
567 2737 661 2793 fhcit
682 2774 696 2788 ,
712 2736 873 2793 sitorum
893 2748 961 2778 aut
988 2733 1166 2796 peditum
1194 2746 1264 2775 aut
1285 2735 1459 2792 equitum
1478 2728 1712 2791 quibusdam
1731 2731 1853 2772 talem
1870 2729 2090 2791 prorupiffe
2119 2726 2298 2774 morbum

465 2834 608 2846 .....
636 2800 713 2862 qui
740 2797 932 2862 proinde
951 2797 1099 2842 abhinc
1115 2799 1285 2858 triginta
1304 2798 1465 2840 circiter
1485 2810 1607 2837 annos
1629 2792 1739 2851 visus
1766 2790 1830 2850 est.

525 2870 542 2910 Ι
561 2870 594 2910 Ι.
639 2868 751 2909 Tres
780 2861 926 2907 morbi
945 2859 1090 2906 causas
1117 2860 1314 2905 admittit
1333 2893 1343 2910 ,
1361 2856 1677 2921 Supercoelestem
1693 2893 1707 2908 ‚
1737 2872 1871 2917 quam
1890 2853 2119 2916 Theologi
2138 2853 2296 2899 dicunt

462 2929 549 2977 effe
583 2930 696 2974 iram
721 2928 805 2973 Dei
827 2928 873 2971 in
888 2925 1188 2971 fornicatores
1212 2943 1224 2977 ·‚
1244 2922 1442 2982 Coelestem
1461 2960 1475 2975 ‚
1493 2938 1624 2984 quam
1648 2918 1873 2981 Astrologi
1888 2918 2043 2964 dicunt
2074 2916 2158 2964 else
2183 2933 2295 2962 con-

463 2994 639 3040 cursum
672 2993 944 3056 planetarum
979 3009 990 3043 3
1023 2995 1068 3036 &
1099 2991 1308 3053 Phystcam
1330 3026 1344 3040 ,
1371 3004 1505 3050 quam
1539 2985 1713 3033 Medici
1744 2984 1899 3029 dicunt
1931 2982 2016 3028 esse
2036 2981 2293 3044 corruptio-

463 3077 567 3105 nem
589 3058 765 3105 seminis
788 3059 810 3102 a
827 3056 1046 3102 salacitate
1068 3055 1205 3100 nimia
1219 3087 1232 3106 ,
1253 3067 1552 3101 concurrente
1572 3067 1719 3096 tamen
1737 3048 1934 3112 maligno
1954 3049 2165 3093 astrorum
2182 3059 2293 3089 con-

464 3122 607 3170 cursu.

526 3192 626 3234 ΙΙΙ.
664 3182 889 3252 Expendit
921 3198 1126 3229 naturam
1146 3182 1257 3246 ligni
1275 3179 1460 3228 Guaiaci
1475 3210 1490 3232 ‚
1519 3176 1645 3246 quod
1664 3176 1776 3223 dicit
1805 3175 1830 3222 εὶ
1855 3171 2137 3221 mercatoribus
2156 3183 2295 3234 reper-
