2477 3643
472 143 558 201 562
729 130 940 183 ,DE
1008 123 1982 176 MoassistNERmst

469 228 516 260 to
534 245 546 265 ,
567 209 644 276 qui
667 209 819 259 Libell.
847 216 919 258 De
939 209 1101 258 Morbo
1122 210 1283 255 Gallico
1303 245 1316 261 ‚
1339 209 1488 271 Capite
1506 224 1550 264 4.
1579 204 1703 269 jubet
1729 223 1895 270 aegrum
1917 225 1996 274 per
2019 210 2096 258 sex
2123 211 2218 261 dies
2238 213 2306 279 sy-¹

470 295 630 342 rupum
652 278 915 324 alterantem
936 309 947 327 ‚
976 291 1022 319 ut
1055 275 1111 321 de
1149 272 1277 319 fumo
1314 289 1439 318 terrae
1457 303 1472 321 ,
1508 271 1566 317 de
1606 270 1805 336 buglosso
1823 306 1836 326 ‚
1880 274 1938 322 de
1964 276 2196 341 epithymo
2215 285 2314 327 &ct

473 342 681 407 quotidie
701 344 857 403 sumere
877 362 891 386 .·
913 336 1033 385 tertid
1059 340 1124 385 die
1153 337 1311 400 inungi
1334 335 1484 389 31'extafi
1510 340 1689 400 purgari
1709 337 1895 397 fhlutivd
1914 342 2145 398 Medicina}
2172 340 2219 389 ea'¹
2245 348 2304 391 in-

479 402 646 454 tentione
667 445 680 461 ‚
697 423 740 452 ut
759 409 930 451 'materia
950 422 1031 466 quat
1051 404 1207 451 deberet
1223 406 1320 468 pelli
1346 403 1405 448 ad
1422 419 1460 446 os
1476 439 1492 455 ,
1511 418 1559 445 ne
1570 404 1652 461 fiat
1668 419 1937 451 nocumentum
1956 409 1999 454 in
2017 425 2081 453 ore
2094 445 2109 461 ,
2125 422 2200 471 per
2216 410 2306 457 loca

468 474 666 533 inferiora
685 473 876 518 ducatur.
920 469 1099 516 Deinde
1130 466 1398 533 interpositis
1429 465 1654 512 nonnullis
1678 485 1771 530 qua:
1792 485 1885 514 non
1916 469 2014 516 sunt
2039 470 2166 533 hujus
2185 472 2305 528 loci,

472 537 529 583 sic
551 537 712 602 pergit.
737 538 908 582 Intentio
930 538 1072 597 quinta
1090 573 1105 589 ‚
1124 552 1205 598 quat
1227 534 1290 579 die
1306 534 1487 595 sbquenti
1513 529 1593 595 post
1619 536 1899 596 purgationem
1918 573 1934 590 ,
1952 535 2129 583 omnibus
2146 538 2302 584 videli-

473 619 532 650 cet
542 605 619 663 sex
639 601 774 646 diebus
794 600 1030 644 reiteranda
1047 597 1096 656 est
1115 600 1219 660 ,fiat
1242 616 1329 644 cnm
1356 598 1605 642 balneatione
1634 613 1745 659 aqnae
1773 597 1930 651 dulcis,
1949 603 1991 644 'in
2020 600 2102 662 qud
2126 600 2303 649 bulliant

473 668 598 714 herbae
626 664 738 724 infra}
766 665 895 729 pofitae
914 679 982 709 ant
993 666 1142 725 ssmiles
1163 703 1176 718 ‚
1193 665 1330 723 fumus
1350 677 1460 707 terra:
1480 699 1493 715 ,
1524 663 1723 725 lapatinm
1743 677 1902 707 acutum
1919 700 1934 715 ‚
1961 663 2164 724 bismalva
2181 705 2196 720 ‚
2229 685 2303 713 ca-

472 733 649 776 momtlla
670 769 684 784 ‚
703 732 917 776 melilotum
933 767 947 783 ,
974 733 1061 788 rosa
1080 767 1095 784 ,
1122 731 1238 775 viola
1272 749 1286 773 .·
1317 728 1397 774 Ad
1424 727 1496 772 hoc
1511 728 1699 789 sequetur
1720 726 1989 781 humettasio,
2017 747 2101 792 quae
2126 732 2304 782 maxim&

469 799 514 841 in
533 796 606 842 hoc
623 794 756 841 morbo
773 795 963 856 requistta
980 793 1042 852 est.

536 866 602 906 ΙΙ.
637 859 725 906 Sed
746 858 856 923 quid
876 876 985 923 opus
1005 857 1130 903 estin
1162 854 1343 919 hujusce
1375 855 1582 903 methodi
1603 854 1914 918 antiquitatem
1944 857 2073 904 anxie
2101 857 2305 923 inquireae

465 938 555 973 re?
584 924 629 971 Si
649 925 759 970 olim
790 921 868 969 usu
889 938 1066 983 recepta
1086 921 1172 967 fuit
1191 956 1203 975 ‚
1228 922 1346 968 certe
1378 925 1466 983 jam
1496 919 1667 967 dudum
1687 920 1734 965 in
1754 921 2096 969 desuetudinem
2121 924 2306 973 abierat.

472 988 647 1038 Profuit
667 1006 776 1053 ergo
798 1006 896 1035 eam
919 988 1155 1040 renovari,
1186 1005 1234 1033 ac
1253 987 1569 1052 experimentis
1590 985 1753 1032 iterum
1776 986 2033 1033 confirmari
2049 1021 2062 1039 ,
2085 987 2186 1035 cum
2212 991 2301 1037 utic

474 1056 647 1102 litatem
678 1054 863 1100 minime
887 1050 1183 1118 spernendam
1211 1052 1370 1098 afferre
1395 1052 1666 1115 quandoque
1692 1049 1818 1115 possit
1838 1052 1893 1097 ad
1919 1052 2138 1099 curandos
2166 1072 2307 1119 aegro.

476 1137 618 1167 rantes
633 1120 732 1165 illos
749 1154 761 1172 ‚
784 1120 862 1184 qui
878 1118 1052 1165 exsucci
1071 1152 1084 1171 ,
1102 1118 1306 1164 emaciari
1321 1152 1333 1170 ,
1355 1116 1498 1163 biliosi
1517 1151 1528 1169 ‚
1555 1117 1899 1169 melancholici,
1916 1117 2304 1181 hypochondriaci

476 1185 576 1232 sunt
594 1220 606 1238 ‚
636 1191 681 1231 &
701 1186 748 1231 in
767 1185 925 1248 quibus
946 1184 1195 1249 periculum
1213 1185 1271 1230 est
1291 1200 1347 1229 ne
1366 1183 1607 1228 humorum
1627 1182 1872 1228 acrimonia
1890 1184 2182 1233 staminumve
2206 1201 2308 1233 ten-

479 1251 717 1298 dineorum
741 1250 948 1297 ariditate
966 1248 1252 1295 immoderati
1273 1248 1463 1313 partium
1484 1246 1709 1294 erethismi
1728 1280 1742 1300 ‚
1766 1247 1989 1311 sanguinis
2018 1248 2066 1294 in
2088 1250 2310 1307 circulati«,

483 1316 544 1363 do
565 1317 715 1362 ataxia:
733 1350 746 1369 ,
769 1332 842 1361 aut
864 1315 1100 1361 abnormes
1118 1315 1360 1361 humorum
1380 1313 1614 1360 decubitus
1638 1312 1902 1360 inferantur.

541 1387 639 1428 III.
679 1382 819 1428 Porro
842 1397 990 1427 tamen
1013 1379 1264 1426 cavendum
1284 1396 1340 1426 ne
1359 1378 1579 1424 Mercurii
1609 1377 1672 1424 vis
1702 1377 1903 1423 funditus
1931 1378 2141 1443 perdatur
2159 1412 2172 1431 ‚
2198 1377 2307 1426 dum

477 1445 704 1493 tefraenari
726 1446 937 1492 creditur.
971 1446 1151 1492 Scilicet
1171 1444 1252 1490 hac
1268 1460 1394 1490 :etate
1409 1445 1725 1508 plerorumque
1746 1443 2039 1489 Medicorum
2061 1443 2241 1490 consilia
2259 1445 2307 1494 in

477 1511 526 1557 id
555 1511 810 1576 conspirare
849 1511 1058 1558 videntur
1079 1544 1091 1563 ‚
1116 1527 1161 1556 ut
1184 1510 1329 1556 modis
1362 1509 1571 1554 omnibus
1592 1511 1774 1555 castrent
1797 1510 2015 1554 Mercurii
2038 1509 2266 1572 energiam
2288 1543 2305 1563 ,

475 1594 610 1640 quam
643 1576 794 1641 pavidi
821 1575 1149 1628 reformidant,
1179 1593 1236 1621 ne
1266 1575 1411 1621 dicam
1445 1574 1633 1620 horrent
1664 1591 1676 1627 3
1712 1572 1830 1637 quasi
1854 1573 1962 1620 verb
1994 1574 2108 1619 nulli
2141 1575 2308 1622 daren-

476 1657 548 1688 tur
570 1643 735 1688 limites
755 1676 767 1694 ,
787 1659 899 1704 quos
918 1640 1034 1687 infr-:i
1057 1641 1244 1687 remedii
1264 1640 1381 1686 illius
1411 1637 1606 1686 efficacia
1633 1638 1834 1684 curandae
1857 1639 1920 1685 lui
1943 1656 2143 1686 venereae
2164 1640 2309 1705 impar

477 1706 618 1754 fieret.
635 1710 734 1760 Jam
755 1707 941 1752 minima
960 1707 1176 1770 unguenti
1195 1705 1470 1753 mercurialis
1489 1704 1604 1751 dofis
1624 1704 1678 1750 ad
1695 1704 2001 1751 inunctionem
2021 1722 2310 1769 unamquam-

476 1789 565 1835 que
594 1772 832 1819 adhibetur
866 1790 879 1825 ·‚
911 1776 998 1833 jam
1033 1773 1232 1818 inunctio
1256 1771 1386 1818 tertia
1409 1771 1478 1817 vel
1501 1769 1655 1834 quarta
1680 1769 1851 1816 tantum
1873 1770 1946 1816 die
1972 1769 2186 1824 iteratur3
2220 1774 2311 1832 jam

480 1837 583 1882 dat&
604 1838 738 1902 operti
771 1838 1016 1900 extergitur
1051 1855 1328 1901 unguentum
1358 1835 1522 1882 illitum
1540 1869 1552 1888 ,
1580 1835 1702 1899 quod
1728 1837 1821 1900 post
1851 1833 2109 1882 &ustionem
2131 1836 2177 1880 in
2207 1851 2311 1883 cute

480 1901 698 1966 superest3
731 1907 814 1962 jam
836 1901 1003 1948 admisti
1022 1903 1236 1949 Mercurii
1259 1920 1352 1966 pars
1374 1901 1615 1962 interjectis
1640 1899 1890 1948 identidem
1919 1900 2168 1946 catharticis
2195 1917 2308 1965 prae-

482 1968 671 2031 propere
695 1968 960 2014 eliminatur.
999 1966 1208 2015 Necdum
1229 1984 1375 2014 tamen
1396 1965 1493 2012 satis
1511 1985 1522 2019 3
1543 1969 1679 2012 Nunc
1698 1966 1965 2029 proponitur
1987 1966 2138 2012 iterati
2159 1964 2310 2012 balnei

481 2031 580 2076 usus
601 2065 613 2082 ‚
642 2050 733 2093 quo
755 2032 855 2077 illiti
882 2033 1099 2077 Mercurii
1126 2049 1223 2095 pars
1245 2032 1435 2076 maxima
1454 2031 1476 2075 :i
1498 2046 1598 2076 cute
1622 2030 1872 2092 detergitur
1890 2063 1902 2082 ‚
1922 2046 2012 2092 quo
2034 2045 2190 2092 pacato
2211 2028 2310 2075 san-

486 2095 633 2158 guinis
656 2095 862 2158 orgasmo
881 2095 1077 2157 ejusdem
1102 2095 1297 2142 efficacia
1315 2094 1575 2140 notabiliter
1594 2093 1871 2156 infringitur.
1894 2097 2087 2158 ExpeAEto
2109 2093 2217 2139 dum
2237 2113 2311 2141 ac-

482 2159 612 2205 cedat
638 2161 745 2206 alius
764 2195 776 2213 ,
803 2161 826 2206 :¹2
856 2178 946 2223 quo
967 2161 1193 2206 narcotica
1218 2159 1583 2224 praescribantur,
1613 2158 1660 2203 in
1693 2176 1788 2222 quae
1820 2157 1962 2205 sentio
1990 2159 2313 2208 nonnullorum

479 2240 587 2272 vota
613 2225 828 2272 inclinare
850 2259 862 2277 ,
895 2230 939 2271 &
971 2226 1131 2288 quibus
1162 2227 1328 2270 constat
1360 2224 1452 2271 vim
1472 2223 1690 2270 Mercurii
1712 2223 1849 2286 magis
1881 2223 2107 2287 magisque
2143 2224 2310 2274 debili-

479 2290 661 2336 tandam
688 2290 787 2337 effe.
833 2290 959 2348 Quid
986 2291 1091 2337 inde
1122 2290 1258 2355 porro
1289 2288 1489 2335 futurum
1512 2301 1525 2335 Ξ
1565 2291 1746 2350 Nempe
1771 2305 1818 2334 ut
1848 2290 2036 2352 operose
2064 2288 2176 2334 nihil
2204 2306 2312 2353 aga-

479 2370 550 2401 tur
568 2388 580 2407 ,
606 2361 650 2401 &
674 2372 721 2401 ut
742 2355 995 2402 Mercurius
1012 2390 1024 2408 ,
1047 2355 1294 2402 remedium
1317 2353 1474 2400 natura
1497 2351 1838 2399 efficaciffimum
1860 2359 1905 2399 δε
1925 2353 2274 2418 potentissimum
2290 2388 2308 2408 ‚

477 2435 547 2467 tot
567 2421 755 2467 vinculis
774 2437 905 2485 atque
928 2421 1144 2485 repagulis
1162 2421 1384 2467 coercitus
1401 2455 1416 2477 ,
1433 2419 1550 2466 iners
1570 2419 1751 2466 tandem
1779 2418 1854 2464 fiat
1877 2436 1925 2464 ac
1953 2418 2225 2466 debellandae
2244 2419 2309 2471 lui

478 2503 678 2533 venereae
701 2486 829 2550 plane
856 2485 1044 2549 ineptus.
2166 2534 2167 2537 Ἴ

533 2556 623 2597 IV.
668 2549 873 2598 Profecit>
894 2551 1050 2596 mirari
1078 2549 1195 2597 subit
1217 2549 1506 2597 Medicorum
1527 2547 1867 2595 inconstantiam
1884 2580 1897 2600 ‚
1920 2553 1965 2594 δε
1986 2546 2014 2593 fi
2036 2565 2134 2594 cum
2157 2547 2308 2606 Quina

454 2614 634 2662 ‘tiliano
662 2615 788 2679 loqui
824 2616 985 2668 liceat,
1019 2617 1388 2679 inconsequentiam.
1422 2617 1608 2661 Norunt
1628 2614 1693 2659 illi
1721 2630 1801 2659 nec
1839 2614 2042 2677 pituitam
2074 2613 2098 2658 εὶ
2130 2614 2307 2660 ventri-

477 2681 565 2726 culi
585 2681 826 2745 parietibus
845 2681 1038 2727 emerico
1059 2681 1245 2727 extundi
1276 2679 1392 2746 posse
1428 2678 1516 2725 fine
1544 2678 1702 2725 nausea
1725 2684 1768 2724 δέ
1789 2678 2024 2741 cardialgia
2041 2697 2057 2730 3
2075 2695 2156 2723 nec
2176 2696 2307 2724 caco·

476 2745 667 2806 chyliam
695 2746 748 2792 ab
773 2745 987 2792 intestinis
1016 2746 1262 2792 cathartico
1299 2744 1456 2792 deradi
1491 2744 1579 2789 sine
1614 2743 1896 2790 torminibus.
1939 2748 2156 2790 Putantne
2188 2743 2331 2790 virus'

477 2828 729 2857 venereum
751 2845 763 2864 ,
785 2811 906 2874 quod
927 2811 1083 2856 natura
1104 2828 1192 2856 tam
1212 2810 1357 2858 fetum
1390 2810 1449 2856 est
1465 2842 1477 2861 ‚
1505 2809 1629 2872 quod
1655 2807 1867 2854 universis
1882 2808 2082 2871 corporis
2107 2808 2310 2872 partibus

476 2874 678 2922 altissime
707 2875 867 2922 insedit
884 2908 897 2927 ,
933 2875 1056 2939 quod
1094 2894 1250 2922 omnes
1282 2875 1493 2921 humores
1530 2871 1791 2937 penitissime
1827 2873 2177 2923 contaminavit,
2216 2871 2307 2920 sine

474 2940 638 2987 dolore
655 2974 668 2991 -‚
688 2939 776 2987 fine
798 2940 951 2987 labore
972 2974 983 2992 ‚
1006 2939 1093 2987 fine
1120 2941 1235 2987 noxa
1262 2939 1428 3003 corrigi
1448 2973 1460 2991 ,
1481 2938 1644 2985 destrui
1663 2972 1675 2992 ,
1702 2937 1990 2984 exterminari
2012 2936 2132 3002 poffe
2153 2949 2166 2982 ἒ

537 3010 590 3052 V.
621 3009 730 3051 Sunt
751 3007 959 3069 praetere&
980 3007 1027 3054 in
1059 3005 1218 3054 eadem
1248 3004 1568 3052 Differtatione
1597 3004 1681 3050 alia
1711 3001 1938 3067 quaedam,
1971 3019 2064 3067 quae
2091 3001 2303 3048 videntur

477 3067 597 3115 haud
629 3069 726 3115 satis
752 3072 864 3117 redte
893 3071 1023 3116 dicta.

548 3137 608 3179 1⁰.
639 3136 800 3181 Credit
835 3139 1002 3182 Auctor
1035 3151 1131 3200 pag.
1158 3152 1193 3183 2.
1230 3135 1514 3182 Inunc'kiones
1544 3133 1800 3197 quotidianas
1828 3131 1904 3179 sed
1929 3132 2126 3195 partiales
2155 3129 2179 3174 ὰ
2210 3128 2302 3197 Cae'

477 3198 580 3248 colo
606 3199 840 3249 Barbeirac
859 3233 874 3254 ,
906 3201 1074 3248 celebri
1101 3201 1237 3250 aetatis
1261 3200 1345 3248 suae
1378 3199 1573 3264 practico
1603 3218 1616 3254 ·,
1647 3202 1702 3248 Et
1728 3199 1771 3245 di
1789 3212 1917 3246 cretas
1952 3212 2002 3242 ac
2035 3190 2305 3256 interpositi}
