2477 3643
494 135 502 145 ..
563 90 1575 147 ss-L1212211'11.Canu1·1.
1929 110 2023 166 *¹713

192 183 317 248 venit
346 179 594 248 praeparatis
627 180 972 230 Mercurialibus
1001 181 1180 229 interne
1220 180 1432 248 sumptis,
1467 179 1541 230 vel
1568 179 1724 230 saltem
1748 183 1894 234 minus
1918 203 2030 248 conf*

199 263 336 299 vemt.

253 319 314 371 9⁹.
345 311 484 372 Quod
512 310 543 357 fi
572 310 826 376 ptyalismus
855 310 1059 358 videatur
1087 309 1195 358 inde
1212 309 1364 358 forsan
1392 309 1631 359 imminere
1649 344 1663 364 ‚
1695 310 1903 360 adhibita
1940 315 2032 366 leni

197 377 382 424 catharsi
413 395 513 424 cum
543 376 704 423 manna
725 376 796 424 vel
817 376 943 422 caffia
971 376 1018 422 in
1055 376 1152 423 sero
1182 376 1303 423 lactis
1333 391 1407 423 aut
1462 375 1601 422 tisana
1628 373 1841 442 supprimi
1859 378 2030 435 debet,

199 458 439 506 antequam
455 441 701 488 invalescat
721 461 732 496 3
751 459 800 487 ac
821 443 966 506 postea
982 441 1130 488 eidem
1146 441 1365 488 methodo
1384 475 1397 494 ,
1436 441 1493 489 ed
1516 441 1690 488 minore
1707 445 1923 506 unguenti
1938 445 2032 492 dofi

200 513 247 553 &
276 507 483 571 longiore
513 506 773 553 frictionum
793 507 1032 553 intervallo
1058 506 1208 553 denuo
1224 506 1505 553 insistendum
1530 508 1589 554 est
1616 524 1695 571 per
1714 506 1820 554 duas
1841 525 1915 554 aut
1939 526 2032 557 tres

200 571 536 625 hebdomadas,
557 572 629 618 vel
657 589 735 636 per
763 571 960 618 mensem
976 589 1114 617 unum
1131 605 1143 623 ,
1173 571 1318 618 donec
1337 570 1521 619 seminio
1542 589 1737 618 venereo
1757 572 1931 637 penitus
1952 575 2033 622 de·-

203 636 369 683 bellato
389 653 462 682 aut
483 636 715 684 eliminato
731 671 742 689 ‚
762 636 1036 701 gonorrhoea
1052 635 1231 682 tandem
1249 635 1441 701 perfecste
1461 653 1654 684 curetur.

266 702 358 747 10⁰.
395 702 535 748 Porro
560 702 607 747 in
633 702 889 749 adhibenda
915 700 967 747 ea
986 701 1212 764 therapeia
1238 719 1368 747 cauto
1396 720 1504 766 opus
1525 703 1612 755 est,
1633 699 1660 747 si
1682 699 1894 765 frigidior
1924 718 2034 749 tem-

198 767 334 830 pestas
363 765 497 814 fuerit
515 801 527 820 ,
552 783 600 812 ut
626 784 739 830 aeger
772 767 897 813 domi
931 771 977 812 δε
1005 766 1212 812 cubiculo
1238 766 1329 813 sese
1357 768 1585 813 contineat
1603 800 1614 819 ,
1640 766 1838 830 quandiu
1865 766 2034 814 frictio„

199 830 332 877 nibus
359 847 505 878 utetur
524 850 535 886 3
555 849 657 877 nam
678 833 930 878 Mercurius
954 830 1155 893 sanguini
1178 848 1254 894 per
1278 830 1439 877 illitum
1468 831 1634 878 infusus
1652 864 1665 882 ,
1688 831 1926 895 diapnoem
1958 850 2032 878 au·-

200 912 276 960 get
291 929 304 948 ,
326 912 373 942 ut
393 897 450 944 de
470 913 807 961 praeparatorum
824 897 901 943 usu
928 897 1066 942 modo
1093 895 1382 949 dicebamus,
1402 914 1498 960 quae
1518 897 1546 942 si
1564 896 1812 959 frigidioris
1828 897 1937 942 a'e'ris
1965 913 2034 944 at·-

201 963 316 1007 tac‘tu
334 962 639 1025 intempestive
662 962 978 1026 reprimeretur
997 996 1008 1013 ,
1034 961 1280 1026 periculum
1306 961 1411 1009 inde
1432 961 1548 1008 foret
1564 996 1576 1015 ,
1603 979 1660 1008 ne
1678 962 1826 1024 gravis
1846 961 2034 1009 decubi-
2063 977 2066 980 ⁴

207 1042 275 1071 tus
296 1026 442 1090 aliquo
464 1026 606 1073 fieret.

268 1100 361 1135 110.
394 1096 514 1136 Dum
544 1090 773 1137 frictiones
804 1091 883 1137 illae
918 1088 1186 1136 adhibentur
1207 1124 1217 1142 ‚
1240 1108 1333 1136 non
1365 1090 1619 1136 omittenda
1654 1106 1809 1137 caetera
1842 1089 2035 1137 auxilioe

200 1171 300 1201 rum
320 1172 486 1218 genera
503 1190 515 1208 ,
533 1173 628 1220 quae
644 1157 697 1202 ad
716 1156 922 1218 reliquias
946 1155 1311 1201 inflammationis
1335 1155 1756 1220 conceptaculorum
1772 1155 1948 1202 seminis
1964 1173 2034 1203 re<-

200 1219 437 1267 solvendas
457 1255 469 1273 ‚
495 1220 526 1265 fi
561 1238 655 1283 quae
690 1219 903 1284 supersint
922 1239 932 1272 3
949 1239 1042 1284 quse
1073 1220 1129 1265 ad
1157 1220 1430 1283 detergenda
1450 1222 1629 1273 ulcera;
1656 1238 1749 1282 quae
1773 1220 1828 1267 ad
1860 1220 2036 1267 demul«

200 1285 389 1330 cendam
418 1284 640 1348 sanguinis
674 1286 966 1331 acrimoniam
1002 1285 1126 1330 utilia
1161 1284 1289 1338 sunt3
1315 1284 1389 1331 sed
1414 1286 1436 1331 ὲ
1462 1301 1620 1331 contra
1646 1285 1700 1330 eo
1733 1289 1898 1346 majore
1930 1285 2036 1331 dili-

198 1349 350 1412 gentia
384 1349 437 1396 ab
465 1366 707 1415 aegrotante
734 1350 1015 1403 adhibenda,
1043 1349 1166 1415 quod
1195 1354 1283 1412 jam
1305 1350 1359 1396 ab
1380 1350 1562 1398 interno
1589 1350 1930 1396 Mercurialium
1953 1350 2032 1396 usu

200 1429 343 1462 vacet.

267 1495 284 1524 1
299 1487 362 1525 20.
403 1477 542 1537 Quod
564 1478 593 1524 {i
614 1514 626 1532 ,
647 1479 753 1526 dum
773 1497 824 1525 ea
843 1495 1055 1542 geruntur
1073 1513 1085 1531 ,
1116 1477 1393 1525 recrudescat
1415 1476 1678 1542 genitalium
1705 1478 2001 1525 inflammatio
2019 1513 2035 1533 ‚

201 1557 277 1589 aut
303 1544 514 1590 virulenti
536 1543 714 1591 seminis
733 1545 873 1590 fluxus
891 1543 1185 1609 supprimatur
1203 1578 1214 1596 ‚
1235 1544 1360 1606 quod
1378 1559 1617 1606 utrumque
1638 1544 1948 1606 aegrotantium
1968 1544 2037 1589 in·-

200 1609 494 1672 temperantia
521 1627 614 1655 non
638 1611 738 1656 raro
760 1609 922 1656 accidit
939 1643 950 1661 ‚
971 1609 1201 1673 potatione
1219 1642 1232 1661 ,
1253 1609 1452 1654 coitione
1471 1641 1484 1659 ,
1514 1624 1586 1652 aut
1613 1609 1935 1654 exercitatione
1966 1609 2036 1654 ni-

202 1672 318 1718 mi&
353 1689 447 1718 tum
466 1674 622 1720 omissa
641 1675 789 1720 inutili
807 1674 898 1719 imo
928 1674 1089 1719 nociva
1118 1673 1344 1737 therapeia
1362 1707 1373 1724 ,
1394 1690 1503 1736 opus
1533 1672 1586 1717 ab
1607 1675 1784 1735 integro
1802 1674 2037 1720 instituen-

203 1736 313 1783 dum
338 1739 397 1784 est
422 1738 628 1785 eamdem
661 1740 792 1786 telam
820 1739 1125 1784 redordiendo
1148 1772 1159 1790 ,
1182 1738 1268 1784 hoc
1294 1740 1351 1784 est
1384 1755 1434 1784 ea
1464 1738 1615 1782 omnia
1632 1772 1644 1790 ‚
1667 1756 1760 1800 qua:
1782 1740 1929 1803 primo
1949 1755 2037 1802 go·-

202 1802 419 1848 notrhoeae
447 1803 584 1851 stadio
614 1804 820 1850 conferre
852 1803 1042 1849 diximus
1062 1837 1074 1855 ‚
1101 1804 1149 1847 in
1181 1801 1307 1848 usum
1333 1801 1591 1849 revocanda
1626 1802 1721 1849 sunt
1741 1837 1754 1855 ,
1780 1803 1926 1849 donec
1947 1802 2039 1849 mi-

203 1866 340 1930 tigata
363 1867 718 1914 inflammatione
744 1868 986 1932 suppressus
1014 1868 1178 1913 humor
1206 1867 1346 1914 libere
1367 1866 1515 1914 denuo
1536 1867 1744 1931 profluat.

184 1941 186 1944 ’
273 1940 367 1992 130.
405 1938 455 1978 In
472 1933 553 1978 hac
572 1934 709 1980 altera
726 1933 1008 1997 gonorrlioeae
1026 1932 1217 1997 periodo
1240 1932 1397 1979 eadem
1433 1949 1481 1977 ac
1511 1932 1559 1976 in
1591 1932 1866 1995 praecedente
1896 1931 2039 1978 vidlsis

202 1997 481 2044 continentia
502 1998 716 2045 servanda
739 2000 812 2044 est.
853 2000 997 2045 Potest
1028 1998 1082 2043 ad
1114 1998 1332 2043 summum
1369 1996 1714 2060 aegrotantibus‚
1743 1997 1774 2042 si
1808 1997 2038 2044 stomacho

203 2062 442 2125 langueant
460 2097 472 2115 ,
504 2065 695 2110 concedi
716 2062 812 2110 usus
831 2063 926 2110 vini
944 2061 1204 2127 oligophori
1222 2096 1234 2114 ,
1258 2068 1303 2109 &
1324 2062 1463 2108 multa
1482 2061 1594 2124 aqua
1613 2062 1743 2107 diluti
1762 2096 1774 2114 ,
1796 2061 1935 2108 modo
1954 2080 2038 2107 cae-

203 2141 298 2174 tera
317 2128 467 2174 omnia
487 2129 694 2193 prospere
716 2129 960 2192 procedant
978 2162 989 2180 ,
1011 2146 1091 2174 nec
1113 2127 1202 2173 ulla
1222 2125 1433 2191 supersint
1451 2126 1644 2174 fervoris
1667 2127 1832 2173 indicia
1848 2161 1861 2180 >
1879 2144 2037 2189 quam-

204 2209 339 2254 quam
359 2208 509 2240 tamen
527 2227 541 2247 ,
570 2200 655 2256 (ct)
679 2199 776 2258 qnia
792 2193 948 2260 prodest
972 2194 1067 2238 rarb
1086 2231 1101 2247 ,
1115 2207 1223 2240 nocet
1239 2190 1439 2258 stepiffim&
1454 2230 1469 2246 ‚
1484 2194 1621 2238 melius
1642 2193 1728 2253 efflet
1744 2211 1823 2238 non
1842 2191 2035 2239 adhibere

204 2274 377 2302 omnmo.
1643 2291 1645 2294 -

266 2327 366 2367 ΙΙΙ.
400 2325 592 2367 Demum
616 2322 693 2367 ubi
716 2321 907 2387 primum
940 2320 1093 2368 sedato
1118 2340 1167 2367 ac
1195 2320 1399 2367 restincto
1426 2318 1687 2384 genitalium
1714 2320 1836 2371 aestu‚
1862 2320 2033 2367 resoiu-

205 2385 337 2448 taque
364 2385 716 2433 inflammatione
733 2421 745 2439 ‚
763 2403 978 2450 :egrotans
1002 2386 1056 2431 ab
1077 2386 1303 2433 eredfione
1329 2384 1632 2431 involuntaria
1650 2419 1663 2438 ,
1684 2384 1902 2447 tentigine
1918 2419 1931 2438 2
1952 2386 2034 2446 dy-

206 2449 320 2495 suria
355 2456 441 2495 δίε.
467 2451 580 2498 liber
598 2454 656 2498 est
675 2486 687 2504 ‚
706 2452 958 2515 humorque
977 2450 1195 2497 seminalis
1221 2450 1386 2516 spissior
1403 2483 1415 2503 ‚
1439 2450 1585 2496 lenior
1601 2483 1614 2501 ‚
1641 2450 1815 2514 parcior
1832 2484 1845 2502 ,
1871 2449 2034 2513 inagis-

203 2531 293 2576 que
327 2514 519 2560 albicans
549 2516 754 2569 distillat,
790 2532 884 2563 tum
916 2517 1098 2563 tertium
1124 2516 1239 2563 adest
1270 2515 1420 2561 morbi
1455 2514 1641 2561 stadium
1673 2515 1719 2559 in
1740 2532 1829 2577 quo
1853 2513 1914 2558 hae
1936 2517 2035 2562 lunt

208 2580 382 2626 Medici
402 2596 544 2644 partes
560 2614 572 2633 ‚
600 2596 648 2626 ut
677 2581 826 2629 ulcera
846 2582 1021 2628 interna
1037 2582 1239 2645 detergat
1265 2579 1530 2643 detersaque
1555 2578 1804 2624 consolidet
1825 2612 1837 2630 ‚
1863 2596 1912 2624 ac
1934 2596 2035 2626 tan-

209 2644 315 2690 dem
345 2645 637 2691 acrimoniam
655 2680 668 2697 ,
700 2664 834 2710 quam
865 2647 1036 2710 sanguis
1058 2652 1102 2692 &
1130 2646 1277 2694 semen
1303 2645 1501 2708 contagii
1527 2643 1709 2690 venerei
1742 2643 1889 2690 affiatu
1922 2662 2035 2691 coin<s

211 2709 383 2756 traxere
400 2744 413 2762 ‚
438 2709 789 2758 demulcentium
808 2717 853 2757 δέ
872 2712 1137 2758 diluentium
1158 2711 1234 2757 usu
1256 2726 1475 2774 temperet
1497 2714 1542 2756 δε
1562 2709 1772 2771 corrigat.

253 2773 326 2818 Ad
342 2773 459 2820 hunc
475 2775 655 2840 scopum
671 2776 909 2824 conferunt
931 2794 944 2821 1
956 2785 990 2822 0.
1004 2775 1196 2822 Balsama
1209 2782 1254 2823 δε
1270 2774 1507 2820 balsamica
1521 2773 1673 2820 omnia
1687 2771 1938 2819 identidem
1952 2789 2036 2821 ore

213 2837 413 2883 exhibita
425 2857 502 2902 per
517 2856 601 2886 tres
613 2858 862 2904 quatuorve
877 2842 970 2886 dies
985 2841 1221 2886 continuos
1234 2874 1246 2892 ,
1273 2855 1321 2886 ut
1335 2838 1661 2885 Terebinthina
1674 2836 1792 2883 Chia
1805 2838 1876 2882 vel
1892 2842 2036 2884 Vens„

211 2918 253 2947 ta
268 2903 289 2947 :l
305 2920 333 2966 3
347 2903 392 2949 Β.
409 2904 460 2948 ad
477 2922 504 2967 3
519 2906 562 2965 ij.
578 2907 718 2951 modo
735 2906 839 2955 sola⁷
855 2906 991 2950 modo
1007 2923 1107 2950 cum
1123 2905 1253 2952 Rheo
1267 2903 1500 2968 pulverato
1512 2903 1536 2947 a
1552 2919 1578 2965 3
1597 2902 1641 2947 [ἱ.
1655 2901 1711 2947 ad
1725 2917 1753 2964 5
1770 2904 1795 2959 j.
1812 2916 1885 2946 aut
1899 2919 1990 2964 quae
2005 2902 2034 2947 fi

211 2985 305 3013 non
338 2986 384 3014 re
400 3001 412 3020 ‚
436 2968 588 3016 saltem
612 2972 795 3016 nomine
814 2972 1008 3034 praestant
1026 3004 1038 3021 ‚
1064 2968 1308 3015 Balsarnum
1336 2967 1648 3032 Copaivanum
1665 3000 1676 3018 ‚
1697 2965 1769 3012 vel
1793 2963 2039 3012 Balsamum

212 3033 477 3080 Canadense
495 3034 550 3080 ad
570 3051 712 3098 guttas
734 3034 804 3081 sex
823 3069 835 3088 ‚
858 3035 1014 3082 decem
1030 3069 1040 3086 ‚
1063 3033 1249 3097 viginti,
1270 3033 1453 3097 triginta
1467 3065 1479 3085 ,
1501 3032 1586 3078 hoc
1615 3032 1674 3079 est
1701 3030 1724 3076 a
1744 3030 1776 3078 ὃ
1798 3029 1845 3077 ss.
1865 3030 1918 3076 ad
1937 3030 1967 3077 Ξ
1989 3032 2036 3092 ij

211 3102 319 3145 Haec
339 3114 488 3146 autem
507 3099 670 3165 triplici
695 3101 870 3147 ratione
890 3100 1065 3167 posiunt
1094 3098 1296 3148 exhiberi
1312 3131 1327 3154 ‚
1350 3115 1512 3166 nempe
1536 3095 1614 3145 ovi
1643 3095 1800 3144 vitello
1827 3094 2044 3145 dilutam

228 3220 229 3223 ,
265 3184 347 3233 (a)
381 3181 527 3220 Cicero.
542 3188 597 3224 De
615 3189 819 3223 Nat.Deor.
836 3182 912 3223 Lib.
928 3196 960 3234 3.
1726 3232 1766 3250 v
1794 3228 1802 3235 ,
1816 3232 1824 3239 .‚

1740 3251 1755 3277 ἑ
1790 3245 1823 3296 1]

2083 2323 2158 2361 ΙΠ.
2177 2323 2218 2360 In
2233 2335 2317 2361 tera

2081 2375 2132 2414 tii
2150 2377 2315 2428 peziodor
