2477 3643
539 112 1740 189 rjrnnnvkszc'uzuuxvtir.
1939 145 2042 208 555³

220 215 348 270 flunt
365 257 378 278 ‚
414 223 710 284 contaminari
734 223 952 271 neceffum
987 223 1077 276 est,
1108 239 1199 268 non
1228 221 1477 286 promiscue
1507 239 1657 270 tamen
1690 229 1736 269 &
1764 221 2035 273 indiscrimi-

221 291 362 335 natim
383 323 396 342 ,
425 289 500 336 sed
518 289 678 334 ordine
699 306 824 335 certo
842 323 854 341 ,
874 295 917 335 δέ
940 288 1199 353 plerumque
1221 287 1460 335 secundum
1495 287 1653 335 scalam
1674 288 1933 338 affinitatum
1963 292 2035 339 su·

217 356 295 417 pra
329 357 415 413 (a)
449 353 716 419 propositam
742 373 752 399 ι
774 357 952 417 Nempe
979 352 1292 398 commiscetur
1322 362 1382 398 10.
1411 356 1529 399 Cum
1557 353 1820 400 humoribus
1844 356 2033 404 semina-

217 418 361 470 libus3
384 418 502 464 unde
539 419 852 482 pudendorum
886 418 1061 469 morbi,
1086 421 1260 464 Tumor
1288 419 1460 464 testium
1476 452 1490 472 ,
1519 419 1647 465 Bubo
1663 451 1675 471 ,
1702 419 1829 465 Porri
1850 425 1895 464 δε
1917 427 2030 468 Ver-

215 498 331 527 rucae
352 515 364 534 ,
397 482 651 529 Ulcuscula.
686 492 746 529 20.
781 485 897 529 Cum
929 482 1191 528 humoribus
1222 483 1333 529 cutis
1364 483 1456 529 tum
1486 483 1670 531 sebaceo
1703 484 1797 529 tum
1818 485 2029 539 mucos03

215 547 336 592 unde
360 547 467 592 vitia
484 549 595 593 cutis
611 581 624 600 ,
655 548 808 613 herpes
825 583 836 601 ‚
863 547 1041 594 maculae
1057 580 1071 601 ,
1096 547 1335 611 rhagades,
1361 549 1584 614 alopecia,
1612 549 1797 613 pustulat.
1822 558 1883 610 3⁰.
1911 553 2032 598 Cum

214 610 481 657 humoribus
515 612 700 659 mucosis
729 615 818 659 oris
837 647 848 665 ‚
870 612 1066 658 faucium
1084 645 1096 664 ‚
1117 618 1162 658 &
1184 613 1357 658 narium
1376 632 1388 666 ;
1409 615 1530 660 unde
1549 615 1694 660 ulcera
1716 615 1996 677 gingivarum
2015 650 2031 668 ,

217 675 380 738 palati,
402 676 597 722 faucium
626 678 901 741 nariumque.
933 687 999 735 40.
1027 677 1145 722 Cum
1169 677 1349 738 synovia
1377 679 1467 724 tum
1499 678 1723 724 articulari
1742 679 1834 724 tum
1855 679 2032 726 muscu-

214 740 330 793 lari3
357 741 475 787 unde
506 741 684 788 dolores
706 744 967 795 Artlnitici,
998 742 1279 788 Rheumatici
1299 776 1311 794 ,
1343 742 1590 789 lschidiaci.
1627 752 1692 808 5⁰.
1715 746 1834 790 Cum
1853 744 2031 791 medul-

215 803 300 850 lari
320 805 471 851 ollium
493 807 622 870 adipe
642 826 652 859 ·,
674 807 789 854 unde
809 807 961 852 ollium
982 805 1192 852 Exostofis
1209 840 1220 858 ,
1247 808 1548 871 Hyperostofis
1567 843 1578 859 ,
1598 809 1754 855 Cat-ies
1770 842 1783 860 ‚
1804 808 2030 855 Osteosar-

213 869 336 914 cofis.
363 877 427 915 60.
443 873 563 915 Cum
579 872 745 936 limpha
763 906 774 923 ‚
794 872 912 917 unde
929 888 1124 917 tumores
1142 871 1383 933 glandulosi
1400 906 1412 924 ‚
1430 889 1500 918 aut
1518 874 1679 934 Kystici
1694 907 1707 925 ,
1726 888 1774 918 ut
1795 873 2030 920 Meliceri-

215 933 293 980 des
313 968 325 987 ,
357 935 645 981 Atheromata
663 970 675 988 ,
702 941 984 984 Steatomata.
1018 944 1084 994 70.
1113 935 1302 981 Demum
1323 955 1422 981 cum
1443 937 1703 984 humoribus
1724 972 1735 989 ,
1760 938 1838 1000 qui
1871 939 2031 984 oculo-

216 1015 313 1043 rum
336 1001 563 1046 auriumve
585 1002 753 1064 proprii
775 1001 871 1046 sunt
889 1035 899 1052 ,
919 1001 1036 1047 unde
1055 1000 1320 1064 multiplices
1338 1003 1593 1048 earumdem
1615 1002 1805 1067 partium
1828 1002 2028 1049 affectio-

214 1080 291 1108 nes
312 1097 323 1115 ,
347 1064 420 1109 sed
440 1065 483 1109 in
507 1066 559 1111 iis
580 1067 791 1111 omnibus·
806 1067 969 1111 constat
990 1066 1297 1129 experimento
1327 1083 1408 1112 nec
1438 1068 1662 1131 adiposam
1694 1067 1996 1114 membranam
2012 1098 2032 1120 ‚=

213 1144 298 1173 nec
321 1129 427 1175 u'llas
446 1129 713 1175 membranae
734 1131 848 1175 illius
869 1130 1047 1175 lacinias
1069 1129 1180 1175 affici
1202 1163 1214 1181 ‚
1242 1130 1339 1175 laedi
1359 1164 1371 1182 ,
1405 1132 1671 1194 peffumdari
1689 1166 1701 1183 ,
1737 1150 1880 1195 neque
1915 1132 2028 1179 adeo

217 1193 448 1257 adiposam
463 1194 781 1257 pinguedinem
798 1229 809 1246 ‚
830 1195 915 1258 qua
933 1210 1112 1257 turgent
1130 1195 1246 1239 illius
1262 1195 1425 1240 cellula:
1440 1229 1453 1247 ,
1467 1196 1556 1241 ullo
1576 1197 1714 1242 modo
1733 1197 1894 1242 vitiari.

276 1263 364 1305 lv.
408 1264 725 1305 Verumtamen
758 1277 848 1305 non
878 1276 995 1321 nego
1014 1259 1161 1305 labem
1180 1258 1446 1305 membranae
1466 1261 1612 1307 eidem
1633 1261 1866 1324 aliquoties
1885 1260 2031 1308 inferss

216 1320 257 1367 ri
275 1354 288 1374 ,
313 1322 344 1366 fi
379 1324 550 1386 pustulae
581 1341 778 1370 venereae
798 1358 810 1376 ‚
834 1324 904 1369 vel
926 1324 1045 1387 quod
1069 1327 1188 1388 pejus
1208 1325 1291 1375 est,
1315 1324 1463 1370 ulcera
1490 1325 1685 1385 ejusdem
1715 1326 1850 1371 moris
1879 1343 2031 1373 cutem

212 1386 492 1451 depascenria
521 1387 599 1433 fibi
628 1387 791 1434 diutius
821 1390 1133 1452 permittantur
1162 1396 1206 1434 δέ
1235 1406 1312 1452 per
1342 1389 1488 1435 media
1508 1388 1688 1436 suffossae
1709 1392 1819 1436 cutis
1848 1392 2028 1437 stamina

211 1451 269 1496 ad
299 1451 543 1513 subjeetum
566 1453 740 1517 adipem
761 1469 891 1516 agant
913 1453 1139 1499 cuniculos
1160 1472 1171 1506 ·,
1212 1452 1241 1497 fi
1262 1453 1490 1499 tubercula
1518 1471 1591 1500 aut
1618 1456 1793 1518 ganglia
1815 1455 2028 1519 suppura-

211 1530 255 1561 ta
285 1515 572 1563 subcutaneos
595 1516 805 1563 absceffus
824 1534 1038 1580 generent
1057 1537 1068 1570 3
1095 1518 1187 1563 imo
1209 1519 1318 1564 vero
1338 1518 1365 1562 fi
1388 1519 1503 1565 virus
1532 1537 1772 1566 venereum
1805 1537 1905 1566 cum
1928 1520 2029 1566 adi-

213 1580 319 1644 posa
348 1582 620 1645 pinguedine
641 1581 795 1646 sponte
818 1582 1155 1629 commisceatur
1175 1617 1187 1635 ‚
1207 1600 1344 1645 quam
1371 1587 1462 1645 ejus
1496 1584 1741 1630 virulentiae
1784 1585 1865 1643 (b)
1902 1585 2025 1630 inac-

211 1643 366 1690 ceffam
397 1646 481 1702 effe
506 1665 785 1710 nequaquam
812 1664 934 1712 puto.
970 1648 1056 1693 Sed
1082 1648 1172 1692 haec
1193 1647 1357 1693 nedum
1387 1648 1649 1711 quotidiana
1668 1649 1777 1700 sint,
1805 1648 1921 1694 inter
1951 1649 2022 1694 in-

211 1709 401 1765 solentia
427 1711 508 1757 luis
530 1711 821 1775 symptomata
840 1712 1074 1760 referenda
1094 1712 1191 1758 sunt
1208 1745 1220 1764 ,
1237 1713 1285 1756 in
1305 1712 1562 1776 syphiliticis
1578 1748 1590 1766 ,
1610 1714 1639 1758 sl
1658 1731 1852 1777 unquam
1870 1747 1882 1765 ‚
1903 1716 2022 1760 certe

212 1775 338 1821 tarde
372 1781 418 1821 δε
451 1777 549 1822 raro
574 1776 709 1822 obvia
726 1810 738 1829 ‚
766 1778 883 1824 unde
919 1777 1095 1824 videtur
1126 1777 1305 1841 egregie
1329 1777 1471 1824 refelli
1498 1779 1652 1843 opinio
1680 1779 1736 1826 de
1757 1777 1858 1827 sede
1879 1779 2025 1825 morbi

214 1838 262 1884 in
285 1840 466 1903 adiposa
492 1841 762 1887 membrana,
1653 1868 1655 1870 ·

274 1909 328 1951 V.
359 1909 512 1951 Fateor
546 1924 646 1951 cum
668 1905 942 1952 Boerhaavio
961 1939 974 1959 ‚
999 1906 1104 1952 dum
1135 1905 1311 1970 adiposa
1331 1906 1590 1953 membrana
1610 1895 1709 1952 casu
1740 1923 2026 1971 quocumque

211 1969 526 2032 compatrescit
553 1971 600 2014 in
628 1971 745 2016 hunc
781 1970 964 2015 modum
982 2004 994 2022 ‚
1027 1972 1212 2030 musculos
1232 1973 1401 2016 nudatos
1431 1972 1696 2032 vividissimos
1723 1972 2024 2035 pulcherrimast

215 2050 287 2094 que
308 2048 507 2097 apparere
525 2073 538 2088 ,
571 2037 783 2097 ulceraque
796 2037 923 2093 solam
946 2033 1100 2079 tantiam
1117 2039 1300 2099 pinguem
1332 2039 1509 2080 tunicam
1536 2037 1695 2099 depasti
1712 2072 1726 2087 ‚
1757 2054 1827 2080 nec
1847 2040 1925 2081 enti
1951 2054 2023 2080 no-

208 2114 295 2142 cere
313 2135 328 2150 ‚
347 2100 427 2159 nisi
446 2114 638 2160 quatenus
655 2101 888 2162 consumptis
904 2099 1014 2158 vasis
1041 2103 1123 2144 cuti
1145 2094 1355 2162 fhppositis
1375 2137 1388 2152 ‚
1399 2099 1591 2157 snbdnHo
1619 2099 1766 2161 pabulo
1787 2137 1800 2151 ‚
1828 2100 1905 2144 haec
1937 2103 2024 2163 ipsa

210 2178 361 2223 quoque
379 2164 539 2207 tandem
559 2167 678 2226 perit.
708 2162 796 2207 Sed
823 2163 869 2208 id
888 2180 1126 2208 commune
1146 2163 1279 2207 habet
1298 2162 1552 2225 suppuratio
1570 2196 1582 2214 ‚
1610 2163 1742 2225 quam
1769 2163 1861 2208 lues
1885 2181 2026 2210 vene-

206 2241 280 2270 rea
307 2226 353 2270 in
385 2226 565 2288 adiposi
597 2226 854 2272 membrana
875 2227 1012 2289 potest
1040 2226 1278 2288 aliquando
1310 2224 1485 2272 efficere
1504 2259 1516 2277 ‚
1545 2243 1647 2271 cum
1676 2225 1990 2289 suppuratione
2009 2261 2026 2281 ,

207 2289 527 2352 putrefaCtione
547 2323 559 2342 ‚
588 2290 822 2352 gangraena
853 2290 1132 2353 quacumque
1154 2289 1420 2336 membranae
1449 2288 1643 2352 ejusdem
1665 2290 1689 2335 a
1711 2291 1837 2336 causa
1868 2292 2031 2354 quavis·

211 2353 294 2398 alia
313 2372 323 2405 3
344 2371 489 2417 neque
515 2353 626 2399 adeo
656 2355 703 2400 id
729 2354 835 2400 inde
863 2355 1152 2418 repetendum
1173 2354 1351 2400 videtur
1370 2387 1382 2405 ,
1402 2354 1522 2417 quod
1541 2371 1777 2401 venereum
1798 2355 1916 2401 virus
1936 2357 2026 2403 adi-

209 2416 361 2481 posam
388 2418 692 2464 membranam
719 2418 894 2465 afferet
922 2417 1124 2480 singulari
1150 2418 1288 2463 modo
1305 2452 1318 2470 ‚
1354 2419 1590 2481 sedemque
1625 2419 1672 2464 in
1703 2418 1777 2464 illa
1798 2421 2024 2483 propriam

206 2482 369 2529 habeat
388 2501 399 2536 ·‚
424 2483 499 2530 sed
514 2484 659 2547 potius
677 2483 798 2547 quod
816 2483 1046 2547 peculiaris
1063 2481 1249 2546 adiposae
1268 2483 1532 2528 membranae
1550 2484 1752 2528 conditio
1778 2484 1926 2530 locum
1948 2485 2025 2532 det

205 2547 310 2592 mali
329 2548 611 2594 incrementis
639 2548 1024 2612 opportuniorem.
1056 2551 1235 2611 Nempe
1263 2548 1407 2593 mollis
1427 2550 1484 2594 est
1504 2553 1548 2593 δε
1568 2549 1655 2594 laxi
1674 2549 1904 2595 contextus
1923 2583 1934 2601 ,
1956 2566 2026 2596 te-

207 2611 420 2658 nuiffimis
440 2631 489 2658 ae
510 2613 760 2677 praeteneris
786 2613 952 2658 cellulis
971 2627 1063 2657 tota
1082 2614 1248 2657 constat
1266 2646 1278 2664 ,
1300 2612 1514 2676 perpetuo
1535 2628 1682 2675 turget
1701 2615 1907 2674 congesto
1929 2613 2026 2659 suc-

212 2693 266 2721 co
293 2677 475 2741 adiposo
496 2713 507 2731 ‚
533 2678 608 2740 qui
633 2676 867 2723 tar-diffime
888 2677 1124 2722 circulatur
1142 2710 1154 2728 ,
1182 2695 1230 2722 ac
1249 2678 1294 2722 in
1321 2677 1422 2721 loco
1442 2676 1604 2722 eodem
1625 2677 1747 2722 idem
1767 2677 1899 2723 haeret
1919 2678 2029 2723 dius¹

210 2740 363 2786 tiffime
397 2761 405 2786 :
438 2741 547 2788 Inde
576 2742 624 2786 fit
643 2760 751 2806 ergo
767 2777 780 2794 ‚
807 2758 855 2787 ur
874 2740 1123 2787 consociati
1142 2740 1365 2786 causarum
1385 2740 1578 2786 efficacia
1593 2741 1646 2786 ab
1668 2741 1795 2805 adipe
1812 2775 1824 2792 ,
1859 2740 1887 2786 fi
1913 2743 2024 2788 vitio

207 2805 521 2869 qualicumque
551 2823 859 2871 corrumpatur
877 2840 888 2857 ‚
923 2805 1050 2850 facile
1075 2805 1219 2852 labem
1241 2805 1396 2851 sentiat
1421 2806 1608 2852 celerem
1634 2823 1682 2851 ac
1704 2806 1838 2868 longe
1862 2808 2024 2853 &late

214 2868 417 2914 diffusam
439 2903 451 2922 ,
481 2870 725 2934 sentiatque
748 2871 834 2918 sola
850 2871 1021 2916 intaffis
1039 2875 1081 2915 δέ
1102 2870 1234 2916 illaesis
1253 2870 1345 2914 turn
1369 2870 1568 2930 subjectis
1586 2869 1789 2915 musculis
1814 2870 1905 2915 tum
1925 2888 2026 2918 cute

215 2932 454 2997 superjexstfi
474 2969 485 2986 ,
513 2935 631 2997 quod
660 2953 802 3000 partes
830 2935 911 2980 illae
931 2969 942 2986 ,
966 2935 1066 2979 cum
1087 2934 1290 2981 denfiore
1306 2941 1354 2979 δε
1384 2935 1583 2981 firmiore
1612 2934 1783 2980 textura
1803 2935 1996 2998 polleant
2014 2969 2028 2988 ‚

209 2998 521 3060 impetentium
543 3000 768 3045 causarum
794 3000 982 3061 energiae
1010 2999 1153 3044 minus
1173 3016 1348 3063 pateant
1366 3034 1376 3051 ,
1402 3000 1613 3046 haerentes
1632 2999 1838 3044 humores
1870 2998 2029 3046 fortius

214 3062 434 3125 expellant
462 3064 646 3109 elaterio
673 3065 801 3109 insito
825 3098 836 3116 ,
863 3063 1106 3127 noxiosque
1127 3062 1295 3109 facilius
1315 3079 1533 3109 renovent
1551 3098 1562 3115 ,
1590 3081 1637 3108 ac
1666 3063 1856 3126 proinde
1878 3065 2040 3109 multi-⁷

211 3126 319 3190 plici
357 3127 541 3175 nomine
572 3127 626 3174 ab
654 3128 990 3177 imminentibus
1020 3127 1192 3191 injuriis
1215 3127 1303 3176 sese
1324 3128 1487 3175 diutius
1507 3133 1551 3175 ὃς
1571 3126 1789 3175 efficacius
1814 3129 2035 3176 immunes

213 3205 425 3237 tutentur.

1583 3260 1623 3304 A
1646 3274 1670 3302 a
1689 3274 1712 3301 a
1727 3274 1750 3302 a
1769 3255 1818 3319 iij

2123 359 2200 407 (a)
2230 358 2307 398 Lib.

2078 417 2140 450 W.
2160 418 2232 462 cap·
2254 425 2292 450 ι..

2113 1586 2187 1637 (a)
2217 1582 2299 1623 via,

2072 1640 2174 1692 {upra
2219 1646 2298 1687 pag.

2076 1706 2126 1740 29
2140 1701 2177 1731 8.
