2477 3643
660 119 1642 168 L1313RII.CA1›UTVI.
1953 127 2049 183 ‘1i7

217 199 406 252 {Heurm'o
437 213 631 265 tanquam
660 201 787 247 nobile
807 197 1064 261 sudori-'ficum
1097 200 1149 248 &⁵
1177 202 1425 248 diureticum.
1463 201 1550 247 Sed
1582 200 1721 264 liquet
1751 200 1884 251 hosce
1919 204 2045 266 syru-

221 285 300 330 pos
326 266 414 313 five
443 266 627 318 decocsta
644 299 656 318 ‚
684 266 713 311 fi
742 266 850 329 quid
875 266 929 311 ad
951 265 1157 326 sudorem
1189 264 1469 312 movendum
1499 264 1759 320 conferant,
1790 269 1846 313 ad
1866 268 2045 333 plenam

219 332 302 378 luis
322 348 522 378 venereae
542 331 814 378 curationem
835 330 951 376 haud
974 329 1220 393 quidquam
1250 329 1413 376 valere.

286 403 352 440 60.
390 395 585 442 Demum
611 412 761 441 narrat
775 394 949 441 Samuc‘l
967 396 1163 441 Formius
1177 428 1189 446 ‚
1211 394 1464 458 Chirurgus
1484 392 1820 460 Monspeliensis
1835 428 1848 447 ‚
1866 394 1914 441 in
1934 397 2036 443 Ob·

217 458 541 506 servationibus
575 478 676 505 cum
692 464 857 506 Lazaro
891 459 1077 507 Riverio
1097 459 1436 505 communicatis
1452 492 1464 513 ,
1481 459 1702 520 Obsbrvat.
1723 476 1785 517 4¹·
1822 479 1844 497 e«
1866 464 1994 507 Hen-
2018 483 2043 499 <s

216 525 361 570 ricum
394 529 493 570 ΙΙΙ.
526 524 756 571 Gallorum
782 528 981 588 Regem,
1014 524 1084 571 lue
1118 523 1311 571 venerea
1342 523 1623 570 laborantem
1644 557 1659 576 ‚
1691 522 1793 569 cum
1824 524 1848 569 a
1883 527 1988 572 Me-
2017 546 2045 565 κ

215 588 328 634 dicis
355 588 588 634 ordinariis
616 589 761 635 curari
781 607 872 635 non
902 587 1105 653 potuisset
1127 622 1138 640 ,
1170 589 1392 634 monitum
1419 586 1545 634 fuisse
1565 592 1727 635 Penam
1746 592 1993 648 (Petrum)
2020 609 2047 629 ee

216 667 322 698 tunc
355 654 569 717 temporis
602 654 784 700 Lutetiae
818 654 1093 700 Medicinam
1119 651 1359 699 facientem
1382 653 1547 699 multos
1566 652 1621 699 ab
1646 652 1733 699 hoc
1754 652 1916 699 morbo
1944 653 1998 699 li-
2019 673 2046 693 u

215 715 376 764 berare
406 718 608 764 remedio
640 719 886 782 peculiari,
916 718 1037 782 quod
1071 718 1095 763 a
1122 718 1320 780 quodam
1347 721 1498 764 Turca
1525 717 1745 764 didicerat
1762 751 1774 770 ,
1798 717 1995 782 ideoque
2019 737 2046 756 «τ

213 781 369 843 juffiss'e
405 786 569 829 Penam
601 784 787 836 vocari,
825 784 848 828 τὶ
879 801 970 844 quo
1004 799 1177 828 curatus
1206 782 1306 828 fuit.
1328 807 1348 823 u
1394 782 1509 828 Illud
1536 798 1683 829 autem
1713 782 1935 846 peculiare
1972 799 2047 830 re-

213 845 416 893 medium
440 847 552 893 nihil
579 863 673 893 erat
700 863 856 912 praeter
882 847 1041 893 radicis
1069 846 1271 894 Bardanae
1296 847 1343 892 in
1369 847 1565 893 talleolas
1591 846 1710 893 seekae
1738 846 1974 893 decoOcum
1997 847 2047 895 in

216 911 452 974 aequalibus
478 928 598 976 aqua:
642 911 835 958 fontanae
875 917 921 958 δε
963 912 1058 958 vini
1088 911 1177 956 albi
1203 910 1430 975 partibus,
1458 911 1618 957 additis
1657 910 1734 956 sub
1768 911 2047 958 demotionis

213 974 352 1021 finem
383 975 593 1022 folliculis
623 976 764 1023 sennae
800 1010 816 1031 ‚
862 979 982 1038 cujus
1013 976 1186 1023 decoCti
1230 973 1390 1021 selibra
1424 976 1551 1022 mane
1596 979 1746 1037 jejuno
1788 977 2047 1023 ventriculo

215 1040 533 1104 propinabatur
565 1041 611 1086 in
642 1040 757 1087 leCko
790 1059 866 1105 per
897 1042 992 1087 dies
1033 1059 1106 1101 15.
1129 1039 1200 1086 vel
1231 1058 1300 1085 20.
1325 1040 1514 1085 admotis
1538 1039 1594 1085 ad
1621 1040 1816 1086 diversas
1846 1042 2049 1107 corporis

214 1121 359 1167 partes
388 1104 575 1152 filicibus
601 1105 846 1168 majoribus
873 1105 1054 1158 calidis,
1081 1109 1128 1150 &
1156 1104 1299 1152 linteo
1328 1103 1553 1151 obvolutis
1570 1136 1583 1156 ,
1615 1104 1672 1151 ad
1699 1103 1909 1153 sudorem
1937 1124 2044 1171 pro·-

212 1169 477 1216 liciendum.

277 1237 389 1281 Non
422 1233 590 1280 nescius
613 1231 707 1279 sum
737 1231 954 1295 quosdam
984 1230 1097 1283 effe,
1123 1231 1201 1292 qui
1223 1228 1442 1278 affirment
1461 1229 1709 1278 Henricum
1742 1236 1843 1277 ΙΙΙ.
1880 1233 1958 1278 usu
1978 1251 2045 1279 1·a-·

214 1297 326 1343 dicis
357 1300 561 1344 Bardanae
582 1332 594 1350 ‚
625 1315 758 1360 quam
788 1302 939 1343 Petrus
970 1301 1087 1343 Pena
1117 1295 1402 1348 adhibuerit,
1433 1313 1526 1340 non
1547 1312 1601 1341 ex
1622 1297 1692 1342 lue
1714 1295 1904 1342 venerea
1924 1331 1936 1349 ,
1965 1296 2043 1344 sed

213 1379 267 1409 ex
288 1362 418 1409 febre
443 1363 659 1427 quartana
678 1361 962 1408 convaluisse.
1004 1366 1069 1406 Ita
1094 1359 1192 1406 sane
1218 1360 1411 1407 sentiunt
1438 1360 1696 1406 Tancredus
1719 1360 1871 1406 Robin
1890 1395 1902 1413 ‚
1925 1362 2042 1425 apud

213 1428 344 1479 Joan.
359 1428 520 1479 Jacob.
542 1431 807 1490 Mangetum
823 1460 835 1478 ‚
855 1431 897 1472 in
915 1425 1167 1472 Bibliothecii
1187 1423 1543 1471 Pharmaceutticti
1557 1462 1570 1476 ‚
1594 1429 1633 1468 in
1666 1425 1788 1470 verbo
1811 1425 2004 1471 Bardanfi
2026 1460 2041 1478 ,

214 1496 262 1536 ὃς
295 1495 333 1545 J.
362 1496 406 1537 Β.
429 1493 653 1544 Chomel,
684 1492 854 1537 Βωᾶοι·
887 1490 1092 1536 Medicus
1123 1488 1395 1540 Pariliensis,
1428 1488 1622 1551 Abbre'ge'
1652 1489 1700 1533 de
1730 1489 1943 1546 l'Histoire
1974 1491 2042 1536 des

212 1558 378 1602 Planus
405 1560 595 1617 Usuelles.
636 1555 725 1602 Sed
750 1574 825 1602 eos
854 1553 982 1601 falsos
1011 1553 1096 1601 effe
1125 1554 1287 1618 opinor
1316 1559 1361 1599 δε
1391 1553 1438 1598 iu
1468 1569 1669 1598 errorem
1695 1553 1802 1599 ideo
1831 1553 1950 1600 forte
1976 1555 2044 1600 in-

214 1619 369 1666 dustos
392 1654 404 1673 ‚
432 1622 555 1686 quod
587 1620 730 1666 minus
761 1620 926 1666 attente
945 1620 1137 1682 legerint
1165 1617 1519 1665 Observationes
1545 1618 1733 1680 Georgii
1765 1618 2043 1679 Hieronymi

214 1684 439 1738 Velschii‚
470 1686 547 1732 ubi
576 1701 778 1730 narratur
798 1685 956 1730 eadem
971 1683 1161 1729 historia.
1202 1683 1280 1728 Ille
1301 1681 1469 1727 scilicet
1497 1682 1725 1745 postquam
1744 1682 1858 1727 dixit
1884 1687 1925 1728 in
1947 1683 2044 1729 Ob-

201 1751 483 1809 servationum
499 1750 823 1797 [medicinalium
840 1754 877 1794 E
880 1750 1099 1812 pisagmate
1115 1786 1128 1801 ,
1149 1747 1325 1793 Observ
1333 1762 1388 1792 at.
1406 1769 1449 1803 4.
1466 1749 1716 1808 Empiricum
1732 1748 1941 1809 quemdam
1958 1754 2043 1793 Pa-

212 1814 407 1874 ristenfi’m
422 1817 615 1878 plurimos
636 1817 922 1876 quartanarios
953 1814 1104 1857 decom
1131 1813 1283 1857 radicis
1311 1815 1462 1874 Lappa
1477 1814 1640 1866 majoris
1660 1810 1732 1868 stu
1762 1811 1967 1856 Bardamae
1987 1830 2043 1857 ex

213 1884 313 1922 vino
342 1879 433 1924 albo
460 1895 601 1941 magno
622 1879 797 1937 succeffu
831 1893 974 1923 curare
995 1878 1157 1935 fiilitum
1181 1876 1299 1935 fuisse
1321 1913 1335 1928 ,
1370 1891 1475 1919 mox
1509 1873 1634 1919 adcut
1667 1874 1803 1919 eadem
1834 1891 2042 1936 quartanae

211 1941 264 1988 (ῥ’
294 1944 370 1987 luis
397 1960 569 1987 venereae
597 1944 834 2003 quandoque
866 1941 1039 1985 remedia
1068 1939 1290 1999 obfirvuri.
1328 1943 1403 1984 Sic
1431 1941 1545 1984 illam
1564 1976 1579 1990 ‚
1607 1936 1752 2001 pergit
1768 1937 1891 1985 idem
1907 1972 1920 1991 ‚
1953 1941 2042 1985 cum

212 2005 405 2052 tibiarum
433 2006 631 2052 ulceribus
648 2005 934 2069 hydrargyro-fi
960 2019 1142 2050 curatam
1167 2019 1312 2049 narrat
1331 2004 1567 2048 Guillelmus
1593 2002 1805 2047 Ballonins
1822 2041 1835 2056 ‚
1872 2022 1910 2050 2..
1936 2004 2043 2067 Epi·-

211 2070 331 2117 dem.
350 2076 394 2116 &
418 2070 704 2134 Epliemerid.
724 2086 821 2133 pag.
859 2087 905 2128 ¹3
925 2086 960 2112 1.
991 2069 1097 2114 hanc
1115 2066 1213 2112 verb
1245 2071 1287 2112 in
1310 2072 1494 2112 Henrico
1527 2071 1639 2112 III.
1670 2069 1905 2112 Galliarum
1934 2073 2043 2131 Rege

210 2135 345 2180 endem
365 2137 516 2181 oie-0050
536 2135 736 2181 gardam
765 2133 790 2178 ἃ
814 2138 931 2178 Petro
953 2138 1063 2178 Pena
1087 2133 1255 2177 deletam
1275 2133 1343 2191 effe
1360 2131 1520 2188 testatur
1538 2136 1569 2175 S
1575 2132 1706 2174 amuel
1724 2135 1759 2175 F
1765 2134 1909 2176 ormins
1928 2134 2045 2195 apud

209 2203 430 2245 Lazarum
469 2202 681 2245 Riverium
701 2236 714 2251 ‚
748 2196 1077 2243 Observatione
1100 2213 1175 2252 41.
1209 2195 1320 2241 Inde
1348 2212 1457 2259 ergo
1487 2193 1650 2239 factum
1675 2192 1803 2241 fuiffe
1832 2194 2042 2249 videtur,

211 2278 260 2309 nt
293 2280 378 2326 prae
407 2260 637 2309 oscitantia
659 2295 672 2313 ‚
703 2279 784 2308 nec
818 2260 915 2306 satis
944 2259 1127 2307 adversa
1146 2260 1465 2323 pronominum
1496 2261 1609 2304 illam
1632 2262 1676 2302 &
1697 2258 1804 2305 hanc
1821 2259 2040 2307 relatione

212 2327 435 2373 creditum
468 2327 517 2372 sit
547 2327 666 2372 luem
700 2343 935 2371 veneream
972 2343 1072 2371 cum
1102 2323 1322 2369 ulceribus
1353 2323 1563 2368 tibiarum
1592 2322 1640 2366 in
1667 2338 1785 2384 agro
1815 2323 2003 2370 Ballonii
2022 2357 2036 2376 ,

210 2391 561 2453 hydrargyrosr3
594 2405 855 2454 quartanam
886 2390 995 2435 vero
1025 2390 1072 2434 in
1100 2389 1300 2435 Henrico
1330 2393 1427 2434 ΙΙΙ.
1461 2387 1644 2433 decoCm
1676 2386 1881 2433 Bar-danae
1910 2406 2040 2434 cura-

214 2471 304 2501 tam
324 2454 450 2503 fuisse
466 2489 480 2509 ,
502 2455 602 2501 cum
629 2470 776 2500 tamen
804 2472 857 2503 ex
876 2453 971 2519 ipso
992 2453 1208 2499 orationis
1231 2468 1444 2499 contextu
1462 2450 1737 2497 contrarium
1757 2451 2035 2498 manifestum

211 2522 275 2568 fit.

272 2591 427 2650 Itaque
447 2598 619 2628 tantum
638 2582 754 2629 abest
773 2598 818 2628 ut
833 2600 885 2629 ex
904 2580 1112 2627 Velschio
1135 2580 1439 2627 auCtoritatem
1456 2578 1619 2625 formii
1650 2577 1827 2625 elevare
1855 2583 1951 2641 jure
1979 2583 2035 2628 li-

214 2668 342 2703 ceat,
374 2664 423 2694 ut
452 2647 609 2693 contra
641 2646 870 2692 Velschius
899 2645 992 2710 ipse
1019 2647 1180 2691 Por-mii
1211 2645 1573 2691 observationem
1603 2644 1750 2707 aperte
1781 2647 2032 2695 confirmet.

213 2719 377 2778 Neque
406 2713 453 2758 in
484 2711 758 2757 contrarium
784 2706 951 2775 pugnat
981 2710 1214 2756 ullomodo
1246 2714 1364 2756 Pena
1391 2710 1483 2773 ipse
1503 2743 1515 2761 ,
1543 2707 1760 2771 quicquid
1787 2708 1811 2753 a
1836 2725 1928 2757 non
1956 2730 2036 2759 ne..

214 2780 335 2825 mine
368 2777 535 2822 dictum
565 2775 702 2822 fuerit
721 2810 733 2828 ,
764 2774 864 2821 cum
890 2774 1061 2820 nullum
1091 2776 1226 2820 exstet
1255 2775 1338 2819 hac
1371 2773 1428 2819 de
1461 2791 1507 2818 re
1540 2772 1840 2817 testimonium
1860 2808 1873 2826 ,
1908 2776 2036 2837 quod·

213 2843 422 2906 equidem
446 2839 592 2885 sciam.
632 2842 919 2903 Quapropter
939 2838 1156 2884 credibile
1176 2840 1234 2884 est
1255 2838 1373 2883 virus
1394 2854 1635 2883 venereum
1654 2835 1708 2881 ab
1731 2838 1932 2883 Henrico
1952 2844 2032 2884 ΙΙΙ.

214 2910 320 2958 olim
349 2907 648 2956 contractum,
681 2904 787 2949 dum
816 2905 837 2948 ὲ
869 2902 1055 2948 polonia
1085 2902 1260 2947 rediens
1290 2901 1490 2947 Venetiis
1509 2898 1778 2962 gonorrhoea
1808 2900 2033 2947 virulenti

215 2973 329 3021 male
361 2968 517 3016 habuit
537 3002 550 3019 ‚
586 2968 756 3030 aliquot
788 2967 879 3030 post
909 2966 1031 3011 annis
1065 2964 1341 3028 repullulasse
1364 2997 1376 3016 ,
1409 2982 1499 3027 quo
1532 2980 1734 3026 tempore
1764 2965 1882 3010 Petri
1901 2969 2030 3013 Penae

213 3036 396 3085 consilio
436 3033 623 3079 decocto
660 3032 864 3077 Bardanae
903 3027 1097 3076 retusum
1130 3028 1297 3080 fuerit,
1332 3043 1379 3073 ut
1412 3027 1549 3074 refert
1581 3027 1792 3072 Formius.
1843 3033 2031 3089 Retufhm

212 3103 344 3164 dicol,
378 3091 525 3160 ¹neque
557 3096 678 3143 enim
706 3111 814 3160 puto
839 3094 1044 3140 Bardanae
1065 3093 1302 3140 decostum
1323 3093 1378 3138 ad
1405 3091 1718 3156 extirpandum
1747 3091 1866 3138 virus
1894 3111 2031 3141 vene-

212 3185 339 3214 reum
371 3162 552 3215 valere,
585 3161 684 3213 imo
714 3176 861 3225 neque
890 3177 991 3206 cum
1021 3158 1206 3206 decosto
1239 3156 1423 3205 Guaiaci
1456 3157 1672 3206 ullatenus
1702 3155 2029 3205 conferendum

1695 3220 1804 3295 Pii)
