2477 3643
643 159 887 208 LGnn
949 162 1006 208 V.
1074 160 1447 208 Secuto-M
1500 162 1674 213 XVI.
1963 187 2051 234 447

294 246 361 292 ΒΕ
378 257 408 290 n
424 258 445 291 i!
463 257 521 291 οι
545 260 570 292 c
586 259 613 290 τ
632 260 660 292 u
676 260 693 291 s
731 246 768 291 R
785 260 800 290 ι
816 261 843 291 N
866 260 878 290 1
901 257 925 289 υ
946 260 962 290 s
987 277 999 299 ,
1035 248 1232 293 Venetus
1246 276 1259 297 ,
1292 242 1456 311 scripsit
1473 242 1657 293 brevem
1680 251 1750 295 De
1768 253 1924 302 Morbo
1944 255 2052 302 Gal-

222 307 308 356 *lico
335 309 590 355 TraCtatum
623 310 931 369 Confhltationis
966 308 1090 358 causa‘
1121 313 1164 355 in
1179 312 1362 371 gratiam
1390 308 1633 373 illustrissimi
1652 315 1856 375 cujusdam
1875 319 2050 377 Antisti-

231 377 282 420 tis
294 405 307 425 ,
337 389 469 437 quem
491 372 569 420 diu
588 374 680 438 post
700 391 892 421 mortem
913 375 1046 437 patris
1065 372 1278 421 Fabritius
1298 374 1454 422 Rinius
1471 377 1560 435 ejus
1578 373 1693 429 filius
1708 380 1909 428 Antonio
1929 386 2051 430 Cau·

223 454 280 484 co
303 435 652 503 Archiepiscopo
671 437 934 500 Cor-cyrensi
955 439 1124 487 dicavit
1140 472 1153 492 ‚
1175 443 1220 486 δε
1252 438 1564 488 excudendum
1581 441 1780 507 permilit
1801 444 1847 491 in
1866 448 2050 495 Collec-

225 501 349 549 tione
368 502 539 550 Veneta
565 508 635 550 De
661 504 821 550 Morbo
846 506 1007 552 Gallico
1036 521 1155 550 anno
1181 515 1312 566 1567.

288 572 340 613 In
367 568 564 614 curando
600 568 759 615 Morbo
786 572 946 615 Gallico
983 569 1120 615 utitur
1151 569 1308 616 Rinius
1337 569 1582 618 linimentis
1616 572 1746 620 variis
1775 574 2051 622 mercuriali-

223 628 306 677 bus
329 664 342 684 ,
376 631 451 678 sed
478 632 532 678 ad
564 633 727 699 Operis
754 632 919 679 calcem
938 667 950 686 ,
976 633 1177 698 quaedam
1199 634 1351 696 adjicit
1382 634 1438 682 de
1472 636 1660 683 decocto
1688 639 1800 701 ligni
1832 640 2015 686 Guaiaci
2035 675 2050 693 ‚

220 695 347 760 quod
367 696 426 742 ait
453 715 600 744 novum
634 700 703 760 effe
716 701 784 757 sui
800 699 935 756 fieculi
953 702 1160 745 inventum
1176 737 1189 751 ‚
1211 698 1260 745 ὥ*
1285 715 1479 762 tanquam
1500 716 1578 765 per
1597 706 1779 750 Deorum
1802 722 1942 750 manus
1958 721 2049 750 tra-

219 762 346 806 ditum
362 764 563 809 auxilium
587 779 662 825 pro
681 761 835 809 Morbi
851 765 1009 809 Gallici
1037 768 1328 827 expugnatione
1347 803 1360 818 ,
1382 782 1431 811 ac
1455 768 1680 813 omnimoda}
1699 769 1806 815 illius
1822 773 2015 816 evifflone
2031 808 2047 824 ‚

220 825 343 874 unde
383 827 561 873 videtur
580 828 700 893 polle
719 827 870 894 colligi
889 826 1136 875 Confilium
1153 828 1266 874 illud
1284 829 1408 875 Rinii
1428 830 1546 877 circa
1563 848 1728 880 annum
1755 851 1802 897 15
1818 853 1888 883 20.
1908 834 2049 900 scrip-

219 904 316 938 tum
349 890 491 939 fuisse.

280 1021 352 1074 Jo
371 1037 530 1067 ANNE
550 1037 567 1066 s
618 1024 765 1081 (a)1.
783 1038 805 1066 E
853 1022 906 1066 Μ
924 1038 983 1067 At
1002 1037 1033 1067 R
1051 1038 1073 1066 ε
1091 1054 1102 1074 ,
1137 1021 1269 1084 Belga
1289 1055 1301 1073 ,
1333 1023 1478 1070 lucem
1501 1025 1616 1073 vidit
1635 1027 1792 1091 Bagaci
1810 1060 1822 1080 ,
1853 1027 1900 1073 in
1919 1032 2046 1075 Han-

217 1086 355 1132 nonia
375 1087 530 1149 gallice
550 1092 692 1132 Bavai
712 1125 726 1139 ,
750 1086 869 1131 unde
893 1085 933 1132 se
956 1086 1067 1132 dicit
1128 1087 1253 1132 allice
1273 1088 1322 1131 de
1337 1093 1478 1153 Belges
1495 1130 1508 1143 ‚
1539 1092 1642 1138 ideo
1674 1093 1793 1155 qnod
1817 1110 1941 1157 putet
1964 1099 2047 1141 Ba-

218 1167 375 1214 gaeum
419 1151 529 1197 olim
552 1151 781 1214 Belgidem
821 1150 988 1196 diuum
1007 1103 1148 1197 fuisige.
1187 1155 1333 1198 Natus
1361 1156 1419 1199 est
1438 1172 1555 1201 anno
1575 1163 1585 1212 (
1607 1157 1632 1202 b
1651 1162 1665 1216 )
1709 1175 1839 1220 1473.
1876 1164 1922 1205 δέ
1940 1177 2044 1207 ante

215 1233 381 1262 annum
409 1234 423 1261 1
443 1235 548 1278 525.
570 1215 663 1262 fato
683 1215 870 1261 functus.
893 1215 1071 1279 Scripsit
1090 1232 1184 1261 tum
1204 1216 1344 1261 strieta
1362 1252 1372 1270 ‚
1395 1235 1487 1264 tum
1506 1220 1645 1266 soluta
1665 1223 1870 1270 oratione
1889 1228 2043 1289 Opera

216 1280 340 1326 varia
357 1281 526 1327 Gallice
545 1285 589 1327 δε
608 1281 763 1327 Latine
781 1315 792 1332 ,
814 1298 906 1325 non
922 1279 1010 1327 fine
1027 1281 1198 1344 ingenii
1216 1284 1421 1330 acumine
1452 1303 1501 1330 ac
1537 1286 1750 1332 doctrina:
1769 1288 1904 1336 laude
1920 1306 1968 1336 ut
1989 1309 2042 1338 ea

216 1361 346 1393 erant
363 1361 566 1410 tempora
582 1378 593 1397 ,
614 1345 775 1409 quibus
794 1346 920 1391 vixit.

278 1412 405 1455 Extat
423 1410 540 1457 inter
559 1427 713 1457 caetera
731 1413 928 1457 Carmen
952 1409 1259 1472 Allegoricum
1277 1411 1446 1458 Gallice
1469 1412 1676 1478 scriptum
1694 1450 1706 1468 ,
1732 1421 1779 1462 &
1796 1418 1843 1477 in
1864 1433 1950 1465 tres
1968 1423 2047 1465 Fa-

217 1472 342 1520 bulas
361 1475 644 1521 distributum
661 1509 673 1529 ‚
695 1475 819 1538 quod
847 1475 959 1539 typis
988 1475 1194 1521 excusum
1223 1476 1309 1523 fuit
1337 1495 1456 1523 anno
1483 1496 1614 1542 ¹525·
1638 1481 1683 1526 in
1715 1487 1779 1528 80.
1817 1483 1933 1548 apud
1955 1488 2045 1530 Ga·-

207 1538 393 1587 liottum
411 1541 471 1586 du
489 1541 568 1587 Pre'
588 1575 600 1593 ,
622 1559 723 1587 cum
745 1540 825 1586 hac
846 1539 1152 1605 inscriptione.

345 1609 427 1652 Les
446 1611 541 1652 trois
563 1612 746 1670 Comptes
762 1644 776 1659 ,
798 1609 984 1652 intitulez
1013 1606 1061 1650 de
1078 1605 1243 1671 Cupido
1273 1605 1322 1652 εὖ*
1344 1606 1567 1671 d’Atropos
1582 1648 1597 1663 ‚
1631 1611 1725 1656 dont
1743 1612 1778 1656 le
1798 1616 1973 1676 premier
1979 1615 2050 1673 fin

431 1672 597 1716 invent&
607 1686 692 1734 par
709 1671 917 1734 Seraphin
934 1709 948 1724 ,
964 1673 1080 1716 Poie'te
1097 1674 1248 1717 Italien
1262 1709 1277 1725 ,
1296 1673 1332 1717 le
1341 1672 1492 1732 ficona'
1507 1674 1557 1720 (ῥ’
1575 1680 1669 1722 tiers
1683 1677 1732 1722 a'e
1747 1679 1984 1725 l'invention
2000 1681 2049 1727 de

430 1735 615 1793 Maistre
636 1739 741 1782 Jean
760 1737 795 1779 le
815 1739 984 1782 Maire.

269 1797 471 1862 Pingitur
500 1799 565 1845 ibi
593 1799 640 1845 in
668 1798 816 1845 Prima
853 1798 1005 1845 fabula
1032 1798 1311 1863 Cupidinem
1343 1800 1518 1848 ebrium
1548 1820 1650 1849 cum
1680 1808 1856 1870 Atropo
1883 1807 2043 1854 mortis

216 1863 315 1910 Dea
329 1897 342 1917 ,
364 1865 645 1910 commutatis
664 1863 763 1910 casu
782 1863 968 1910 arcubus
986 1866 1136 1910 munia
1155 1882 1333 1929 quoque
1351 1866 1414 1913 ita
1433 1870 1716 1916 commutasse
1737 1904 1750 1923 ,
1781 1886 1828 1918 ut
1846 1871 1920 1918 ille
1937 1873 2040 1935 qui-

204 1928 314 1974 dem
346 1929 604 1994 imprudens
635 1930 734 1976 neci
760 1929 887 1976 daret
918 1928 1251 1983 adolescentes,
1284 1949 1396 1994 quos
1425 1932 1650 1995 quaerebat
1681 1953 1836 1982 amore
1869 1936 2039 1984 saucios

209 1992 388 2041 efficere
410 2013 421 2047 ·,
453 1995 541 2041 haec
562 1996 670 2044 vero
687 1994 808 2042 senes
831 1995 1110 2060 depontanos
1130 1995 1249 2059 turpi
1268 2014 1422 2043 amore
1442 1996 1720 2047 dementaret
1738 2034 1750 2058 ,
1771 2019 1883 2065 quos
1901 2003 2039 2049 morti

209 2059 470 2106 destinabat.

269 2127 492 2171 Narratur
525 2124 571 2170 in
588 2124 743 2171 Alter-fi
771 2124 1033 2172 lethiferum
1063 2123 1188 2170 illum
1214 2123 1370 2171 mortis
1402 2144 1552 2172 arcum
1570 2161 1583 2178 ,
1615 2145 1751 2191 quem
1781 2131 1964 2195 Cupido
1992 2132 2041 2180 in

204 2188 420 2254 palatium
450 2191 601 2236 matris
629 2190 841 2237 intulerat
857 2224 869 2243 ‚
899 2188 1008 2250 jussu
1030 2189 1217 2235 Veneris
1241 2190 1457 2249 abjecTtum
1484 2190 1611 2238 fuiffe
1634 2195 1681 2238 in
1703 2194 1854 2257 palatii
1874 2195 2005 2244 fossas
2028 2231 2045 2251 ,

206 2254 331 2301 unde
359 2253 521 2301 factum
546 2272 594 2302 ut
614 2273 733 2318 aquae
761 2256 866 2301 hinc
892 2254 1178 2300 scaturientes
1208 2272 1385 2301 veneno
1412 2254 1565 2301 lethali
1583 2257 1761 2320 pollutae
1779 2259 1887 2306 viris
1907 2260 2044 2308 femi-

204 2318 360 2384 nisque
382 2320 569 2368 Veneris
590 2320 754 2367 asseclis
770 2354 782 2373 ,
815 2320 838 2366 a
858 2319 1019 2383 quibus
1039 2318 1335 2383 epotabantur
1351 2354 1363 2372 ‚
1394 2338 1565 2369 novum
1586 2321 1735 2368 morbi
1758 2340 1896 2387 genus
1916 2326 2040 2374 intu-

205 2384 340 2432 lerint
359 2418 372 2438 ,
393 2383 468 2432 seu
490 2385 752 2450 ipffiffimam
772 2385 889 2431 luem
911 2401 1163 2432 veneream.

270 2451 463 2496 Domum
494 2450 686 2497 refertur
709 2450 756 2494 in
784 2448 937 2496 Tertia
966 2448 1091 2502 Jovis
1126 2448 1272 2496 edicio
1302 2449 1502 2494 Comitia
1526 2452 1752 2513 generalia
1777 2454 2039 2503 Tritonibus

207 2512 361 2560 habita
386 2513 512 2562 fuisse
532 2548 544 2567 ‚
574 2515 727 2578 ibique
756 2514 979 2561 diffidium
1013 2514 1250 2579 Cupidinis
1281 2514 1337 2560 de
1370 2514 1493 2560 arcus
1521 2516 1903 2581 redintegratione
1930 2538 2040 2569 cum

204 2583 381 2644 Atropo
402 2580 614 2643 litigantis
641 2580 708 2625 his
734 2578 1068 2627 conditionibus
1089 2578 1379 2643 compositum
1398 2579 1483 2626 effe
1504 2613 1517 2632 ,
1547 2596 1594 2625 ut
1609 2583 1786 2645 utrique
1804 2600 1945 2630 novus
1966 2603 2035 2632 ar-

203 2661 279 2691 cus
298 2644 599 2692 restitueretur
620 2663 632 2697 3
666 2641 837 2692 atvero
859 2645 1029 2690 nullum
1049 2644 1072 2689 a
1095 2647 1210 2697 Jove
1240 2644 1488 2690 remedium
1516 2645 1726 2692 adversus
1751 2647 1868 2694 luem
1889 2667 2033 2697 vene-

203 2727 325 2756 ream
349 2710 586 2757 inventum
606 2707 731 2757 fuisse
749 2743 762 2763 ,
781 2727 873 2774 qua:
891 2709 1063 2756 idcirco
1085 2709 1165 2756 fibi
1183 2707 1387 2774 permissa
1406 2709 1452 2756 in
1476 2708 1658 2757 miseros
1681 2712 1888 2758 mortales
1908 2712 2032 2761 saevi-

205 2790 254 2821 te
274 2775 437 2839 pergit.

265 2842 489 2885 Caeterum
533 2842 669 2887 Po‘e'ta
710 2858 950 2887 veneream
993 2839 1112 2887 luem
1153 2839 1200 2885 in
1246 2836 1395 2883 fabula
1442 2837 1631 2885 secunda
1673 2839 1735 2886 ita
1777 2840 1987 2890 describit
2013 2878 2034 2898 ‚⁷

215 2918 265 2950 ut
300 2904 429 2949 liceat
461 2898 567 2950 iride
602 2904 816 2968 colligere
834 2939 847 2958 ‚
886 2903 995 2968 quid
1028 2920 1153 2951 aetate
1190 2902 1262 2948 sua
1284 2903 1340 2950 de
1374 2903 1522 2948 morbi
1555 2903 1730 2967 origine
1746 2938 1758 2956 ,
1792 2908 1993 2955 novitate
2013 2943 2036 2962 ,Δ

201 2969 524 3034 propagatione
540 3002 552 3019 ,
569 2970 802 3015 atrocitate
816 3002 827 3021 ‚
853 2970 988 3032 vulgo
1004 2969 1276 3015 crederetur.
1315 2967 1391 3013 Ait
1408 2985 1564 3032 nempe
1584 2971 1731 3031 Aquas
1750 3003 1761 3021 ‚
1783 2988 1874 3034 quae
1893 2974 1917 3019 ὲ
1935 2972 2024 3020 fos-

202 3033 252 3081 sls
271 3033 418 3098 palatii
442 3034 627 3079 Veneris
652 3032 944 3079 decurrebant
961 3067 972 3084 ‚
994 3033 1018 3078 :i
1039 3032 1144 3079 viris
1164 3031 1429 3094 feminisque
1458 3031 1656 3096 plurimis
1675 3052 1774 3079 cum
1797 3037 2022 3100 voluptate

199 3098 387 3164 quidem
416 3096 641 3162 perpotari
659 3132 670 3149 ,
697 3115 744 3143 ac
761 3113 903 3161 gratas
926 3097 1101 3151 videri,
1133 3112 1176 3142 at
1197 3096 1306 3144 vero
1328 3097 1449 3144 varia
1472 3101 1517 3143 &
1536 3097 1735 3145 inaudita
1756 3101 2025 3160 morborum

196 3165 394 3223 monstra
419 3162 526 3208 inde
545 3163 750 3226 generari
769 3196 781 3216 ,
803 3162 961 3226 quibus
981 3178 1160 3227 potores
1180 3160 1774 3232 misertime,affligebantui·..

419 3228 536 3275 Mais
556 3245 612 3275 en
630 3228 671 3275 la
690 3228 752 3274 fin
768 3261 781 3282 ‚
804 3228 954 3293 quand
972 3228 1013 3276 le
1033 3227 1167 3280 venin
1184 3226 1253 3278 fut
1270 3243 1396 3279 meur
1410 3258 1427 3282 ,

2147 275 2284 326 1520.

2144 1039 2280 1087 1520·

2093 1105 2148 1146 (al
2176 1107 2322 1144 Dicitur

2088 1155 2145 1192 sed
2165 1170 2297 1209 perpe-

2088 1213 2324 1253 ramsoannes

2088 1264 2237 1298 Marius
2267 1262 2287 1301 ὲ

2086 1313 2241 1352 Gerard.

2084 1367 2214 1415 Joann.
2229 1365 2325 1405 vos-

2087 1415 2149 1453 fio.
2179 1419 2256 1456 Lib.
2282 1436 2323 1470 3„

2085 1474 2142 1506 De
2160 1477 2196 1507 H
2202 1471 2298 1520 istor.

2084 1524 2208 1560 Latin.
2224 1531 2306 1575 cap„

2093 1585 2109 1611 1
2121 1587 2158 1614 0.

2125 1645 2200 1693 (b)
2231 1648 2331 1691 Vide

2085 1698 2280 1738 Ptaefatio-

2082 1763 2163 1788 nem
2179 1754 2327 1795 Gallie&

2083 1800 2258 1855 scriptam
2278 1834 2297 1850 ,

2083 1868 2162 1907 quae
2189 1859 2320 1907 ptaefi..

2083 1908 2183 1959 gitur
2202 1909 2327 1949 Libro

2083 1960 2258 2011 inscripto

2084 2013 2320 2061 Leslllustrae÷

2083 2067 2174 2102 tions
2205 2067 2264 2102 des

2086 2117 2238 2159 Gaudes²
