2477 3643
534 148 1396 201 {rasalincArur
1462 149 1676 202 v11‘1.
1918 176 2010 221 277·

170 235 492 290 sublimatum5
516 237 667 284 oleum
685 269 698 290 ‚
719 235 931 298 butyrum
959 236 1212 285 arsenicalia
1234 242 1320 285 &c.
1349 236 1582 300 Siquidem
1605 253 1653 284 ut
1673 237 1799 302 supra
1828 239 2007 286 monui-

183 320 280 352 mus
299 307 408 367 Cap.
430 309 471 347 6.
501 312 538 360 §.
567 324 606 363 3.
640 301 913 366 experientia
949 318 1227 368 compertum
1265 304 1324 349 est
1358 302 1479 349 hisce
1515 301 1724 349 remediis
1757 302 1830 349 seu
1861 303 2006 367 potius

184 367 367 415 venenis
386 401 398 419 ‚
426 367 722 430 qualicunque
752 382 844 412 arte
871 366 1168 414 adhibeantur
1186 401 1199 420 ,
1235 367 1387 432 gravia
1419 366 1711 431 symptomata
1743 368 2007 431 plerumque

183 432 372 484 inferri,
389 447 435 477 ut
450 431 634 484 deliria,
653 430 870 495 spasmos,
899 430 1121 497 syncopen
1145 438 1233 479 &c.
1248 432 1521 481 &deleret-ia
1536 465 1550 485 ,
1574 431 1661 497 qua⁴
1683 432 1856 496 pollent
1871 464 1886 484 ‚
1912 432 2011 478 vir«

184 495 562 560 tutesanguinem
580 496 733 543 lethali
753 495 869 542 noxii
887 495 1024 542 infici.

245 569 338 608 12⁰.
369 565 499 608 Nota
527 578 674 608 autem
703 566 748 607 δε
779 559 855 606 usu
888 560 1150 608 confirmata
1180 560 1506 625 propositorum
1531 561 1824 607 causticorum
1853 565 1901 606 δε
1932 578 2012 606 ca-

182 624 514 672 thaereticorum
538 625 735 673 efficacia
762 626 809 671 in
829 625 1079 672 amovenda
1099 625 1334 689 gangraena
1362 642 1455 672 tota
1476 643 1520 672 re
1554 625 1717 672 etenda
1747 627 1806 671 est
1830 641 1882 671 ex
1916 624 2007 671 dis-

182 690 398 742 crimine,
424 691 549 753 quod
580 691 820 738 intercedit
850 690 968 736 inter
1003 705 1148 755 partes
1166 724 1178 742 ‚
1204 708 1296 753 quae
1324 690 1453 735 taciti
1483 643 1582 736 labe
1609 688 1972 755 computrescunt
1991 721 2008 741 ‚

182 755 417 819 partesque
436 771 608 802 caeteras
621 790 633 809 ‚
649 774 743 819 quae
762 754 1047 819 putredinem
1067 754 1270 800 nondum
1290 755 1476 801 sensere.
1508 755 1591 800 111ae
1611 756 1794 818 quidem
1813 751 2011 800 tenuisti«

183 819 269 865 mis
287 819 574 866 causticorum
604 821 829 885 particulis
847 853 859 872 ‚
877 836 984 882 quas
1003 837 1086 884 prae
1106 819 1296 865 mollitie
1322 819 1407 865 alte
1435 819 1662 864 imbibunt
1680 854 1693 872 ,
1714 820 1759 865 in
1780 819 2009 883 liquamen

176 882 386 930 funditus
403 889 448 930 δέ
475 885 667 931 astutum
683 884 979 930 dissolvuntur
1001 904 1011 930 t
1041 889 1121 930 Hae
1141 884 1248 930 vero
1268 883 1476 929 firmitate
1492 917 1504 936 ,
1526 900 1636 929 tono
1655 918 1668 936 ,
1684 900 1812 931 motu
1829 883 2012 930 oscilla-

183 949 304 994 torio
339 948 501 1012 quibus
532 950 776 996 etiamnum
809 949 990 1001 valent,
1019 948 1281 995 earumdem
1308 948 1624 1012 particularum
1649 966 1741 994 non
1768 949 1907 995 modo
1940 964 2011 994 at-

179 1016 346 1060 tastum
379 1014 546 1060 diutius
588 1013 842 1078 refugiunt,
869 1019 915 1059 δε
951 1014 1179 1077 energiam
1204 1012 1470 1078 pertinacius
1506 1013 1694 1058 eludunt
1728 1031 1740 1066 3
1776 1014 1885 1077 quin
1914 1013 2010 1059 imo

181 1074 697 1124 acrius-*indeffimulatae
720 1079 767 1123 in
794 1077 1006 1123 fortiores
1040 1076 1378 1139 crebrioresque
1407 1076 1702 1123 oscillationes
1735 1080 1805 1142 agi
1832 1077 1974 1124 solent
1993 1108 2012 1130 ,

180 1142 303 1190 unde
329 1142 523 1189 faciliori
555 1149 600 1189 &
629 1142 898 1208 promptiori
928 1141 1149 1205 sanguinis
1169 1147 1215 1187 δε
1234 1142 1410 1205 limphae
1436 1141 1718 1187 circulationi
1748 1142 2011 1189 consulitur..

183 1208 320 1254 Haud
340 1208 476 1270 igitur
495 1209 658 1254 mirum
692 1209 757 1254 est.
779 1206 1067 1253 causticorum
1088 1205 1298 1252 facultate
1319 1204 1602 1270 semi-putres
1628 1222 1773 1271 partes
1791 1241 1804 1260 ‚
1829 1224 1924 1271 quae
1952 1205 2015 1253 ad

178 1272 415 1319 interitum
446 1273 773 1336 praecipitantur
791 1305 803 1325 ‚
822 1287 923 1317 utam
956 1273 1105 1335 aperte
1127 1269 1321 1318 discerni
1349 1270 1404 1317 ab
1430 1271 1616 1334 integris
1635 1304 1648 1324 ,
1675 1288 1768 1335 quae
1797 1272 2012 1319 videntur

183 1336 293 1383 inde
308 1341 523 1398 majorem
543 1340 792 1382 vitalitatem
811 1335 1010 1400 adipisci.

250 1409 345 1462 13⁰.
379 1405 442 1446 At
468 1401 580 1447 vero
604 1401 826 1466 hocopus
844 1434 857 1454 ,
882 1401 953 1446 hic
981 1399 1110 1447 labor
1142 1402 1203 1447 est
1232 1415 1322 1446 tam
1350 1414 1480 1445 cauto
1503 1398 1802 1464 prudentique
1823 1397 2014 1445 confilio

174 1465 473 1512 causticorum
501 1467 600 1522 *vim-
618 1467 704 1518 ‚'ac
731 1483 971 1529 gangraenae
1008 1464 1225 1512 ferociam
1246 1471 1290 1511 δε
1312 1465 1572 1512 densitatem
1592 1462 1801 1510 conferre
1832 1469 1878 1510 δε
1904 1481 2016 1528 pen⁴

181 1529 276 1577 sare
295 1564 307 1582 ,
335 1546 383 1576 ut
400 1528 545 1594 neque
565 1531 858 1578 imbecilliora
878 1531 1062 1576 caustica
1080 1530 1406 1576 admoveantur
1425 1563 1437 1581 ,
1455 1547 1549 1592 quae
1568 1528 1816 1593 putredinis
1841 1545 2014 1592 partem

182 1596 392 1641 intastam
413 1601 458 1641 δέ
481 1597 528 1640 in
554 1600 702 1658 jugem
724 1595 827 1640 mali
850 1594 1058 1641 fomitem
1090 1593 1301 1641 ceffiiram
1327 1594 1608 1656 relinquant3
1647 1610 1791 1656 neque
1814 1593 2014 1646 acriora,

180 1675 278 1723 quae
300 1658 418 1705 sanas
437 1676 581 1723 partes
598 1659 753 1705 frustra
774 1658 1018 1705 absumant.
1053 1659 1140 1705 Sed
1160 1660 1208 1705 in
1233 1675 1320 1705 tam
1340 1659 1552 1723 praecipiti
1574 1657 1692 1703 malo
1713 1656 1887 1720 gravius
1904 1675 2015 1720 pec-

182 1740 359 1771 caretur
387 1724 565 1770 defectu
585 1725 718 1787 quam
738 1724 907 1771 exceliii
926 1742 937 1777 3
958 1724 1159 1787 adeoque
1182 1739 1229 1769 ut
1257 1722 1557 1768 incolumitati
1580 1721 1829 1767 consulatur
1847 1755 1860 1773 ‚
1882 1721 2014 1767 satius

178 1791 244 1836 est
262 1789 380 1835 sanas
399 1805 542 1853 partes
567 1790 840 1853 aliquatenus
859 1788 1049 1835 erodere
1076 1787 1187 1834 dura
1221 1788 1386 1852 pietate
1402 1821 1414 1840 ,
1433 1787 1568 1852 quam
1592 1803 1875 1850 gangraenam
1898 1786 2015 1834 radi-

182 1853 299 1901 citus
317 1871 410 1900 non
429 1854 651 1918 extirpare
681 1853 899 1918 culpanda
922 1853 1326 1899 commiseratione.

250 1927 344 1975 140.
374 1917 598 1965 Caeterum
631 1919 709 1965 ubi
738 1918 931 1982 primum
957 1918 1099 1964 inustae
1128 1916 1316 1973 escharae
1343 1914 1532 1960 ambitus
1567 1913 1704 1960 rubro
1734 1913 1903 1960 circulo
1931 1913 2015 1960 cir-

177 1982 371 2030 cumseri
406 1999 472 2029 tus
508 1983 817 2031 observabitur
846 2016 859 2036 ‚
895 1982 1115 2028 indicium
1152 1983 1212 2028 est
1243 1978 1573 2045 gangraenosam
1606 1995 1779 2043 partem
1814 1979 2016 2025 cohibita

184 2047 286 2102 labe
313 2047 338 2093 εὶ
370 2001 570 2108 (Pubjeffikis
601 2048 798 2114 partibus
816 2081 828 2100 ,
855 2065 949 2111 quae
980 2047 1160 2109 integrae
1181 2044 1280 2092 sunt
1299 2080 1311 2098 ‚
1339 2044 1539 2108 sejungi,
1569 2043 1838 2107 potiffimsim
1864 2042 1893 2088 si
1917 2060 2015 2107 quae

183 2113 347 2159 maturi
367 2114 482 2177 puris
504 2130 635 2176 guttae
655 2113 931 2160 intermediae
950 2128 1146 2157 manent.
1172 2115 1303 2157 Tunc
1324 2109 1474 2172 itaque
1493 2110 1639 2154 crustae
1661 2108 1859 2172 delapsus
1877 2109 2017 2172 quam

185 2177 384 2225 c-itiffime
422 2195 685 2242 procuretur
716 2212 728 2231 ‚
776 2186 835 2222 1⁰.
877 2176 1112 2223 Escharam
1149 2175 1468 2226 scarificando,
1496 2188 1544 2218 ut
1573 2172 1850 2219 emollientia
1885 2173 2015 2219 altius

181 2254 426 2307 ‘penetrent
446 2277 459 2295 ,
486 2248 533 2289 &
558 2243 656 2308 puri
676 2242 824 2289 subtus
842 2241 997 2289 latenti
1017 2241 1088 2287 via
1113 2240 1204 2286 fiat.
1234 2246 1293 2286 2⁰.
1323 2237 1487 2285 Oleosa
1513 2242 1559 2283 δε
1590 2237 1773 2302 pinguia
1792 2237 2015 2284 adhiben-

185 2307 247 2353 do
267 2341 279 2359 ,
304 2306 464 2370 quibus
485 2310 623 2354 crusta
647 2308 901 2354 emolliatur
923 2312 968 2353 &
990 2307 1211 2352 relaxetur
1231 2339 1243 2358 ‚
1262 2321 1310 2350 ut
1328 2302 1537 2362 butyrum
1554 2336 1567 2354 ,
1589 2320 1841 2348 cremorem
1864 2301 1982 2348 ἰαθεὶς
1997 2335 2012 2356 ,

181 2371 265 2417 ovi
291 2371 495 2418 vitellum
510 2406 522 2424 ,
542 2373 720 2436 adipem
746 2371 918 2417 suillam
934 2404 947 2422 ,
973 2370 1239 2433 digestivum
1256 2369 1439 2430 vulgare
1460 2366 1638 2430 simplex
1661 2366 1732 2413 vel
1753 2367 1830 2412 ovi
1857 2367 2012 2413 vitello

184 2451 484 2498 temperatum
510 2441 596 2482 &c.
629 2445 692 2498 30.
719 2436 766 2482 Si
794 2436 931 2480 nimia
957 2434 1006 2478 sit
1035 2433 1170 2497 partis
1187 2433 1398 2480 mollities
1417 2465 1429 2483 ‚
1455 2430 1693 2496 pinguibus
1721 2429 2013 2476 admiscendo

186 2517 240 2548 ea
261 2500 482 2552 remedia,
501 2517 594 2563 quae
617 2500 672 2546 ad
691 2500 978 2564 putredinem
1005 2498 1157 2545 valent
1176 2531 1190 2554 ,
1219 2515 1267 2545 ut
1291 2499 1529 2544 tindkuram
1550 2495 1621 2541 vel
1640 2494 1873 2559 pulverem
1892 2512 2012 2556 myr-

189 2564 278 2610 rhae
304 2580 378 2609 aut
398 2564 530 2610 aloe's.

253 2637 346 2691 150.
384 2627 571 2675 Eschara
587 2626 724 2674 semel
752 2628 927 2692 delapsa
951 2628 1073 2675 ulcus
1108 2628 1312 2694 superstes
1332 2661 1343 2679 ‚
1364 2626 1393 2671 si
1429 2623 1636 2671 foetidum
1663 2624 1713 2669 fit
1729 2656 1741 2676 ‚
1771 2623 1944 2670 eluatur
1964 2628 2012 2670 δε

183 2691 394 2739 foveatur
418 2694 572 2758 primis
589 2693 746 2740 diebus
768 2694 953 2740 decocto
983 2694 1183 2740 radicum
1203 2691 1486 2738 aristolochiae
1510 2689 1709 2735 rotundae
1731 2721 1742 2740 ,
1769 2688 1839 2735 vel
1872 2687 2011 2734 folio-

184 2773 285 2802 rum
305 2757 477 2804 a'bfintii
496 2792 509 2809 ,
532 2758 670 2804 ruthae
687 2792 698 2810 ‚
724 2757 887 2804 scordii
907 2764 992 2804 δίε.
1024 2758 1134 2822 aqua
1157 2757 1288 2804 calcis
1304 2790 1316 2808 ,
1339 2754 1528 2801 tinctura
1554 2754 1742 2815 myrrhae
1768 2752 1840 2800 vel
1867 2754 2011 2807 alo'c's;

186 2838 268 2885 pro
290 2820 467 2868 diverso
487 2823 732 2887 putredinis
752 2822 906 2885 gradu.
936 2824 1207 2886 Detergatur
1226 2820 1389 2866 deinde
1411 2835 1639 2882 unguento
1659 2818 1920 2881 AEgyptiaco
1940 2817 2013 2864 vel

186 2886 483 2949 apostolorum
503 2920 515 2938 ,
539 2903 611 2932 aut
643 2887 860 2948 digestivo
888 2887 1090 2948 vulgari,
1122 2887 1194 2932 cui
1226 2885 1413 2930 tinctura
1444 2884 1515 2929 vel
1549 2883 1691 2946 pulvis
1719 2881 1906 2942 myrrhae
1937 2882 2010 2929 vel

186 2951 303 2994 alo'c's
324 2950 504 2995 admista
527 2951 621 2997 sint.
654 2950 846 2996 Demum
868 2950 945 2995 usu
977 2949 1156 2996 balsami
1191 2949 1333 2995 Arcaei
1349 2982 1361 3000 ,
1383 2955 1428 2994 δε
1448 2948 1476 2992 si
1495 2965 1604 3010 opus
1623 2946 1672 2991 fit
1694 2980 1704 2997 ‚
1726 2944 1909 2992 balsami
1938 2947 2010 3001 vi·-v

185 3014 291 3060 ridis
308 3015 575 3060 Metensium
595 3014 650 3059 ad
666 3013 903 3078 perfectam
918 3015 1172 3060 cicatricem
1191 3013 1434 3060 deducatur
1455 3046 1466 3064 ,
1487 3027 1535 3057 ut
1556 3011 1658 3056 artis
1676 3013 1749 3056 est.

256 3096 270 3123 1
283 3086 348 3124 6⁰.
375 3079 598 3126 Caetercun
618 3096 674 3125 ne
690 3079 969 3142 negligantur
986 3079 1158 3125 interna
1174 3078 1370 3125 remedia
1388 3112 1398 3129 ‚
1421 3076 1572 3122 saltem
1591 3092 1832 3139 gangraenae
1851 3075 2010 3130 initio,

185 3143 293 3190 dum
320 3145 472 3190 omnia
489 3144 675 3198 periculi
695 3144 823 3209 plena
845 3143 958 3190 sunt.
990 3149 1145 3206 Itaque
1164 3139 1193 3188 fi
1216 3143 1376 3189 nimius
1397 3142 1445 3187 sit
1473 3141 1693 3204 sanguinis
1722 3143 1838 3186 aestus
1855 3175 1866 3192 ,
1897 3159 2010 3188 vena

185 3208 398 3257 tundatur
426 3210 474 3257 in
503 3209 688 3257 brachio
709 3243 723 3264 ‚
744 3210 886 3274 largus
916 3225 1045 3276 potus
1064 3209 1309 3275 imperetur
1339 3226 1394 3256 ex
1422 3207 1614 3257 decoffis
1643 3205 1791 3250 herbis
1819 3205 2011 3269 refrige7

1613 3272 1667 3320 M
1680 3288 1727 3316 m
1749 3270 1800 3335 iij
