2477 3643
626 121 1421 176 L122121V.CA1·111
1491 134 1655 180 XII.
1927 144 2024 203 217·

195 199 472 250 crucibulum
498 197 603 264 igne
629 201 823 248 candens
843 234 855 253 ,
875 200 1099 266 finitisque
1117 202 1467 268 projectionibus
1488 210 1673 257 materia
1694 211 1767 261 sex
1789 216 1911 268 horis
1931 223 2021 271 cal-

194 281 382 314 emetur.

252 331 406 377 Postea
434 329 591 376 educta
611 330 815 377 materies
843 331 889 377 in
919 332 1149 396 pulverem
1173 332 1399 396 redigatur
1420 335 1528 384 dum
1551 339 1695 394 calet,
1731 348 1777 389 ὃ(
1804 364 1881 410 per
1906 351 2020 400 seta.’

189 412 319 440 ceum
342 397 519 455 trajecCta
540 396 823 442 contineatur
842 397 888 443 in
907 397 1008 445 vase
1027 398 1172 446 vitreo
1193 398 1332 465 probe
1353 399 1564 450 obturato
1582 439 1596 459 ‚
1618 423 1673 452 ne
1693 425 1912 476 concepto
1933 415 2019 463 hu..

188 478 318 506 more
347 459 646 523 colliquescat.

251 524 391 570 Libra:
419 525 603 570 cuilibet
624 524 801 585 hujusce
820 526 1014 590 pulveris
1035 526 1254 590 supposito
1275 528 1377 592 igne
1403 531 1551 596 tepide
1574 532 1754 583 calentis
1781 538 2017 590 affundan-

190 604 260 633 tur
280 589 488 652 guttatim
516 608 634 654 aqua:
654 590 891 654 spirituosae
911 592 1184 637 cinnamomi
1212 593 1241 658 ᾗ
1261 598 1319 656 vj.
1354 594 1523 662 semper
1542 599 1753 663 agitando
1773 604 1881 651 dum
1903 626 2015 672 aqua

191 652 327 700 affusa
352 654 525 719 penitus
547 656 832 702 exhalaverit.
1592 658 1598 665 ’

252 722 517 784 praeparatus
539 721 588 766 ea
611 721 783 767 ratione
818 721 960 785 pulvis
989 722 1043 768 ab
1065 716 1331 769 Antimonio
1352 725 1662 791 diaphoretico
1697 749 1788 778 non
1818 734 1915 781 loto
1939 738 2013 784 vix

186 782 354 830 differt.
381 785 625 831 Dicebatur
646 787 669 831 a
691 791 867 832 Rotrou
885 790 1025 850 pulvis
1047 786 1143 832 suus
1162 791 1322 849 liquam
1341 828 1355 843 ,
1378 809 1570 855 quocum
1590 795 1801 844 miscebat
1823 801 1897 846 ille
1918 804 2013 865 pul-

184 853 341 895 'verem
367 851 643 913 putaminum
673 868 867 896 ovorum
902 851 1045 915 probe
1071 852 1352 916 laevigatum‚
1375 873 1510 919 quem
1538 862 1750 922 pulverem
1782 866 2009 922 alkalt'num

185 914 450 978 appellabat.
569 962 571 964 ,
1820 913 1825 917 ”

240 979 438 1025 Puer-ulis
454 978 639 1042 quidem
657 979 810 1044 primis
832 980 989 1028 diebus
1005 980 1246 1027 exhibebat
1272 983 1505 1046 pulverem
1530 986 1775 1050 liquantem
1799 993 1854 1039 ad
1875 1012 2010 1057 grana

182 1042 246 1103 iij.
283 1043 348 1090 bis
380 1044 427 1089 in
445 1044 517 1090 die
533 1077 545 1096 ,
568 1049 613 1090 &
640 1045 870 1109 pulverem
890 1047 1167 1109 putaminum
1188 1046 1266 1092 ovi
1300 1049 1354 1093 ad
1376 1066 1442 1112 gr.
1463 1050 1509 1109 ij.
1545 1053 1717 1101 Adultis
1749 1058 1858 1104 verb
1885 1062 2010 1123 prio-

184 1125 281 1154 rem
302 1108 533 1171 pulverem
553 1108 607 1154 ad
643 1126 710 1173 gr.
747 1115 804 1173 vj.
835 1111 1024 1158 alterum
1053 1111 1107 1158 ad
1130 1127 1196 1174 gr.
1218 1129 1259 1158 v.
1292 1113 1339 1159 in
1373 1113 1569 1178 utrisque
1604 1117 1742 1167 dofim
1777 1120 2010 1176 succeffiv&

185 1173 394 1238 deinceps
420 1173 641 1239 augendo.

1031 1287 1052 1329 I
1092 1288 1147 1334 V.

268 1391 528 1439 anffl
566 1394 1029 1444 Amzxmnnne,
1080 1408 1186 1438 SEU
1240 1407 1470 1442 POTIUS
1523 1412 1913 1451 PURGANTEs.

235 1513 292 1553 131.
326 1501 580 1546 Nncleornm
598 1500 830 1546 Indicorum
850 1536 864 1553 ,
882 1500 976 1560 five
993 1515 1214 1564 granorum
1248 1502 1359 1546 Tilli
1376 1500 1402 1546 ἃ
1415 1505 1693 1566 putaminibus
1718 1512 2004 1563 mundatorum

326 1564 405 1609 lib.
440 1568 451 1626 j
470 1563 515 1609 ss.

236 1631 543 1674 Contetantut
565 1628 611 1672 in
634 1629 793 1691 pastam
822 1629 1112 1674 tenuiffimam
1133 1629 1180 1674 in
1201 1629 1419 1676 mortario
1440 1649 1695 1682 marmoreo
1721 1654 1821 1686 cum
1850 1640 2004 1705 ligneo

176 1692 337 1756 pistillo
353 1727 366 1746 ‚
395 1711 447 1738 ex
470 1692 557 1757 qua
576 1692 691 1756 pasta
720 1692 859 1739 denso
882 1694 1022 1740 linteo
1044 1691 1249 1740 conclusa
1276 1694 1425 1741 oleum
1444 1700 1570 1760 quod
1597 1699 1705 1746 inest
1726 1701 1904 1753 fortiter
1924 1726 2006 1755 ex„

174 1775 407 1823 primatur.

249 1823 428 1870 Deinde
447 1824 560 1887 pasta
580 1835 836 1867 conteratur
856 1821 1017 1868 iterum
1045 1820 1313 1887 supet-affusis
1336 1823 1470 1886 guttis
1504 1825 1674 1890 aliquot
1705 1829 1879 1894 spiritst's
1911 1835 2004 1882 sul--v

168 1888 281 1935 furis
301 1906 377 1952 per
401 1904 659 1951 campanam
681 1886 902 1938 distillari,
922 1888 1177 1950 iterumque
1204 1905 1255 1933 ex
1278 1889 1471 1934 contrita
1495 1892 1764 1954 exprimatur
1793 1897 2002 1959 superstes

171 1955 321 2000 oleum
342 1987 355 2006 ‚
385 1951 440 1998 sic
480 1952 689 2014 deinceps
718 1953 964 2015 repetendo
996 1953 1141 1999 donec
1178 1953 1328 1999 oleum
1361 1972 1495 2001 omne
1531 1958 1775 2019 expreffum
1808 1963 1894 2010 effe
1930 1966 2001 2012 vi·-

170 2020 345 2066 deatur.
2002 2017 2004 2020 ’

231 2087 362 2130 Tunc
394 2083 508 2147 pasta
542 2079 780 2128 exficcetur
806 2082 905 2128 aere
935 2080 1080 2129 libero
1099 2116 1112 2136 ,
1139 2081 1353 2130 exsiccata
1372 2082 1419 2128 in
1448 2082 1680 2147 pulverem
1701 2105 1966 2141 extenuetur
1985 2107 2004 2148 ,¹

168 2168 219 2195 ac
247 2167 325 2212 per
347 2148 567 2194 setaceum
587 2146 846 2198 trajiciatur.

232 2210 676 2276 Trajecfitipulverisg
696 2214 752 2272 vj.
769 2210 1033 2271 adjiciantur
1053 2209 1212 2256 radicis
1226 2211 1450 2274 Viperinae
1469 2209 1542 2259 seu
1564 2215 1884 2279 Contrayervae
1905 2223 1997 2270 vir*

162 2278 356 2342 ginianae
373 2278 420 2322 in
447 2277 679 2341 pulverem
709 2275 891 2321 mclach:
922 2275 1030 2339 {itm
1063 2276 1240 2322 Tartari
1260 2275 1349 2321 albi
1382 2277 1428 2322 in
1448 2279 1678 2340 pulverem
1702 2285 1884 2331 contriti
1901 2287 1962 2352 {j
1985 2308 1996 2334 :

167 2344 338 2390 Omnia
357 2341 493 2406 probe
513 2341 709 2387 invicem
730 2340 954 2385 commista
971 2340 1017 2384 in
1038 2339 1137 2387 vase
1158 2339 1312 2403 parum
1333 2340 1423 2387 alto
1446 2342 1520 2388 sed
1540 2344 1629 2390 oris
1648 2346 1818 2394 latioris
1837 2384 1849 2402 ‚
1869 2354 1995 2413 quod

158 2407 478 2472 superextensa
498 2405 621 2451 tenui
640 2404 725 2449 tela
753 2404 1002 2450 obducatur
1021 2438 1033 2456 ‚
1055 2423 1130 2468 per
1157 2423 1294 2451 unum
1328 2422 1401 2451 aut
1429 2407 1615 2454 alterum
1641 2412 1839 2459 mensem
1859 2432 1995 2479 expo..

165 2490 328 2519 nantur
370 2470 460 2516 a‘e'ti
492 2469 636 2515 libero
653 2502 666 2521 ,
691 2468 738 2512 in
774 2469 878 2514 loco
908 2469 998 2531 quo
1026 2468 1182 2516 solares
1209 2470 1323 2516 radii
1350 2488 1440 2517 non
1467 2474 1715 2537 attingant,
1743 2479 1894 2525 omnia
1919 2481 1996 2526 sae..

165 2537 263 2602 pius
284 2537 328 2583 in
344 2536 417 2581 die
433 2532 735 2580 succutiendo.
754 2534 859 2591 Qui)
881 2533 1044 2580 diutius
1062 2535 1205 2598 pulvis
1222 2534 1298 2581 ille
1315 2537 1404 2581 a‘e‘ri
1418 2539 1672 2601 exponitur,
1688 2541 1742 2586 eo
1763 2543 1914 2590 mitior
1927 2546 1996 2594 fit.

228 2606 292 2648 Ex
323 2601 404 2646 illo
419 2599 602 2663 pulvere
621 2616 722 2644 cum
742 2597 880 2644 affusis
911 2600 1044 2661 guttis
1062 2600 1233 2662 aliquot
1254 2600 1347 2645 vini
1370 2600 1600 2664 Hispanici
1617 2604 1761 2651 diluto
1793 2606 1905 2654 fiunt
1922 2611 1993 2673 pi-

163 2666 260 2714 lulae
278 2667 365 2713 five
392 2666 486 2711 boli
514 2664 662 2727 exigui
687 2681 926 2726 granorum
953 2664 997 2726 ij.
1030 2665 1101 2711 vel
1130 2665 1193 2728 ii).
1224 2666 1301 2728 qui
1320 2665 1366 2710 in
1396 2669 1493 2712 a'e're
1513 2665 1728 2716 siccantur
1754 2676 1799 2717 δέ
1820 2671 1868 2718 in
1891 2674 1991 2723 vase

158 2733 308 2779 vitreo
328 2730 475 2777 clauso
497 2729 728 2776 servantur
749 2728 804 2775 ad
822 2727 964 2773 usum.

223 2797 302 2843 Vis
322 2796 561 2841 cathartica
581 2811 824 2858 granorum
841 2794 948 2839 Tilli
971 2793 1128 2840 residet
1149 2795 1417 2859 potissimum
1438 2796 1484 2842 in
1505 2798 1654 2845 oleos&
1669 2816 1791 2863 parte
1807 2819 1818 2854 ·‚
1835 2820 1989 2865 quams-

163 2862 324 2909 obrem
345 2861 448 2906 oleo
470 2860 708 2922 diligenter
726 2857 926 2922 expresso
946 2877 1150 2911 amurca,
1169 2879 1263 2922 quae
1281 2860 1469 2924 superest
1485 2895 1498 2915 ,
1535 2865 1676 2910 multo
1696 2865 1839 2911 minus
1873 2869 1989 2917 acris

162 2930 224 2974 est
244 2946 255 2978 3
276 2925 400 2970 caute
423 2941 573 2970 tamen
593 2924 730 2970 velim
748 2939 795 2968 ut
812 2922 1078 2969 adhibeatur
1095 2956 1107 2975 ‚
1129 2930 1173 2969 ὃς
1192 2926 1239 2969 in
1258 2925 1372 2970 illius
1398 2927 1588 2973 remedii
1626 2927 1703 2975 usu
1744 2947 1830 2992 prae
1858 2948 1988 2987 caeteff

164 2993 222 3038 tis
240 2990 368 3054 supra
389 2988 619 3052 propositis
638 2987 807 3032 summa
827 2987 1067 3048 requiritur
1085 2987 1130 3032 in
1152 2988 1339 3034 Medico
1356 2990 1606 3053 prudentia.

225 3054 354 3103 Dosis
379 3056 439 3100 est
464 3054 486 3099 εὶ
516 3070 583 3115 gr.
601 3052 648 3113 ij.
680 3052 733 3096 ad
761 3068 826 3114 gr.
847 3055 935 3110 xvj.
965 3069 1066 3097 cum
1086 3052 1298 3099 conserva
1315 3054 1513 3116 qualibet
1532 3072 1606 3103 aut
1632 3056 1777 3122 firupo
1808 3061 1988 3122 (Ῑιιονίς,γ

164 3121 359 3170 Minima
384 3118 460 3164 illa
485 3117 578 3163 dost
597 3151 609 3169 ‚
639 3116 662 3161 a
683 3116 766 3179 qua
790 3116 959 3179 semper
980 3117 1284 3182 incipiendum
1306 3120 1364 3164 est
1380 3153 1394 3170 ‚
1417 3119 1578 3167 blande
1605 3139 1763 3186 purgat
1781 3156 1794 3176 ,
1819 3130 1864 3169 ὃς
1882 3127 1986 3189 qui.-

162 3188 269 3238 dem
292 3186 355 3234 ita
374 3183 537 3232 blande
553 3217 567 3241 ,
588 3197 635 3230 ut
661 3181 851 3233 remedii
881 3179 1075 3235 efficacia
1105 3183 1416 3249 promovenda
1434 3183 1483 3232 lit
1500 3186 1576 3240 die
1600 3187 1758 3239 eadem
1783 3206 1984 3251 enemate

1658 3255 1696 3307 G
1716 3269 1741 3316 3
1767 3270 1794 3318 g
1980 3248 1985 3256 ‘
