2477 3643
591 143 1682 207 anzn111.CA1·111-v111.‘
1917 177 2028 218 261⁴.

191 262 195 265 »
228 232 311 292 7³.
335 236 455 280 Dum
474 230 565 278 haec
586 230 851 278 universalia
877 229 924 275 in
942 233 1067 280 usum
1084 234 1357 283 advocantur
1376 271 1389 289 ‚
1408 238 1566 301 topicis
1580 239 1702 289 simul
1725 243 2018 299 insistendum·

171 299 260 351 tst,
280 315 373 362 quae
402 299 533 362 partis
563 297 708 343 labem
743 296 983 357 corrigant.
1014 299 1325 356 Quamobrem
1356 301 1386 347 si
1419 303 1626 367 phimosis
1664 307 1771 354 adsit
1796 312 2007 377 glansque

172 362 330 411 aretius
348 379 640 426 contegatur,
669 367 682 420 (
697 370 751 422 a)
783 359 938 423 cljstere
967 367 1216 410 auriculario
1247 369 1350 411 inter
1379 385 1465 413 eam
1493 385 1692 432 cutemque
1723 375 1930 432 instrenda
1957 379 2006 437 est

174 429 246 474 vel
268 445 380 491 aqua
400 445 507 492 pura
539 427 715 490 tepida3
740 427 811 472 vel
842 424 1009 489 ptisana
1032 446 1085 474 ex
1116 428 1304 476 decocto
1337 431 1498 478 hordei
1526 467 1539 485 ‚
1564 436 1637 480 cui
1668 436 1926 486 dilsolutum
1955 442 2006 488 fit

175 492 262 539 mel
293 492 546 543 rosaceum,
568 507 641 536 aut
673 509 725 537 ex
756 491 942 536 decocto
975 493 1134 538 radicis
1162 494 1319 539 altha’a:
1341 530 1352 548 ‚
1378 497 1447 541 cui
1479 497 1625 545 semen
1646 500 1788 564 psyllii
1809 503 2005 552 infusum

170 555 307 602 fuerit
328 575 339 609 ;
358 557 427 604 vel
445 575 556 619 aqua
585 556 714 601 calcis
744 554 995 601 dilutiflima
1031 576 1130 602 cum
1151 559 1341 605 admistis
1369 561 1539 624 aliquot
1562 562 1754 612 sacchari
1775 571 2005 617 Saturnini

172 621 344 684 grani53
365 637 410 667 ut
427 621 642 684 quicquid
661 620 860 666 sordium
881 618 959 664 sub
978 619 1188 685 praeputio
1214 624 1320 670 latet
1336 658 1348 676 ,
1371 626 1543 673 eluatur
1559 661 1571 680 ‚
1591 630 1741 677 ulcera
1759 632 2004 680 deteroan-

173 699 244 730 tur
264 719 275 737 ,
293 685 516 750 phlogosis
533 702 802 750 temperetur
817 718 830 736 ,
849 684 1029 730 demum
1048 703 1094 732 ut
1125 688 1362 750 rigidiores
1385 690 1505 737 fibrae
1526 693 1778 743 relaxentur
1798 702 1844 744 &
1862 672 2008 747 entol-

169 749 350 796 liant-ur.

227 815 290 860 3⁰.
328 815 373 861 Si
406 814 515 861 verb
544 814 665 877 glans
692 813 735 860 in
758 814 1051 878 paraphimosi
1084 815 1307 863 denudata
1335 817 1411 870 fit,
1433 818 1523 865 levi
1557 820 1847 889 suspensaque
1868 844 2006 876 manu
2052 872 2057 875 .

169 877 365 931 decoctis
396 879 554 925 iisdem
581 878 830 924 identidem
848 881 1038 926 eluenda
1060 887 1103 926 δέ
1122 880 1318 927 fovenda
1334 916 1346 934 ‚
1365 885 1514 930 ulcera
1530 884 1696 949 singula
1722 893 1924 939 accurate
1948 893 2009 940 ab>

173 945 300 990 omni
320 961 425 1008 pure
446 944 758 1006 abstergenda,
777 944 918 989 tutliia
936 946 1006 991 vel
1028 945 1198 991 cerussa
1214 948 1455 1010 pulveratis
1470 949 1766 1015 inspergenda
1781 989 1793 1007 ‚
1814 958 2006 1021 compli-

170 1009 257 1054 cati
280 1009 485 1074 ‘praeputii
520 1026 633 1071 ruga:
665 1007 912 1069 fingulatim
941 1011 1198 1056 everi-endec
1218 1045 1228 1061 ,
1249 1027 1296 1056 ut
1323 1011 1514 1058 deti-aeia
1543 1014 1747 1078 spurcitie
1776 1022 1903 1084 poffit
1932 1023 2005 1071 in-

169 1073 416 1119 flammatio
440 1074 561 1119 tanto
581 1072 753 1118 facilius
774 1073 1106 1136 promptiusque
1128 1074 1289 1121 resolvi
1308 1078 1379 1122 vel
1399 1075 1550 1124 saltem
1566 1083 1748 1128 remitti.
2004 1074 2007 1079 .

227 1147 292 1195 9⁰.
326 1142 383 1184 At
403 1138 433 1182 si
453 1139 522 1184 vel
542 1138 587 1183 in
609 1137 778 1182 summo
800 1138 999 1201 praeputii
1020 1138 1162 1184 limbo
1191 1140 1236 1184 in
1255 1140 1440 1203 phimofi
1456 1176 1468 1193 ,
1485 1144 1556 1188 vel
1577 1145 1631 1190 ad
1655 1145 1800 1194 balani
1820 1149 2004 1200 dorsum

166 1219 240 1248 aut
267 1221 480 1250 coronam
500 1236 512 1254 ‚
534 1202 789 1265 praeputiive
810 1200 996 1248 fraenum
1020 1219 1093 1248 aut
1115 1221 1241 1266 rugas
1271 1205 1317 1249 in
1345 1207 1638 1270 paraphimosi
1667 1211 1786 1259 bulla
1820 1214 1893 1261 seu
1916 1216 2000 1277 hy-

164 1267 278 1313 datis
298 1268 552 1331 limphatica
573 1282 771 1328 emergat
787 1300 798 1318 ,
821 1285 954 1329 quam
974 1268 1110 1330 vulgo
1126 1269 1417 1329 crystallinam
1435 1272 1592 1318 dicunt
1606 1308 1617 1325 ‚
1634 1275 1755 1322 locus
1771 1278 1997 1328 fovendus

164 1334 224 1377 est
252 1333 438 1378 demeto
457 1331 618 1377 hordei
646 1349 744 1376 cum
765 1332 895 1377 melle
917 1332 1098 1378 rosaceo
1113 1367 1125 1384 ,
1145 1334 1255 1379 laste
1275 1335 1348 1379 cui
1373 1334 1506 1382 flores
1523 1336 1719 1385 sambuci
1750 1349 1795 1387 δε
1815 1343 2011 1390 είιαιῃεεέ

167 1398 273 1442 meli
310 1398 474 1443 incoffi’ci
505 1395 618 1447 sint,
654 1396 767 1458 aqua
789 1397 919 1441 calcis
949 1415 1050 1443 cum
1079 1397 1286 1444 saccharo
1319 1402 1560 1447 Saturnino
1589 1437 1600 1455 ‚
1632 1405 1738 1451 vino
1771 1409 1925 1471 tepido
1955 1409 2008 1456 in.-

168 1479 260 1523 quo
282 1461 449 1508 ferrum
470 1461 662 1524 ignitum
683 1461 926 1506 extintfifflm
948 1461 1086 1508 fuerit
1103 1496 1115 1515 ‚
1138 1479 1211 1508 aut
1241 1463 1352 1526 aqua
1377 1465 1474 1510 vitae
1505 1470 1791 1531 camplioratii
1822 1478 1908 1517 δίε.
1939 1472 2005 1520 le·-

163 1528 292 1571 niora
317 1526 483 1572 scilicet
512 1525 582 1572 vel
603 1525 793 1571 fortiora
812 1526 1043 1589 seligendo
1061 1561 1074 1580 ‚
1095 1544 1229 1592 prout
1248 1529 1484 1576 necroseos
1504 1533 1752 1595 periculum
1769 1538 1907 1583 matris
1928 1537 2003 1586 vel.

165 1590 312 1636 minus
334 1608 496 1653 urgere
517 1589 759 1635 videbitur.
1841 1580 1869 1600 Ο

234 1664 330 1700 100.
358 1658 401 1701 Si
420 1655 547 1700 urina
568 1656 696 1717 parce
713 1688 725 1706 ,
745 1653 967 1700 laboriose
983 1689 995 1706 ‚
1030 1655 1264 1701 dolorifice
1293 1658 1522 1705 emittatur
1542 1693 1554 1712 ‚
1574 1677 1647 1707 aut
1676 1662 1704 1707 si
1737 1662 1837 1710 cum
1865 1667 2002 1712 emit-

168 1719 304 1772 titur,
321 1738 419 1779 pars
442 1719 589 1764 subter
616 1719 876 1783 praeputium
899 1720 1146 1783 regurgitet
1161 1753 1172 1772 ‚
1194 1722 1374 1784 expedit
1394 1724 1441 1768 in
1471 1740 1661 1789 utroque
1689 1727 1788 1773 casu
1809 1748 2000 1779 cannam

161 1783 417 1848 plrimbeam
434 1800 747 1847 argenteamve
765 1784 1016 1830 tenuiorem
1036 1788 1084 1830 in
1099 1785 1326 1831 uretliram
1342 1787 1572 1835 intrudere
1589 1824 1601 1842 ‚
1622 1792 1707 1853 qua
1721 1791 1878 1840 lotium
1895 1795 2001 1842 faci-

166 1848 250 1895 lius
281 1865 435 1902 exeat,
470 1854 515 1894 &
545 1849 698 1911 aptatis
733 1848 940 1905 funiculis
972 1849 1033 1894 ita
1065 1850 1329 1903 continere,
1362 1868 1409 1896 ut
1432 1854 1547 1899 elabi
1567 1856 1835 1903 nullomodo
1856 1859 1998 1923 poffit.

168 1913 425 1961 Identidem
445 1929 592 1958 tamen
612 1930 751 1958 canna
771 1912 828 1958 de
846 1912 1056 1958 industria
1081 1915 1355 1961 removenda
1373 1918 1461 1970 est,
1483 1934 1531 1964 ut
1553 1920 1740 1966 urethrae
1766 1924 1895 1970 status
1920 1942 2001 1971 ex-

159 1978 383 2043 ploretur,
404 1985 448 2024 δε
469 1994 516 2024 ut
536 1976 686 2024 sordes
702 1994 796 2040 quae
817 1977 1116 2024 adhaerescunt
1136 1979 1354 2025 eluantur.

233 2052 327 2088 11⁰.
362 2043 457 2089 Ubi
488 2042 682 2108 primum
714 2042 848 2106 partis
884 2042 1179 2088 inflammatio
1210 2044 1430 2092 remiserit
1453 2080 1464 2099 ,
1487 2046 1543 2092 ad
1568 2047 1692 2093 usum
1725 2048 2000 2100 blandorum

162 2107 484 2154 resolventium
503 2107 830 2172 properandum
850 2108 907 2152 est
922 2141 936 2159 ,
953 2125 1047 2170 quae
1066 2124 1241 2154 motum
1259 2108 1478 2173 sanguinis
1502 2117 1547 2156 δε
1567 2113 1741 2177 limphae
1757 2117 1963 2179 urgendo
1980 2152 1995 2171 ,

162 2178 210 2219 δέ
234 2172 492 2234 systalticam
521 2172 713 2236 partium
746 2174 1097 2218 contractionem
1124 2173 1406 2220 sollicitando
1423 2209 1435 2227 ,
1454 2174 1615 2222 affetstae
1634 2180 1782 2240 'partis
1810 2198 1996 2229 contex-

156 2252 253 2283 tum
288 2238 469 2301 pristinae
494 2236 693 2289 laxitati,
728 2236 964 2289 mollitiei,
1002 2237 1236 2283 ductilitati
1258 2240 1498 2285 restituant.
1528 2242 1784 2288 Laudamur
1813 2262 1866 2291 ex
1905 2247 1994 2300 hoc

160 2302 292 2348 censu
312 2303 379 2348 lac
407 2302 641 2348 decessum
658 2319 763 2347 cum
785 2300 969 2346 floribus
996 2302 1185 2350 meliloti
1199 2336 1211 2354 ‚
1230 2303 1502 2350 chamaemeli
1518 2338 1530 2356 ‚
1552 2305 1745 2352 sambuci
1765 2313 1852 2354 &c.
1873 2327 1996 2357 cata-

162 2366 324 2430 plasma
343 2385 395 2413 ex
418 2367 533 2411 mica
557 2366 678 2430 panis
696 2365 885 2428 siliginei
909 2365 1094 2411 decocta
1122 2383 1222 2411 cum
1246 2368 1355 2412 vino
1390 2368 1526 2421 rubro
1556 2387 1568 2422 3
1597 2370 1692 2434 puls
1720 2389 1773 2417 ex
1801 2362 2014 2436 quatuor?

160 2429 316 2476 farinis
354 2430 677 2477 resolventibus
705 2430 752 2474 in
785 2430 875 2475 leni
906 2429 1063 2476 lixivio
1087 2429 1413 2477 sarmentorum
1445 2436 1570 2478 coCta
1589 2467 1601 2485 ‚
1630 2435 1784 2481 addito
1809 2439 1995 2500 pulvere

160 2495 326 2541 florum
350 2494 620 2539 chamaemeli
647 2500 692 2539 δε
724 2493 915 2539 meliloti
938 2494 1130 2556 oleoque
1156 2495 1489 2543 chamaemelino
1511 2498 1633 2561 3puls
1662 2517 1716 2545 ex
1745 2499 1887 2547 farina
1924 2503 1995 2549 fa-

158 2559 317 2605 barum
338 2559 385 2604 in
405 2559 588 2605 demeto
617 2558 834 2603 foliorum
851 2557 1107 2619 hyoscyami
1126 2559 1213 2605 albi
1238 2579 1248 2613 3
1274 2560 1534 2625 cataplasma
1562 2580 1616 2607 ex
1642 2564 1756 2609 terta
1783 2567 1991 2622 cimolia,

159 2641 256 2687 quae
278 2624 325 2669 in
343 2623 629 2669 samiatorum
644 2623 731 2669 five
750 2623 1063 2669 cultrariorum
1083 2623 1216 2669 situlis
1231 2643 1284 2671 ex
1308 2625 1417 2672 ferri
1441 2632 1486 2671 δέ
1504 2627 1615 2672 cotis
1635 2630 1844 2675 ramentis
1865 2633 1991 2678 colli-

155 2690 302 2751 gitur3
319 2687 580 2752 cataplasma
599 2705 651 2733 ex
668 2687 796 2751 pulpa
816 2688 975 2733 radicis
995 2687 1190 2750 bryonia:
1206 2689 1255 2735 in
1284 2691 1395 2755 aqua
1417 2693 1547 2736 cocstae
1565 2697 1609 2737 ὃς
1624 2691 1841 2740 foliorum
1853 2696 1991 2758 hyos-

157 2753 303 2813 cyami
329 2752 406 2798 sub
430 2751 653 2799 cineribus
673 2768 999 2797 maceratorum
1017 2758 1104 2798 &c.

220 2834 234 2860 1
251 2824 313 2861 ιο,
349 2817 482 2863 Sires
500 2835 582 2880 pro
602 2817 718 2862 votis
738 2816 985 2862 successerit
1001 2851 1012 2869 ,
1032 2817 1224 2866 laxatum
1245 2818 1376 2865 semel
1401 2820 1660 2884 praeputium
1688 2823 1837 2869 versus
1865 2824 1988 2883 glan—i

155 2881 222 2928 dis
253 2880 452 2926 radicem
483 2881 642 2928 leniter
666 2881 970 2926 reducendum
999 2882 1058 2926 est
1076 2887 1122 2927 in
1145 2883 1331 2944 phimosi
1348 2918 1358 2934 ,
1379 2901 1426 2929 ut
1458 2886 1604 2930 ulcera
1629 2903 1723 2947 quae
1752 2874 1899 2933 subdis
1918 2889 1986 2934 la-

154 2945 251 2992 te’ht
268 2979 281 2997 ,
304 2945 476 3006 detergi
500 2951 545 2990 &
578 2945 784 2990 mundari
803 2943 974 3006 possint.
1002 2945 1052 2989 Id
1083 2963 1231 2992 autem
1254 2947 1424 2993 felicius
1447 2966 1688 3010 numquam
1718 2950 1949 2998 obtinetur
1968 2986 1984 3005 ,

152 3010 289 3075 quam
312 3007 341 3052 fi
362 3009 540 3054 balanus
564 3008 741 3054 summis
761 3007 911 3070 digitis
939 3008 1000 3053 ita
1019 3012 1336 3073 comprimatur
1364 3012 1607 3059 lateraliter
1624 3047 1636 3064 ‚
1657 3029 1703 3058 ut
1733 3016 1983 3063 antrorsi‘un

152 3072 386 3139 protensus
409 3073 524 3119 ultra
556 3072 774 3122 summum
809 3073 962 3119 aretati
979 3074 1178 3139 praeputii
1196 3075 1445 3140 marginem
1470 3076 1625 3125 sensim
1654 3078 1898 3127 deducatur
1935 3080 1985 3128 vi.

207 3215 296 3265 ga)
323 3211 452 3267 ⁴Celsus
469 3238 483 3261 ,
515 3211 600 3255 ibid.

1605 3272 1650 3319 K
1664 3269 1701 3318 1<
1719 3270 1771 3332 fij
