2477 3643
638 144 1442 192 LranIV.CA1³u1·
1507 145 1612 188 XI.
1760 146 1769 157 f
1925 152 2015 214 2405

189 218 326 266 fantis
344 219 472 264 status
489 216 720 265 difficilem
741 224 786 264 δε
808 218 1062 283 periculosae
1081 217 1256 282 plenam
1276 217 1373 265 aleae
1391 217 1701 283 operationem
1718 217 2022 279 dissuadeant,

188 299 399 347 tanquam
425 300 518 329 non
543 283 749 330 inutilem
777 285 915 330 modo
932 317 944 336 ,
965 283 1041 331 sed
1067 288 1111 328 δέ
1138 284 1318 330 noxiam
1337 317 1349 336 ‚
1383 282 1619 348 palliativis
1644 284 1878 333 medicinis
1912 304 2018 337 tunc

187 348 468 395 insistendum
499 349 613 401 erit,
639 365 735 411 quse
760 349 969 395 morbum
1012 348 1180 395 leniant
1218 366 1352 412 quem
1378 366 1532 394 curare
1558 365 1651 394 non
1679 348 1794 395 licet.
1825 355 1895 397 De
1925 353 2013 402 illis

183 411 360 459 abunde
375 412 541 459 dietum
556 415 614 460 est
638 413 763 477 supra
786 415 882 460 Lib.
904 419 996 461 III.
1016 429 1106 478 cap.
1129 431 1162 476 5.
1188 425 1226 472 ξ.
1245 436 1276 475 3.
1303 418 1422 460 artic.
1444 431 1481 459 2.
1509 412 1704 477 ideoque
1732 431 1788 460 ne
1805 415 2010 465 videatur

184 480 328 523 aetum
354 479 456 542 agi,
487 478 592 525 inde
633 479 769 525 velim
802 496 847 524 ut
891 494 1158 543 repetantur.
1198 479 1421 525 Caetersim
1454 478 1670 543 potiffima
1695 479 2009 540 praesentiffimi

181 542 415 589 levaminis
441 543 532 606 spes
562 543 609 589 in
631 543 832 607 opiaticis
852 542 928 589 sita
949 544 1007 590 est
1023 576 1036 595 ,
1057 542 1203 606 qualia
1224 542 1321 589 sunt
1342 544 1576 590 decoetum
1597 543 1724 589 unius
1741 561 1814 590 aut
1832 545 2010 593 alterius

182 608 335 671 capitis
361 608 590 672 papaveris
611 609 699 654 albi
719 627 729 661 ς
751 609 928 673 syrupus
948 608 1145 654 diacodii
1162 608 1233 654 vel
1256 608 1435 674 syrupus
1453 609 1511 655 de
1527 607 1697 655 karabe
1714 609 1769 654 ad
1789 609 1818 676 ᾗ
1836 609 1881 655 ss.
1910 610 2008 657 lau-

184 671 353 717 danum
379 673 433 718 ad
456 690 521 735 gr.
541 677 568 733 j.
597 674 737 737 pilulae
759 673 816 720 de
837 672 1094 736 cynogloffo
1114 673 1169 718 ad
1186 690 1251 736 gr.
1271 678 1329 735 vj.
1360 675 1548 720 tinehlra
1564 674 1771 736 anodyna
1803 674 1859 720 ad
1890 692 2004 737 gutt.

181 753 252 782 XX.
284 737 354 784 vel
379 740 495 782 xxiv.
517 756 709 801 quorum
727 738 996 801 singulorum
1028 737 1138 783 dolis
1170 757 1246 802 per
1266 739 1425 801 gradus
1450 739 1659 803 paulatim
1692 739 1893 802 augenda
1913 742 2006 795 est,

178 817 312 866 prout
339 802 522 849 morbus
540 803 833 868 ingravescit,
855 803 928 850 vel
942 802 1248 850 remediorum
1267 805 1404 850 virtus
1424 804 1658 851 hebetatur
1684 803 1975 853 assuetudine«

639 943 678 992 ς.
713 936 876 980 V111.
927 933 1204 978 ULCUS
1266 935 1545 980 UTERI.

243 1066 284 1107 V
302 1066 317 1107 Ι
338 1066 355 1107 Ι
375 1065 407 1106 Ι.
442 1060 584 1106 Ulcus
612 1060 725 1107 uteri
749 1061 914 1107 malum
932 1063 990 1107 est
1016 1061 1063 1107 in
1090 1060 1348 1108 mulieribus
1383 1080 1477 1126 quae
1503 1063 1576 1109 lue
1607 1064 1798 1111 venerea
1820 1065 1999 1113 labora-
2071 1082 2181 1122 v111,
2197 1084 2276 1125 Ut..

175 1142 337 1172 verunt
362 1126 480 1171 haud
508 1126 764 1189 infrequens
800 1145 809 1171 ε
859 1129 913 1171 Et
945 1125 1146 1189 profesto
1176 1128 1361 1189 quidem
1403 1127 1539 1175 debet
1571 1129 1685 1174 uteri
1719 1130 1882 1177 cavitas
1913 1149 2000 1197 prae
2044 1146 2126 1173 cera
2141 1138 2234 1174 uteri

178 1191 345 1237 ca‘teris
375 1191 508 1236 totius
532 1191 730 1255 corporis
758 1190 954 1256 partibus
976 1197 1021 1236 δε
1041 1192 1219 1254 gravius
1250 1198 1294 1237 Sc
1319 1191 1593 1255 frequentius
1626 1191 1740 1238 affici
1759 1228 1771 1246 ‚
1796 1196 1897 1241 cum
1929 1197 1997 1244 se-
2043 1201 2169 1240 genere
2184 1189 2278 1230 mul·-

174 1256 285 1301 mini
308 1272 521 1319 corrupto
542 1289 553 1307 ,
573 1257 696 1320 quod
716 1257 738 1301 a
758 1257 858 1302 viro
880 1255 1045 1303 infecto
1079 1256 1195 1302 inter
1231 1257 1624 1304 concumbendum
1663 1260 1883 1306 emittitur
1900 1295 1914 1315 ,
1952 1268 1999 1310 δε
2045 1253 2083 1281 ‘²
2100 1239 2194 1296 sunt*

173 1319 369 1383 primum
390 1324 435 1364 &c
453 1320 719 1383 potissimum
749 1336 911 1384 pateat.

235 1385 376 1430 Ulcus
399 1385 511 1430 uteri
538 1403 777 1432 venereum
800 1385 1026 1431 inducitur
1050 1384 1175 1431 causa
1201 1385 1380 1449 gemina
1400 1422 1411 1439 ‚
1431 1403 1591 1451 nempe
1620 1394 1679 1431 10.
1699 1390 1882 1435 Latente
1901 1406 2002 1436 ero·-

172 1447 295 1496 fione
311 1483 324 1502 ‚
345 1467 478 1513 quam
497 1450 673 1496 interna
689 1451 803 1497 uteri
821 1450 956 1497 facies
976 1450 1200 1496 contrahit
1217 1452 1272 1496 ab
1292 1452 1476 1497 admiffo
1496 1452 1583 1500 viri
1600 1451 1768 1499 semine
1781 1487 1793 1505 ,
1811 1453 1834 1498 ἐι
1853 1454 2001 1500 mens-

173 1514 282 1560 truis
306 1514 607 1561 extillantibus
624 1550 635 1568 ‚
660 1516 713 1562 ab
735 1516 925 1563 humore
948 1515 1376 1580 limphatico-lafflzeo
1394 1551 1405 1569 ,
1425 1535 1516 1580 quo
1537 1518 1685 1563 madet
1706 1523 1793 1562 &c.
1813 1518 1841 1562 si
1865 1537 2003 1566 vene-

171 1597 251 1626 reo
272 1580 482 1642 contagio
511 1581 874 1627 contaminentur
895 1600 905 1634 3
925 1581 1014 1626 haec
1036 1581 1197 1628 ulceris
1224 1580 1388 1645 species
1413 1582 1544 1627 initio
1580 1581 1653 1627 vix
1692 1582 2002 1645 dignoscibilis

172 1646 232 1691 est
250 1678 262 1697 ‚
289 1663 337 1690 ac
360 1645 579 1708 principio
599 1646 781 1708 quidem
815 1664 892 1710 pus
920 1663 1106 1711 paucum
1129 1651 1174 1691 <Sc
1192 1647 1471 1709 aequivocum
1503 1646 1697 1709 suggerit
1716 1681 1729 1699 ,
1761 1647 1836 1693 sed
1859 1650 2003 1695 tacitis

170 1708 466 1774 progressibus
494 1710 705 1773 paulatim
738 1710 918 1757 tandem
951 1710 1194 1757 invalescit.
1230 1719 1294 1756 20.
1329 1714 1656 1776 Suppuratione
1676 1745 1689 1763 ,
1724 1718 1856 1775 quam
1890 1730 2002 1775 gan-

170 1775 296 1837 glion
317 1808 329 1826 ‚
363 1790 638 1837 gummatum
656 1809 667 1827 ‚
691 1775 973 1822 tuberculum
992 1809 1004 1827 ‚
1027 1775 1168 1822 nodus
1187 1809 1199 1828 ,
1223 1776 1451 1822 atheroma
1467 1810 1479 1828 ,
1514 1777 1723 1822 steatoma
1744 1811 1756 1829 ‚
1777 1777 2002 1825 meliceris

170 1846 258 1886 δίε.
288 1840 334 1884 in
355 1839 444 1903 ipsa
466 1840 580 1885 uteri
602 1837 834 1887 substantia
855 1842 1006 1903 genita
1026 1840 1097 1886 vel
1117 1841 1238 1902 juxta
1259 1841 1418 1888 adnata
1439 1840 1698 1904 concipiunt
1715 1874 1728 1893 ,
1753 1841 1873 1887 unde
1903 1861 2004 1907 rup-

170 1904 214 1949 ta
249 1904 295 1949 in
328 1921 506 1950 uterum
527 1904 702 1952 vomica
729 1905 816 1953 sive
836 1903 1029 1952 abscessu
1054 1923 1134 1971 pus
1157 1905 1402 1971 derepente
1437 1911 1483 1952 &
1515 1904 1711 1952 ubertim
1745 1906 1939 1953 exundat
1977 1908 2002 1954 ὲ

169 1969 478 2016 muliebribus.

233 2035 359 2081 Prius
386 2033 545 2081 ulceris
581 2032 743 2080 uterini
781 2049 918 2097 genus
945 2036 1037 2099 post
1066 2033 1399 2097 hydragyrosim
1429 2032 1628 2097 legitime
1652 2033 1999 2082 administratam

168 2117 264 2146 non
283 2098 467 2146 advenit
489 2099 546 2146 de
566 2117 688 2145 novo
705 2133 717 2151 ,
744 2100 815 2146 vel
842 2098 872 2144 si
899 2099 1106 2146 adveniat
1139 2099 1290 2145 forsan
1307 2133 1319 2151 ‚
1351 2098 1504 2144 saltem
1529 2117 1621 2145 non
1642 2099 1675 2154 „a
1708 2100 1834 2145 causa
1858 2118 1998 2147 vene-

168 2165 245 2212 rea
263 2199 276 2217 ‚
296 2164 664 2229 quandoquidem
686 2164 894 2211 humores
912 2198 925 2217 ,
954 2165 1031 2226 qui
1053 2165 1098 2209 in
1116 2179 1292 2210 uterum
1314 2163 1498 2208 affluunt
1515 2196 1528 2216 ‚
1549 2163 1673 2209 nullo
1695 2181 1878 2227 peccant
1898 2183 1997 2211 am-

165 2229 280 2295 plius
305 2231 513 2293 contagio
536 2248 547 2283 3
577 2228 652 2276 sed
682 2228 709 2275 sl
743 2230 861 2276 forte
890 2229 1172 2294 praeextiterit
1192 2261 1204 2280 ‚
1226 2226 1444 2292 saepissime
1465 2227 1606 2274 eludit
1627 2228 1717 2275 vim
1740 2230 1959 2275 Mercurii
1979 2264 1994 2284 ,

166 2313 329 2360 nempe
348 2295 471 2359 quod
493 2294 651 2340 vitium
673 2294 979 2356 hujuscemodi
999 2293 1096 2339 altis
1117 2292 1314 2339 defixum
1333 2291 1553 2339 radicibus
1576 2293 1783 2357 pervicax
1814 2293 1897 2341 esse
1920 2293 1995 2341 so·-

164 2360 254 2407 leat
272 2393 284 2412 ‚
306 2360 544 2424 praesertim
564 2360 611 2404 in
630 2375 758 2406 utero
778 2358 1015 2410 muliebri,
1042 2357 1118 2421 qui
1143 2357 1277 2403 totius
1307 2357 1710 2420 corporis·sentina
1738 2359 1810 2404 est.
1846 2361 1996 2406 Poste-

164 2425 255 2471 rius
274 2425 378 2470 vero
395 2424 554 2469 ulceris
576 2440 714 2486 genus
733 2423 871 2486 potest
893 2424 986 2487 post
1003 2422 1250 2469 adhibitam
1277 2421 1636 2484 hydrargyrofim
1656 2422 1744 2468 sine
1776 2423 1892 2469 nova
1922 2424 1993 2470 se-

164 2489 295 2535 minii
315 2488 495 2535 venerei
521 2487 764 2534 accessione
791 2487 992 2534 accidere
1010 2521 1023 2540 ‚
1051 2487 1264 2534 videlicet
1282 2486 1311 2531 si
1332 2488 1535 2550 ganglia,
1572 2487 1803 2533 tubercula
1820 2521 1831 2538 ‚
1858 2505 1989 2551 gum-

163 2570 284 2601 mata
304 2558 391 2599 &c.
413 2553 572 2616 quibus
590 2552 868 2599 resolvendis
888 2553 1107 2599 Mercurii
1127 2551 1322 2599 efficacia
1342 2554 1482 2615 impar
1501 2551 1638 2599 fuerit
1652 2585 1666 2604 ,
1688 2552 1734 2597 in
1749 2551 1989 2600 abscessum

164 2619 349 2667 veniant
377 2619 447 2664 vel
469 2617 622 2682 sponte
641 2652 654 2670 ,
682 2618 751 2664 vel
772 2619 1031 2681 praepostero
1053 2617 1372 2664 resolventium
1398 2615 1490 2662 usu.

231 2684 371 2730 Porro
389 2684 511 2729 ulcus
531 2682 646 2729 uteri
674 2682 729 2728 ab
751 2682 962 2729 utralibet
991 2683 1116 2728 causa
1146 2682 1335 2747 pendeat
1354 2715 1366 2732 ‚
1401 2680 1446 2727 in
1479 2680 1570 2726 duo
1604 2696 1769 2743 genera
1800 2680 1988 2746 perinde

165 2748 546 2796 subdividendum
577 2749 634 2793 est
651 2781 663 2800 ‚
691 2748 876 2794 alterum
890 2750 1068 2812 fimplex
1099 2748 1147 2793 in
1164 2765 1254 2811 quo
1275 2763 1422 2792 uterus
1441 2751 1485 2792 &
1507 2744 1605 2809 ipsae
1629 2745 1786 2791 ulceris
1809 2764 1893 2791 orte
1914 2764 1989 2792 na-

164 2814 302 2859 tivam
325 2813 560 2858 mollitiem
580 2828 759 2859 tuentur
776 2848 789 2865 ‚
816 2813 938 2858 nullo
972 2812 1043 2859 vel
1071 2812 1162 2858 levi
1194 2811 1355 2857 dolore
1381 2826 1607 2856 tentantur
1624 2843 1635 2861 ,
1659 2815 1705 2855 δε
1726 2828 1803 2873 pus
1837 2811 1986 2856 album

163 2879 271 2925 laeve
288 2911 299 2929 ‚
320 2876 492 2940 spiffum
509 2876 789 2940 profundunt
810 2896 819 2921 z
841 2877 1044 2921 Alterum
1074 2879 1299 2935 cancrosnm
1315 2914 1328 2928 ,
1350 2875 1396 2919 in
1413 2893 1503 2938 quo
1530 2876 1552 2920 ὲ
1582 2875 1808 2920 contrario
1828 2876 1988 2921 ulceris

165 2942 359 2990 confinia
376 2975 388 2991 ‚
410 2941 501 2985 imi)
523 2946 566 2985 δε
588 2940 715 3005 ipsius
740 2941 853 2986 uteri
878 2958 973 3003 pars
994 2939 1256 2985 sKirthodea
1276 2939 1374 2984 sunt
1389 2973 1402 2990 ,
1435 2939 1591 2985 erebi-{2
1611 2945 1656 2984 δί
1686 2940 1825 2983 atroci
1847 2940 1987 2984 lanci-

166 3008 348 3057 natione
369 3004 626 3050 fodicantur
646 3038 657 3056 ‚
681 3023 728 3050 ac
751 3005 932 3068 demum
951 3022 1027 3067 pus
1046 3004 1256 3049 emittunt
1283 3021 1469 3066 paucum
1488 3038 1499 3055 ‚
1528 3002 1783 3048 ichorosum
1801 3037 1813 3055 ‚
1842 3002 1986 3050 sanio-

165 3073 262 3120 sum
282 3107 293 3124 ‚
323 3069 534 3117 serosum.
563 3069 685 3115 Prius
705 3069 860 3115 ulceris
881 3085 1016 3132 genus
1047 3069 1145 3114 raro
1162 3102 1175 3122 ,
1209 3068 1419 3132 posterius
1441 3069 1547 3115 vero
1579 3085 1819 3131 numquam
1843 3068 1986 3117 sanari

171 3135 446 3202 experientia
474 3151 752 3198 compertum
773 3135 843 3180 est.
1989 3190 1991 3193 ι

226 3205 288 3249 At
316 3198 609 3248 nihilominus
634 3215 781 3248 tamen
797 3233 810 3253 ,
832 3197 931 3246 cum
950 3213 1106 3246 natura
1124 3197 1273 3263 morbi
1289 3231 1302 3253 ‚
1323 3198 1400 3262 qui
1418 3197 1463 3246 in
1482 3196 1657 3244 occulto
1680 3199 1738 3243 est
1756 3231 1767 3249 ‚
1789 3198 1983 3263 perses&
2071 3209 2259 3262 Qnivia

1582 3264 1615 3307 E
1629 3279 1651 3310 e
1668 3280 1692 3311 e
1720 3266 1770 3326 ιι]
