2477 3643
149 1591 310 1630 Primum
326 1586 382 1634 fi·-

144 1656 257 1692 gnum
287 1655 382 1677 com-

150 1703 355 1732 memorata-

148 1759 247 1782 vum.
267 1744 387 1792 Porti,

150 1809 311 1836 vetrucae
335 1825 346 1841 ‚

146 1850 261 1887 ctistae
278 1876 290 1894 ‚
305 1861 384 1886 con-

150 1901 342 1952 dylomata

152 1951 384 2005 pudendotfi.

172 2164 382 2201 Secundum.

150 2215 346 2256 Ulcuscula

150 2267 360 2305 earumdem

151 2320 324 2374 partium.

182 2680 356 2716 Tertium.

156 2726 338 2767 Phimofis
356 2756 368 2774 ,

154 2782 386 2833 pataphimo·

154 2831 198 2870 fi>
228 2840 261 2870 ὅ(
283 2834 384 2871 bulla:

154 2886 374 2931 crystallinae.

416 156 508 204 5³0
642 146 650 152 “
749 137 862 184 DE
927 132 1312 184 MORBIS
1381 93 1909 180 vennam-5:

416 219 473 266 ab
493 215 648 266 eadem
669 217 796 265 causa
823 217 934 265 fiunt
951 250 965 271 ,
992 233 1152 281 nempe
1181 213 1204 260 a
1233 211 1445 277 contagio
1467 228 1663 260 venereo
1683 246 1695 266 ,
1716 213 1841 278 quod
1874 212 1988 279 parti
2026 213 2254 266 adhaerens

416 299 576 348 porros
599 317 611 336 ,
633 299 842 330 verrucas
859 317 872 334 ,
892 282 1040 329 ulcera
1059 299 1070 334 3
1125 278 1214 325 uod
1234 277 1438 340 sanguini
1461 275 1656 324 infusum
1676 277 1941 344 syphilidern
1961 278 2136 328 inferat.

435 345 438 348 ’
481 351 542 393 At
570 349 675 394 vero
702 347 1072 411 qualitercunque
1092 298 1213 406 iigna
1246 341 1491 388 istiusmodi
1518 341 1561 389 se
1584 341 1779 396 habeant
1798 343 1993 409 respectu
2014 344 2097 392 iuis
2115 364 2253 394 vene-

418 428 502 458 teae
521 446 533 465 ,
562 411 650 459 sive
675 429 721 458 ut
744 411 876 458 causae
893 444 905 462 ,
928 409 1015 456 five
1035 424 1083 454 ut
1103 405 1339 453 coeffectus
1357 439 1371 459 ‚
1395 407 1520 453 caute
1577 408 1736 455 etinde
1761 407 2086 456 advertendum
2114 413 2173 457 est
2203 413 2252 458 in

418 476 510 523 hoc
534 476 758 539 signorum
776 476 936 522 ordine
955 472 1185 519 contrario
1205 471 1344 518 modo
1369 425 1731 518 concludiendum
1758 470 1873 526 effe,
1906 474 2041 537 quarn
2068 475 2116 520 in
2140 494 2254 540 prae-
2278 502 2279 505 =

421 541 613 588 cedente
634 560 644 594 3
666 558 825 605 nempe
859 547 918 584 10.
945 539 989 585 Si
1009 536 1237 584 defuerint
1254 570 1267 590 ‚
1290 536 1395 582 hinc
1416 536 1535 582 luem
1556 536 1729 600 penitus
1758 538 1962 590 excludi,
1987 541 2202 602 quoniam
2222 540 2256 586 fi

424 605 558 652 causae
578 607 796 652 rationem
815 603 1005 650 habeant
1023 636 1035 655 ,
1064 618 1220 648 notum
1243 603 1301 648 est
1329 601 1454 647 causa
1475 617 1568 647 non
1599 600 1701 647 data
1728 620 1810 649 nec
1837 602 2043 650 effestum
2074 622 2256 669 quoque

424 671 524 716 dari
546 689 557 722 3
577 669 606 715 fi
635 671 741 716 vero
760 666 997 715 co'e'ffetstus
1023 667 1197 713 tantum
1211 665 1292 711 fint
1312 666 1511 727 ejusdem
1538 665 1671 711 causae
1687 699 1698 718 ,
1715 668 1882 712 constat
1898 668 2063 731 pariter
2082 671 2107 716 ὰ
2127 670 2257 717 causa
2276 696 2279 701 ¹

428 735 583 799 quavis
611 733 817 781 effeerum
848 733 1101 797 graviorem
1136 737 1181 778 ὃς
1212 729 1515 778 difficiliorem
1547 730 1704 777 frustra
1733 733 1982 795 expethari‚
2007 752 2102 797 quae
2127 734 2257 783 alteri

426 797 602 849 effectui
623 799 820 860 ejusdem
842 815 1005 845 naturae
1036 796 1109 843 sed
1130 796 1323 842 faciliori
1342 802 1388 842 δε
1409 795 1547 859 magis
1572 795 1711 842 obvio
1741 796 2035 860 producendo
2060 805 2152 859 jam
2171 801 2259 847 im-

423 882 505 928 par
538 862 688 910 fuerit.
725 872 788 910 20.
828 863 873 910 Si
902 862 1010 909 vero
1047 860 1320 927 praeluserint
1347 894 1358 912 ,
1392 861 1499 907 inde
1538 859 1708 906 tantum
1741 861 1923 925 probari
1961 861 2080 908 luem
2112 865 2259 912 adeste

422 927 545 994 poffe
563 962 574 980 ,
599 927 674 974 sed
712 946 804 974 non
839 927 1020 992 probari
1055 926 1211 974 revera
1243 925 1386 972 adesse
1402 959 1415 978 ‚
1446 925 1546 971 cum
1567 924 1706 989 posita
1729 926 1856 971 causa
1874 925 2054 973 effeetus
2072 928 2258 991 quidem

423 992 533 1056 poni
561 992 687 1056 possit
705 1027 716 1045 ‚
738 993 811 1040 sed
841 1010 934 1038 non
966 993 1179 1057 perpetuo
1213 1006 1415 1055 ponatur.
1445 989 1591 1036 Posito
1619 990 1780 1052 paritet
1817 989 1976 1037 effectu
2004 992 2179 1040 leviore
2209 999 2258 1040 δε

423 1058 564 1119 magis
585 1057 724 1104 obvio
744 1092 756 1111 ,
780 1057 907 1122 poffit
936 1058 1121 1121 quidem
1148 1056 1347 1102 similiter
1368 1055 1477 1120 poni
1508 1054 1742 1101 co'e'ffec'tus
1765 1055 1875 1102 alter
1910 1056 2107 1118 ejusdem
2131 1073 2261 1105 natu-

425 1138 513 1174 rae,
545 1140 799 1186 quanquam
832 1121 1059 1171 difficilior
1089 1139 1101 1176 3
1137 1137 1180 1168 at
1216 1121 1324 1168 vero
1358 1138 1640 1184 nequaquam
1672 1137 1845 1168 certum
1874 1119 1925 1166 sit
1952 1121 2057 1168 ideo
2083 1121 2257 1188 semper·

425 1202 555 1251 ponz

490 1251 714 1297 Caeterum
731 1285 743 1304 ‚
777 1250 1159 1314 quemadmodum
1188 1249 1314 1315 supra
1337 1249 1681 1296 demonstrativa
1700 1284 1711 1303 ‚
1733 1249 1788 1296 fic
1816 1249 1952 1298 etiam
1977 1268 2259 1299 commemo·
2297 1244 2307 1255 ³

425 1315 569 1362 sativa
601 1315 720 1378 signa
749 1317 911 1363 ordine
932 1316 1097 1379 singula
1121 1320 1222 1377 jamg
1244 1313 1570 1362 recensebimus
1587 1349 1599 1367 ‚
1628 1315 1790 1361 additis
1816 1316 1930 1360 notis
1949 1348 1961 1367 ‚
1989 1333 2086 1379 qua:
2110 1319 2259 1381 paucis

429 1380 636 1426 indicent
649 1398 812 1444 quanta
828 1381 875 1426 sit
897 1381 1171 1444 lingulorum
1191 1381 1383 1443 gravitas
1401 1414 1412 1431 ‚
1431 1380 1585 1442 quanti
1604 1381 1792 1443 proinde
1806 1380 2061 1425 faciendum
2076 1380 2124 1426 fit
2138 1382 2259 1429 testi-

427 1446 630 1491 monium
664 1446 788 1510 quod
820 1464 873 1492 ex
901 1445 1076 1509 lingulis
1103 1444 1281 1491 seorsim
1309 1445 1412 1492 elici
1444 1446 1583 1509 potest
1603 1478 1614 1496 ‚
1644 1461 1776 1508 atque
1805 1444 1917 1491 adeo
1938 1462 2153 1507 quantum
2174 1447 2260 1494 luis

426 1527 628 1558 veneteae
654 1512 901 1575 periculum
922 1510 975 1557 ab
995 1528 1266 1573 unoquoque
1286 1510 1581 1556 denuncietur
1599 1510 1646 1555 in
1668 1509 1845 1573 singulis
1865 1509 2046 1555 cafibus.

489 1579 646 1638 Itaque
678 1580 712 1621 Ι.
745 1580 917 1639 Signum
953 1578 1355 1622 commemorativum.
1392 1575 1547 1626 Porri,
1592 1592 1816 1626 verrucae,
1841 1575 2002 1626 cristae,
2035 1574 2258 1635 condylo-

427 1655 574 1692 mata,
607 1638 830 1693 satcoses,
867 1657 961 1703 quae
997 1639 1044 1685 in
1074 1639 1345 1703 genitalibus
1383 1638 1664 1686 succrescunt
1698 1642 1793 1704 post
1825 1638 2051 1703 impurum
2091 1656 2263 1686 concu-

430 1703 592 1750 bitum.

484 1768 745 1815 Monuit-nus
760 1768 886 1833 supra
903 1768 998 1814 Lib.
1016 1773 1105 1816 III.
1124 1775 1261 1833 Capp.
1283 1785 1321 1825 9.
1340 1767 1390 1813 (ῥ’
1408 1784 1470 1814 10.
1485 1768 1693 1814 morbum
1714 1767 1902 1814 localem
1915 1767 2032 1815 inter
2045 1784 2268 1816 venereos

429 1834 601 1880 nullum
621 1834 757 1879 alium
775 1834 860 1880 effe
884 1867 895 1885 ,
924 1834 995 1879 cui
1016 1832 1193 1897 syphilis
1218 1831 1378 1878 certius
1397 1831 1600 1879 succedat
1618 1868 1629 1885 ‚
1653 1833 1753 1879 cum
1778 1834 1898 1879 virus
1921 1833 2153 1879 admissum
2177 1851 2262 1880 nec

429 1898 592 1945 effluxu
613 1932 624 1951 ‚
647 1898 1057 1962 nec‘suppuratione
1078 1898 1165 1942 ulla
1184 1914 1288 1943 tunc
1305 1914 1557 1944 evacuetur.
1586 1898 1753 1944 Verum
1776 1898 1940 1944 caeteris
1964 1897 2140 1962 paribus
2157 1915 2262 1960 gra-

430 1963 526 2009 vius
543 1963 789 2026 periculum
805 1963 1012 2008 imminet
1030 1996 1042 2014 ‚
1064 1960 1094 2006 sl
1116 1961 1423 2008 excrescentiae
1450 1962 1695 2008 istiusmodi
1718 1962 1861 2025 plures
1880 1968 1926 2008 &
1947 1967 2136 2023 majores
2160 1961 2262 2009 fue-

431 2027 522 2073 rint
541 2061 553 2077 ,
584 2027 611 2071 fi
633 2025 800 2072 acutius
828 2026 1052 2071 doluerint
1069 2059 1082 2077 ‚
1114 2025 1144 2070 fi
1162 2025 1303 2071 fraeno
1335 2025 1581 2072 insederint
1599 2060 1611 2078 ‚
1638 2026 1667 2071 sl
1692 2026 1965 2071 increverint
1992 2026 2175 2073 celerius
2192 2060 2206 2080 ,
2229 2025 2264 2073 fi.

429 2090 591 2138 omissis
613 2091 822 2137 remediis
842 2090 1005 2137 diutius
1027 2091 1233 2152 neglect->e
1252 2089 1335 2134 sint
1355 2095 1441 2135 &c.
1473 2091 1630 2136 contra
1651 2090 1759 2136 vero
1777 2090 1916 2136 levius
1936 2125 1947 2142 ,
1969 2090 2000 2136 fi
2023 2090 2157 2137 secus.

494 2161 563 2203 11.
604 2155 843 2201 Ulcuscula
872 2154 1082 2201 cancrosa
1119 2160 1165 2200 ὃς
1187 2155 1549 2218 phlystaenodea,
1579 2155 1740 2219 quibus
1773 2156 1989 2218 genitales
2014 2172 2156 2220 partes
2187 2155 2268 2211 inq

428 2220 640 2268 festantur
663 2220 716 2266 ab
739 2221 916 2284 impuro
933 2219 1189 2266 concubitu.

491 2285 729 2331 Ulcuscula
757 2302 949 2332 venerea
968 2302 1104 2348 grave
1135 2283 1383 2348 periculum
1403 2282 1573 2347 semper
1592 2281 1859 2329 denuntiant
1887 2282 2043 2328 futurae
2078 2283 2264 2347 syphili-

432 2350 500 2396 dis
518 2385 530 2402 ‚
553 2350 652 2396 cum
678 2350 796 2395 virus
817 2349 994 2396 uberius
1013 2365 1243 2414 acceptum
1268 2348 1398 2412 parca
1418 2347 1730 2412 suppuratione
1756 2347 1886 2393 educi
1906 2364 2049 2393 totum
2069 2348 2142 2393 vix
2162 2347 2263 2412 pos-

430 2415 481 2460 sit
498 2435 509 2467 3
529 2414 825 2478 graviffimum
845 2415 952 2460 vero
971 2414 999 2459 fi
1020 2416 1142 2478 plura
1160 2447 1171 2465 ,
1189 2431 1296 2460 cava
1314 2446 1326 2464 ,
1354 2414 1440 2458 lata
1459 2446 1470 2464 ‚
1493 2412 1802 2476 phagedaenica
1819 2446 1832 2463 ‚
1854 2411 2035 2458 rebellia
2061 2411 2230 2458 fuerint
2244 2443 2265 2466 ,

431 2479 460 2525 s1
482 2481 694 2544 praeputio
721 2485 766 2526 δέ
796 2479 1034 2543 praesertim
1060 2478 1200 2525 fraeno
1232 2478 1476 2523 adstiterint
1498 2511 1510 2529 ,
1536 2476 1566 2522 si
1590 2477 1842 2540 aegrotantis
1876 2477 2155 2523 cunctatione
2189 2476 2264 2524 vel

431 2543 636 2590 socordia
660 2545 858 2591 remedia
889 2543 1043 2590 omissa
1072 2543 1154 2589 sint
1173 2576 1185 2594 ,
1214 2542 1242 2586 fi
1269 2541 1396 2588 febre
1426 2541 1768 2605 superveniente
1798 2541 2053 2606 suppuratio
2081 2559 2264 2588 exaruea

430 2609 489 2655 rit
509 2643 520 2662 ‚
547 2608 577 2654 sl
596 2609 728 2655 callus
747 2606 942 2655 difficilis
971 2609 1132 2655 curatis
1163 2607 1393 2652 ulcusculis
1415 2605 1607 2669 superfit.

505 2678 608 2719 ΙΙΙ.
651 2677 826 2720 Tumor
862 2671 1220 2738 phlegmonodes
1250 2672 1322 2716 vel
1348 2671 1654 2734 phlegmono-
1671 2669 1978 2715 oedematodes
2027 2668 2174 2715 balani
2214 2672 2267 2715 δε

432 2737 631 2801 praeputii
656 2738 703 2782 in
734 2739 840 2783 viris
871 2756 882 2790 3
916 2739 963 2783 in
993 2737 1189 2782 foeminis
1212 2736 1321 2782 vero
1346 2736 1487 2780 vulvae
1509 2739 1554 2780 δέ
1576 2734 1674 2780 ostii
1699 2735 1868 2797 vaginae
1885 2767 1898 2786 ,
1925 2733 2045 2781 unde
2078 2734 2268 2798 phimoq

429 2801 506 2854 fis,
531 2801 870 2866 paraphimofis‚
894 2801 1021 2848 bullae
1044 2800 1294 2862 crystallinae
1313 2805 1401 2845 &c.

491 2870 558 2912 Ut
583 2883 732 2912 tumor
765 2866 840 2914 ille
870 2884 970 2912 cum
1003 2864 1233 2913 ulcusculis
1261 2863 1387 2910 causa
1406 2897 1417 2915 ‚
1438 2862 1493 2909 fic
1520 2880 1621 2908 cum
1642 2861 1799 2908 iisdem
1833 2861 2051 2925 gravitate
2077 2877 2266 2925 quoque

431 2931 655 2978 consentit
673 2949 685 2985 3
706 2931 777 2978 vel
803 2931 831 2976 si
861 2931 1081 2996 discrepat
1096 2965 1108 2984 ,
1137 2931 1183 2976 in
1203 2947 1257 2976 eo
1277 2927 1448 2974 tantum
1468 2926 1685 2991 discrepat
1707 2926 1828 2990 quod
1848 2926 2027 2990 gravior
2046 2925 2094 2971 fit
2114 2960 2127 2978 ,
2148 2944 2263 2988 qua-

432 2995 558 3042 tenus
579 2994 810 3059 supprimit
829 2996 1156 3042 ulcusculorum
1176 2993 1536 3059 suppurationem
1554 3026 1566 3045 ,
1597 2991 1682 3055 qua
1705 2991 1842 3055 posset
1870 2991 2007 3037 multa
2036 3008 2133 3055 pars
2153 3005 2258 3035 con⁴

431 3061 536 3122 tagii
563 3060 693 3106 educi
719 3095 730 3111 ‚
751 3066 796 3106 &
818 3061 996 3108 illorum
1018 3059 1259 3108 detersloni
1281 3059 1420 3105 obstat
1442 3092 1455 3109 ,
1475 3057 1561 3120 qua
1582 3056 1822 3103 virulentia
1841 3055 2035 3117 contagii
2055 3053 2260 3099 mitesce·

430 3140 514 3170 ret.
557 3123 779 3171 Caeterum
818 3127 1063 3187 periculum
1098 3124 1235 3170 debet
1269 3124 1388 3169 varie
1423 3121 1622 3166 aestimari
1652 3138 1733 3184 pro
1764 3121 1950 3166 tumoris
1976 3116 2257 3172 intensione,

431 3188 687 3236 exrenfione
702 3222 714 3241 ‚
738 3188 1032 3239 diuturnitate
1046 3223 1062 3245 ,
1084 3187 1319 3239 virulentia
1333 3220 1348 3242 ,
1375 3185 1576 3253 phlogosi
1594 3190 1640 3234 δε
1658 3185 1801 3254 gradu
1823 3183 1960 3234 febris
1981 3181 2255 3249 symptoma-

431 3249 526 3302 Kicae
538 3282 553 3302 >
569 3270 662 3315 quae
683 3252 877 3302 advenit.
