2477 3643
445 143 541 203 ‘148
812 144 918 189 DE
980 139 1921 191 MORBISVENEREIS.
2264 200 2266 203 .

447 226 589 276 debili
603 225 947 273 introducantur
962 225 1236 277 exhaland03
1257 222 1439 270 demum
1454 241 1645 290 utroque
1660 226 1796 272 modo
1808 224 2123 289 aegrotantibus
2136 213 2273 274 valde

445 291 737 340 incommoda
766 325 779 344 ‚
817 308 865 337 ut
892 291 970 355 qui
993 293 1091 337 aestu
1110 291 1252 338 nimio
1278 305 1545 335 torreantur.
1589 290 1700 337 Inde
1727 289 1892 336 factum
1924 306 1972 336 ut
2014 291 2189 355 pridem
2220 287 2270 337 in

434 357 789 406 desuetudinem
809 356 998 404 abierint
1018 388 1029 407 ‚
1057 373 1139 402 nec
1172 359 1258 416 jam
1285 371 1482 416 unquam
1515 353 1810 401 adhibeantur
1827 389 1840 407 ‚
1871 355 1948 400 nisi
1972 353 2188 401 summum
2215 355 2272 401 ad

445 440 620 490 partem
639 421 832 484 aliquam
865 418 1176 484 particularem
1209 416 1468 464 suffiendam
1487 452 1500 470 ‚
1531 417 1561 463 fi
1594 417 1775 465 skirrho
1794 453 1807 471 ‚
1829 418 2012 466 exostosl
2032 453 2045 472 ,
2088 420 2236 467 ulcere
2256 452 2272 473 ‚

449 503 676 554 gummate
696 519 708 538 ‚
738 501 811 530 aut
837 484 997 530 dolore
1022 501 1217 530 venereo
1245 480 1416 528 difficili
1434 482 1722 529 labor-aventi

513 557 577 598 11.
607 552 733 597 Idem
762 548 903 595 ferme
928 548 1145 609 judicium
1182 548 1239 594 de
1266 548 1421 593 ceratis
1449 548 1538 593 sive
1569 548 1808 611 emplastris
1841 548 2176 595 mercurialibus
2204 547 2276 595 fea

446 617 638 664 rendum
672 616 730 661 est
760 631 813 659 ex
838 614 1005 658 laudato
1038 616 1184 676 capite.
1217 612 1341 658 Licet
1374 612 1496 658 eni-m
1525 612 1669 657 minus
1697 613 1879 676 periculi
1910 612 2105 659 habeant
2139 613 2276 676 quam

446 681 698 743 suffumigia
718 712 729 730 ‚
751 693 944 723 attamen
970 694 1116 739 neque
1143 680 1313 737 majore
1343 675 1514 740 pollent
1534 674 1728 722 efficacia
1745 711 1758 729 ,
1791 695 1936 741 neque
1969 677 2278 724 salivationeit'i

447 762 634 793 movent
655 741 908 789 feliciorem
929 760 938 786 3
959 740 1328 804 quandoquidem
1350 741 1487 786 atomi
1519 741 1801 787 mercuriales
1830 742 2102 788 craffioribus
2126 747 2170 787 &
2189 759 2277 788 un-

447 809 637 874 guinofis
665 807 995 871 emplastrorum
1030 806 1226 870 partibus
1254 804 1409 851 arstius
1445 805 1626 852 irretitae
1645 839 1657 858 ‚
1691 822 1775 851 nec
1808 804 2016 853 fristione
2043 805 2132 852 ullz‘i
2151 840 2163 858 ‚
2195 806 2277 853 sed

447 877 595 922 calore
615 873 707 918 solo
729 871 930 935 corporis
959 872 1156 917 excitatae
1179 875 1224 916 &
1253 871 1420 934 parcius
1441 876 1485 917 &
1508 869 1667 916 lentius
1695 870 1816 915 intro
1837 869 2038 916 subeunt.
2071 870 2203 917 Adde
2231 876 2279 917 δε

445 937 760 1002 :egrotantibus
781 935 1070 982 incommoda
1090 934 1175 981 esse
1197 968 1209 988 ‚
1243 952 1353 998 quos
1389 935 1496 981 inde
1528 934 1630 996 angi
1657 950 1827 979 certum
1847 937 1906 981 est
1927 934 2073 981 calore
2091 969 2103 987 ,
2128 935 2275 998 pruri-

445 1005 549 1066 gine
567 1037 580 1056 ,
601 1003 716 1049 varis
732 1035 744 1053 ,
773 1000 1028 1064 erysipelate
1048 1034 1060 1051 ,
1087 999 1181 1044 imo
1200 998 1444 1044 furunculis
1469 1033 1480 1052 ,
1520 1014 1704 1062 propter
1725 999 1909 1045 nimiam
1941 999 2275 1063 emplastrorum

450 1068 707 1115 acredinem
725 1099 737 1118 ‚
762 1081 835 1110 aut
863 1063 1196 1129 perspirationis
1215 1063 1551 1110 inhibitionem.
1580 1063 1689 1109 Ideo
1714 1067 1802 1123 jam
1821 1064 1991 1110 dudum
2020 1064 2074 1109 ab
2093 1064 2280 1110 univer-

444 1131 523 1179 sali
554 1149 709 1179 eorum
731 1129 808 1175 usu
836 1129 1024 1175 delitum
1055 1131 1114 1175 est
1134 1162 1145 1180 ,
1168 1147 1313 1192 neque
1340 1132 1424 1187 jam
1449 1146 1499 1174 ea
1527 1128 1762 1173 admoveri
1782 1146 1977 1192 unquam
2001 1128 2144 1174 solent
2161 1121 2274 1181 ,ᾓίίῖ

446 1199 502 1243 ad
524 1213 718 1243 tumores
739 1193 990 1241 skirrhosos
1007 1229 1020 1248 ‚
1043 1194 1259 1241 exostoses
1275 1228 1287 1247 ,
1320 1209 1546 1256 gummata
1577 1197 1663 1238 &c.
1692 1192 1738 1239 in
1762 1210 1885 1259 parte
1916 1193 2107 1259 quadam
2139 1193 2279 1258 parti-

446 1262 583 1309 culari
613 1259 893 1307 resolvenda.

524 1331 626 1372 ΙΙΙ.
662 1329 792 1370 Unus
811 1326 870 1370 est
891 1323 1231 1369 linimentorum
1253 1319 1327 1368 seu
1356 1339 1688 1386 unguentorum
1726 1321 1821 1368 usus
1841 1356 1853 1374 ‚
1885 1322 1931 1367 in
1964 1341 2054 1386 quo
2083 1339 2281 1387 optatam

450 1409 543 1437 tum
573 1389 833 1436 facilitatem
850 1422 862 1440 ,
885 1404 980 1433 tum
1005 1386 1246 1433 efficaciam
1279 1388 1365 1433 una
1394 1388 1590 1451 reperire
1622 1390 1693 1435 est.
1723 1390 1968 1449 Unguenta
1993 1388 2113 1434 enim
2140 1393 2281 1449 maj0-

448 1474 541 1502 rem
572 1455 853 1500 minoremve
890 1452 1109 1515 recipiunt
1146 1453 1363 1497 Mercurii
1393 1452 1689 1515 quantitatem
1723 1468 1770 1497 ut
1803 1451 1927 1497 lubet
1957 1469 1969 1505 ς
2004 1453 2281 1515 inunguntur

449 1521 505 1567 ad
533 1519 675 1565 dolim
694 1553 705 1572 ‚
725 1535 819 1581 quae
841 1518 1019 1563 videtur
1048 1517 1193 1569 utilis3
1217 1517 1429 1580 repetitur
1456 1518 1655 1562 inunctio
1685 1534 1768 1581 pro
1796 1516 1873 1561 usu
1893 1536 1904 1567 3
1924 1516 2088 1562 nullam
2111 1518 2156 1562 in
2179 1515 2282 1563 cute

449 1585 686 1631 uredinem
707 1583 899 1629 excitant
919 1615 931 1633 ,
950 1581 1026 1626 sed
1045 1581 1100 1626 ad
1119 1581 1338 1629 summum
1359 1582 1503 1628 levem
1532 1588 1576 1627 δέ
1608 1581 1814 1643 fugacem
1843 1581 2038 1627 calorem
2058 1599 2070 1633 3
2097 1584 2281 1627 Mercu-

451 1648 579 1695 riales
601 1648 738 1694 atomi
756 1647 802 1692 in
824 1645 1062 1708 unguentis
1079 1645 1173 1690 laxe
1196 1645 1390 1708 ligantur
1411 1679 1424 1698 ,
1445 1646 1719 1692 extricantur
1735 1644 1866 1690 facile
1884 1679 1896 1696 ,
1915 1644 2164 1692 fricationis
2184 1664 2283 1693 rno-

451 1729 499 1759 tu
520 1713 604 1759 alte
637 1712 874 1774 adiguntur
904 1717 990 1756 &c.
1021 1709 1137 1755 Usus
1156 1727 1264 1769 ergo
1291 1711 1632 1757 linimentorum
1654 1709 1982 1756 mercurialium
2003 1711 2167 1757 caeteris
2186 1728 2284 1756 oni-0

451 1778 581 1824 nibus
608 1775 903 1841 praeferendus
932 1772 1017 1826 est,
1048 1790 1095 1820 ut
1122 1773 1222 1819 sane
1252 1776 1419 1820 constat
1454 1780 1540 1836 jam
1571 1775 1741 1821 dudum
1770 1773 1962 1838 praeferri
1982 1809 1993 1826 ‚
2017 1792 2106 1822 non
2143 1775 2283 1821 modo

453 1843 510 1889 ad
538 1841 775 1887 curandam
815 1841 934 1887 luem
969 1856 1207 1885 veneream
1236 1872 1248 1890 ‚
1294 1857 1388 1902 quae
1418 1840 1680 1886 confirmata
1714 1844 1759 1885 δέ
1796 1838 2054 1886 universalis
2080 1840 2168 1892 est,
2207 1839 2282 1886 sed

454 1907 589 1954 etiam
615 1906 669 1951 ad
692 1904 873 1951 morbos
901 1921 1117 1950 venereos
1144 1902 1452 1968 quoscumque
1484 1904 1673 1957 locales,
1701 1902 1784 1950 seu'
1805 1902 1862 1949 ad
1884 1904 2005 1952 luem
2043 1921 2285 1952 veneream

456 1970 766 2037 particularem
789 1974 833 2014 δε
853 1969 1159 2039 incipientem.

178 2061 338 2101 Leoesin
353 2059 415 2096 ad·
520 2038 585 2080 Ut
611 2050 757 2080 autem
783 2049 1042 2097 praeparatio
1066 2038 1110 2078 δε
1132 2032 1451 2078 administratio
1482 2046 1816 2095 unguentorum
1843 2030 2086 2077 istiusmodi
2114 2031 2283 2096 optime

178 2096 414 2153 rnii's'istrandis
459 2099 705 2146 instituatur
730 2132 741 2150 ‚
762 2097 1047 2160 sequentibus
1066 2096 1237 2159 legibus
1256 2096 1455 2143 standum
1473 2098 1545 2143 est.

180 2165 403 2202 inunctioni·
529 2173 586 2211 10.
628 2162 867 2225 Eligendus
889 2161 1141 2208 Mercurius
1171 2179 1303 2225 purus
1322 2195 1334 2212 ‚
1362 2160 1385 2205 a
1415 2160 1616 2206 sordibus
1645 2165 1690 2205 &
1724 2158 2009 2222 plumbagine
2031 2159 2165 2221 quam
2191 2178 2288 2207 ma·-

179 2218 246 2253 bus
267 2217 411 2255 servan·

179 2269 243 2305 ἀφ’
462 2229 579 2276 xime
611 2228 844 2275 defaecatus
864 2260 876 2279 ‚
913 2232 958 2273 δέ
995 2225 1024 2270 fi
1051 2225 1147 2271 fieri
1180 2225 1305 2289 poffit
1337 2225 1359 2269 ὲ
1389 2225 1616 2271 cinnabari
1636 2223 1889 2275 redivivus,
1927 2240 1976 2269 ut
2010 2224 2117 2270 1nde
2147 2225 2194 2270 in
2220 2241 2289 2273 te-

461 2294 679 2342 nuissimas
702 2309 874 2338 atomos
895 2290 1018 2336 tanto
1038 2289 1209 2336 facilius
1238 2289 1460 2335 difflabilis
1488 2290 1552 2335 sit.

526 2369 588 2405 2⁰.
623 2355 958 2419 Extinguendus
990 2353 1122 2400 saliva
1154 2353 1242 2400 solfi
1267 2355 1312 2400 in
1344 2355 1557 2400 mortario
1589 2369 1712 2398 aeneo
1732 2385 1744 2404 ,
1771 2351 1842 2397 vel
1871 2349 2088 2398 summum
2117 2351 2290 2416 paucis-

461 2424 575 2470 simis
597 2421 908 2468 terebinthinae
928 2419 1090 2482 guttis,
1111 2434 1159 2464 ut
1197 2435 1343 2483 partes
1372 2418 1511 2464 laxius
1541 2416 1721 2464 irretitae
1748 2416 1804 2461 ad
1831 2417 2053 2479 pristinam
2089 2416 2284 2464 formam

461 2486 709 2553 promptius
732 2486 930 2532 redeant.

536 2562 596 2613 3⁰.
635 2549 958 2596 Admiscendus
990 2565 1092 2593 cum
1121 2546 1309 2609 axungia
1339 2545 1461 2592 suilla
1481 2578 1493 2598 ‚
1530 2543 1691 2592 insulsa
1718 2577 1731 2597 ,
1769 2560 1949 2592 recente
1982 2578 1994 2597 ‚
2036 2562 2129 2609 quae
2169 2545 2288 2592 nulla

463 2618 670 2663 acredine
689 2649 701 2666 ‚
730 2630 776 2660 ut
798 2615 821 2659 a
843 2610 1320 2674 rancidaquandoque
1346 2610 1395 2655 fit
1411 2644 1425 2663 ‚
1456 2625 1604 2656 cutem
1631 2626 1785 2655 exurat
1802 2643 1815 2662 ‚
1851 2625 1924 2655 aut
1942 2627 2070 2656 varos
2093 2609 2289 2674 prurigi-

465 2681 596 2727 κοῖος
624 2680 677 2724 ad
705 2679 897 2735 pilorum
923 2676 1093 2722 radices
1122 2675 1297 2720 excitet.
1754 2678 1759 2681 '

528 2754 595 2801 40.
631 2736 761 2804 AEgser
790 2741 1029 2787 illinendus
1054 2740 1108 2785 ad
1135 2739 1285 2801 ignem
1301 2771 1313 2789 ,
1339 2737 1417 2801 qui
1436 2736 1613 2783 flamm&
1629 2737 1781 2783 ardeat
1796 2771 1808 2789 ,
1827 2741 1873 2782 &
1895 2737 1986 2799 post
2003 2734 2288 2784 fricationem

465 2807 620 2854 liccam
642 2842 654 2860 ‚
684 2808 801 2852 unde
832 2823 929 2869 pars
950 2803 1145 2853 rubescat
1165 2836 1178 2855 ‚
1199 2820 1253 2848 eo
1273 2801 1362 2850 fine
1395 2818 1443 2848 ut
1478 2802 1578 2866 pori
1597 2801 1779 2868 amplius
1801 2816 1978 2868 pateant
1996 2833 2009 2852 ,
2037 2806 2081 2847 ὃ(
2102 2804 2288 2847 Mercu-

464 2873 581 2918 rium
602 2872 738 2935 magis
761 2870 999 2916 imbibant.

532 2948 597 3000 50.
631 2936 872 2983 Illinendus
899 2933 1136 2980 fricatione
1171 2949 1272 2978 cum
1307 2929 1501 2995 spiffiore
1527 2945 1757 2993 unguento
1778 2963 1790 2983 ,
1820 2946 1913 2977 non
1946 2928 2155 2996 penicillo
2187 2928 2289 2992 pin-

465 3003 635 3066 gendus
661 3019 760 3047 cum
786 2999 1056 3063 liquidiore3
1088 3014 1135 3044 ut
1165 2995 1448 3044 mercuriales
1475 2996 1614 3041 atomi
1644 3010 1771 3041 motu
1797 2999 1842 3040 δε
1870 2996 2016 3043 calore
2038 2993 2287 3040 fricationis

465 3067 662 3121 excitata:
693 3065 820 3110 altius
849 3077 1098 3128 penetrent.

528 3139 593 3176 6⁰.
626 3128 811 3175 Fricatio
843 3128 1004 3190 quaevis
1023 3125 1178 3173 tandiu
1207 3123 1495 3191 producenda
1512 3157 1525 3175 ‚
1549 3123 1657 3168 dum
1678 3121 1788 3168 cutis
1819 3121 1930 3169 illita
1945 3121 2150 3171 videatur
2175 3135 2279 3177 exa-3

465 3195 637 3246 'testere
666 3192 873 3244 fricando
891 3224 904 3246 2
931 3197 975 3239 ὃ(
1001 3191 1202 3239 fricantis
1228 3186 1428 3239 manibus
1461 3187 1605 3238 minus
1624 3186 1796 3237 lubrica
1813 3184 1901 3235 fiat.
