2477 3643
658 145 923 192 Ltns'n
988 146 1097 195 tv.
1167 144 1617 196 CAivtrr'IV.
1902 155 2010 216 5353*

240 225 319 276 'Sic
349 224 623 337 praestunitur
650 227 746 275 lues
771 244 993 282 venerea,
1023 229 1199 295 quoties
1225 230 1317 295 post
1337 230 1619 295 suppuratum
1640 227 1868 278 bubonem
1887 265 1900 285 ‚
1929 248 2005 280 aut

174 306 344 357 gonotr
358 310 494 339 1oeam
509 327 521 346 ‚
537 310 632 356 quae
652 293 730 339 diu
750 291 954 347 fluxerit,
975 300 1021 342 ὅ(
1040 296 1193 359 sponte
1215 293 1443 342 cessaverit
1458 329 1471 348 ‚
1492 294 1744 341 obveniunt
1758 295 1910 343 offium
1931 316 2004 344 ca-

182 358 268 403 ries
287 363 331 403 &
351 356 650 421 hyperostoses
665 392 678 410 ,
704 357 791 404 sine
809 358 935 405 causa
955 359 1182 408 manifesta
1199 394 1211 413 ‚
1232 360 1447 425 rhagades
1467 376 1679 407 manuum
1695 394 1710 412 ‚
1738 360 1887 409 ulcera
1905 361 2002 407 fau-

181 423 299 467 cium
319 456 331 475 ,
353 423 443 468 oris
458 456 469 476 ‚
492 423 653 487 palati,
674 423 846 469 narium
867 429 956 470 &c.

239 489 280 532 C
298 504 329 533 A
345 505 374 532 N
391 504 419 532 o
437 504 465 533 N
500 493 554 534 V.
587 494 618 533 S
625 491 638 532 ι’
666 505 786 534 umam
812 504 882 534 aut
906 492 1078 536 alterum
1095 487 1114 534 ὲ
1123 490 1251 553 signis
1284 489 1605 546 demonstrativis
1636 491 1848 552 aequivocis
1861 492 2001 553 prima

175 565 270 596 notae
306 552 505 598 coincidat
539 569 628 599 cum
651 569 726 597 uno
759 568 830 598 aut
862 555 988 599 altero
1004 554 1118 617 figno
1156 558 1502 601 commemorativo
1530 572 1583 600 ex
1612 555 1750 600 ordine
1774 558 2004 619 gravium,

178 632 322 678 urgens
340 621 459 661 etiam
480 617 528 661 de
544 619 607 662 lue
626 617 800 679 venereo?
817 620 1063 682 praefiamptio
1079 617 1163 676 esto.

243 679 315 724 Sic
349 678 621 743 praesumitur
650 681 740 726 lues
770 699 959 728 venerea
980 714 991 733 ‚
1013 680 1041 725 fi
1065 681 1136 725 cui
1169 683 1261 745 post
1292 700 1447 746 porros
1467 680 1745 734 ,ulcuscula,
1775 680 2006 728 bubonem

184 742 298 788 male
317 744 556 806 repressum
572 761 644 791 aut
671 746 990 806 gonorrhoeam
1005 744 1251 791 cohibitam
1267 747 1578 811 superveniant
1600 745 1877 810 ophthalmia
1895 764 2009 794 con·

176 821 326 853 tumax
355 808 445 855 sine
475 810 628 863 causa,
660 811 796 856 fistula
826 810 1072 871 lacrymalis
1094 843 1105 860 ‚
1136 809 1378 875 hypopyon
1397 845 1408 862 ,
1439 811 1652 862 tinnitus,
1688 808 1901 857 abscessus
1929 829 2007 856 au-

175 872 289 918 rium
310 906 322 924 ,
353 872 566 927 surditas3
600 874 804 937 vertigo,
833 875 1050 937 cephalaea
1077 874 1314 928 diuturna,
1344 875 1525 940 phthisis
1541 909 1553 927 ,
1581 875 1845 928 marasmus‚
1870 874 2008 922 faciei

173 937 318 1000 pallor
340 971 352 989 ‚
381 937 518 984 febris
545 939 843 986 intermittens
870 938 1061 984 difficilis
1091 944 1177 983 &c.
1222 943 1275 985 Et
1300 941 1346 985 in
1373 939 1570 985 foeminis
1594 939 1711 984 fluor
1741 939 1971 986 muliebris
1988 972 2008 992 ,.

173 1001 368 1048 sterilitas
389 1036 402 1055 ,
437 1002 615 1050 abortus
648 1003 858 1067 frequens
877 1037 891 1057 ,
921 1020 1069 1068 partus
1101 1002 1291 1050 foetuum
1320 1003 1640 1068 squallidorum
1673 1003 2011 1068 semi-putrium.

173 1068 260 1111 ἃς.
1934 1087 1936 1089 ·

236 1132 277 1175 C
296 1148 326 1176 A
347 1148 376 1176 N
399 1148 426 1175 o
448 1149 477 1177 N
517 1138 557 1178 V
576 1135 609 1176 Ι.
644 1136 676 1176 S
682 1135 696 1177 i
712 1146 834 1177 unum
851 1145 919 1176 aut
938 1132 1107 1176 alterum
1125 1130 1144 1175 ἑ
1148 1132 1277 1194 signis
1292 1131 1611 1189 demonstrativis
1629 1134 1840 1194 aequivocis
1862 1136 2004 1197 prima

172 1210 266 1240 notae
294 1211 507 1241 concurrat
529 1214 616 1242 cnm
646 1214 720 1240 nno
752 1210 822 1240 aut
849 1198 973 1239 altero
988 1197 1101 1257 stgno
1135 1201 1481 1241 commemorativo
1514 1215 1566 1242 ex
1591 1199 1730 1242 ordine
1763 1200 1942 1252 levium,
1959 1213 2005 1246 ut

175 1264 217 1304 in
247 1278 290 1303 re
309 1261 356 1305 de
375 1259 456 1322 quc}
485 1278 562 1305 non
580 1264 703 1322 liquet
726 1262 934 1322 ampliatio
961 1258 1044 1315 esto.
1932 1308 1938 1314 ¹

235 1324 308 1369 Sic
344 1323 646 1387 ampliandum
679 1325 738 1370 est
771 1329 813 1369 &
843 1322 1022 1368 ulterius
1048 1322 1367 1386 inquirendum
1398 1323 1572 1387 quoties
1600 1324 1719 1388 signa
1743 1344 1836 1389 quae
1865 1326 2007 1374 modo

174 1387 498 1440 recensuimus,
527 1394 573 1434 ὃς
603 1406 697 1451 quae
728 1387 884 1433 natura
914 1388 1141 1451 aequivoca
1167 1387 1264 1433 sunt
1287 1422 1299 1440 ,
1331 1405 1422 1432 non
1454 1407 1669 1452 apparent
1696 1392 1772 1435 nisi
1800 1393 1891 1454 post
1917 1409 2001 1454 go-

174 1452 431 1498 norrhoeam
458 1452 698 1517 benignam
716 1486 728 1506 ,
756 1452 974 1499 leviorem
990 1486 1003 1505 ,
1030 1469 1124 1516 quae
1152 1452 1231 1498 diu
1252 1452 1430 1499 fluxerit
1445 1487 1458 1506 ,
1482 1459 1526 1500 &
1549 1470 1700 1501 curata
1722 1456 1877 1520 sponte
1904 1472 2002 1503 tan-

179 1517 284 1563 dem
303 1518 540 1565 exaruerit.

234 1584 275 1627 C
292 1599 324 1628 A
343 1599 369 1626 N
391 1600 418 1627 o
441 1601 468 1628 N
506 1589 544 1627 V
560 1589 576 1628 1
594 1587 626 1627 Ι.
661 1585 713 1628 Si
744 1598 864 1627 unum
895 1596 965 1628 emt
993 1582 1163 1628 alterum
1182 1582 1200 1628 ὲ
1208 1584 1336 1644 signis
1365 1580 1682 1639 demonstrativis
1700 1588 1912 1646 aequivocis
1932 1587 2000 1644 β’-

173 1647 310 1691 cnna'ae
339 1662 434 1691 notae
470 1654 732 1708 conjungatur
760 1663 847 1691 cum
877 1664 953 1692 uno
983 1662 1052 1691 am
1083 1649 1208 1691 altero
1246 1648 1360 1710 figno
1393 1653 1735 1694 commemorativo
1766 1666 1819 1692 ex
1859 1651 1998 1696 ordine

181 1714 381 1774 gravium
397 1749 411 1765 ,
432 1726 474 1756 ut
491 1715 532 1756 in
546 1730 588 1756 re
607 1712 655 1755 de
674 1711 756 1772 qud
773 1729 849 1754 non
865 1715 987 1771 liquet
1011 1713 1219 1773 ampliatio
1238 1710 1321 1767 esto,

236 1773 304 1820 Sic
322 1775 454 1820 etiam
481 1775 780 1840 ampliandum
808 1776 866 1819 est
885 1774 913 1819 fi
931 1774 1027 1836 quis
1046 1777 1136 1837 post
1152 1792 1305 1837 porros
1322 1809 1333 1826 ‚
1359 1774 1583 1820 ulcuscula
1598 1810 1610 1827 ‚
1626 1775 1859 1823 bubonem
1879 1777 1993 1826 male

176 1840 418 1902 repressum
432 1873 444 1892 ,
474 1856 548 1886 aut
567 1839 882 1903 gonorrhoeam
911 1839 1179 1884 virulentam
1200 1839 1447 1884 cohibitam
1466 1840 1660 1886 motibus
1682 1839 1965 1904 spasmodicis
1984 1876 1998 1895 ,

177 1916 373 1949 tremore
402 1920 607 1956 artuum,
640 1901 820 1968 paralysi
840 1936 852 1955 ,
883 1903 1092 1948 asthmate
1111 1936 1123 1955 ,
1164 1902 1413 1967 haemoptoe
1432 1937 1443 1955 ‚
1473 1904 1568 1948 ruffi
1586 1938 1596 1956 ‚
1627 1905 1776 1950 cordis
1810 1907 1997 1970 palpita-

177 1966 299 2013 tione
318 2003 330 2020 ,
357 1968 566 2015 anor-exiti
585 2002 596 2021 ,
626 1967 794 2032 apepsia
814 2001 826 2019 ‚
855 1968 1105 2013 vomitione
1126 2000 1138 2018 ,
1168 1967 1402 2015 affectione
1430 1968 1852 2032 hypochondriaca‚
1881 1971 1998 2018 diar-

174 2031 298 2077 rhoefi
317 2067 329 2085 ,
351 2033 496 2078 istero
512 2067 523 2085 ,
544 2033 747 2096 hydrope
770 2031 1157 2082 &C.laboi·averit.
1973 2084 1975 2087 7

235 2098 365 2142 CAN
386 2114 413 2142 o
431 2116 459 2143 N
500 2104 568 2144 VI
589 2102 656 2143 11.
699 2103 729 2142 S
737 2101 750 2143 ι’
788 2113 909 2142 mmm
938 2111 1009 2142 ctat
1036 2099 1206 2141 alterum
1236 2095 1254 2141 ὲ
1274 2097 1400 2160 fignis
1428 2097 1750 2157 demonstrativis
1784 2103 1997 2161 aequivocis

162 2160 343 2219 ficundae
377 2161 532 2208 tantc‘cm
563 2176 655 2207 notae
683 2165 896 2207 conveniat
917 2178 1003 2206 cum
1030 2178 1106 2205 uno
1123 2174 1191 2204 ant
1213 2163 1460 2222 alterofigno
1489 2165 1835 2208 commemorativo
1852 2182 1905 2210 ex
1929 2181 1996 2209 or-

175 2225 268 2271 dine
288 2228 441 2271 tantitm
458 2229 612 2272 levium
633 2264 647 2279 ,
662 2229 785 2289 plena
807 2225 854 2269 de
871 2227 933 2270 lue
949 2223 1124 2269 venerean
1148 2223 1335 2283 absolutio
1354 2225 1438 2283 esto.

239 2290 310 2335 Sic
342 2307 456 2352 aeger
472 2290 767 2336 absolvendus
786 2290 844 2334 est
860 2321 872 2341 ‚
900 2288 929 2333 si
949 2290 1025 2334 uni
1046 2287 1215 2333 tantum
1244 2303 1318 2332 aut
1335 2287 1459 2333 alteri
1477 2287 1821 2353 symptomatum
1844 2291 2001 2338 mitio-

176 2371 275 2398 rum
295 2359 339 2400 &
361 2354 695 2417 aequivocorum
713 2388 725 2405 ,
749 2370 844 2416 quae
864 2352 1172 2416 proposuimus
1187 2354 1376 2397 Canone
1397 2353 1673 2415 praecedente
1687 2387 1701 2405 ‚
1720 2370 1866 2418 pateat
1884 2389 1897 2408 ,
1916 2373 1999 2403 nec

174 2418 314 2462 ullum
329 2418 540 2464 morbum
557 2435 799 2466 venereum
812 2416 998 2462 localem
1016 2417 1116 2461 ante
1133 2432 1337 2479 expertus
1354 2416 1488 2461 fuerit
1503 2433 1658 2480 praeter
1674 2420 1998 2480 gonorrhoeam

174 2499 308 2527 unam
325 2498 398 2527 aut
419 2483 597 2529 alteram
616 2516 630 2536 ‚
655 2483 800 2529 levem
815 2514 829 2533 ,
849 2481 1092 2545 benignam
1108 2513 1121 2533 ‚
1151 2497 1245 2543 quae
1274 2481 1482 2527 remediis
1502 2481 1703 2544 mitigata
1733 2488 1779 2528 <Sc
1802 2483 1997 2547 perfecit&

175 2563 325 2593 curata
344 2547 493 2593 suerit.

236 2615 299 2657 Ex
326 2612 456 2657 distis
488 2610 767 2657 manifestum
788 2613 846 2658 est
873 2612 934 2656 1⁰.
964 2609 1338 2673 Hydrargyrofim
1363 2610 1669 2674 imperandam
1691 2609 1773 2657 effe
1791 2612 1988 2674 quoties-

172 2694 349 2738 cunque
368 2677 491 2723 εει-[ὸ
513 2677 653 2739 liquet
674 2676 729 2722 de
748 2676 817 2722 lue
837 2675 1026 2721 venerea
1046 2694 1055 2719 :
1079 2677 1269 2738 Expedit
1289 2676 1408 2723 enim
1441 2674 1650 2721 morbum
1679 2676 1810 2739 quam
1838 2677 1993 2738 ocyffi-

172 2740 244 2787 mc
263 2740 490 2787 debellare
507 2775 519 2793 ,
547 2741 625 2803 qui
646 2741 761 2787 vires
779 2740 975 2803 acquirit
1003 2741 1168 2785 eundo.

242 2814 304 2849 20.
343 2805 718 2867 Hydrargyrosim
759 2804 1030 2862 suadendam
1061 2804 1147 2849 effe
1168 2837 1180 2855 ,
1216 2801 1569 2866 quotiescunque
1604 2803 1733 2865 gravi
1774 2804 1831 2850 de
1870 2805 1994 2851 causa

166 2869 415 2928 *conjicitur
434 2870 554 2915 luem
574 2871 711 2916 latere
736 2874 926 2931 :Neque
951 2868 1070 2913 enim
1099 2869 1146 2912 in
1177 2885 1224 2912 re
1245 2885 1339 2928 quat
1368 2869 1492 2912 mor-fi
1519 2867 1785 2928 ingravescit
1807 2887 1913 2932 opus
1935 2872 1994 2915 est

174 2933 554 2978 demonstratione
571 2967 583 2986 ,
604 2951 697 2996 qua:
721 2934 824 2996 saepe
847 2950 1089 2993 numquam
1119 2931 1302 2975 advenit
1324 2965 1334 2981 ,
1362 2931 1511 2976 saltem
1539 2948 1631 2992 quae
1655 2931 1824 2994 semper
1848 2935 1993 2979 tarde.

173 2999 305 3044 Plane
328 3000 473 3043 ruffum
495 2996 613 3043 foret
633 2997 690 3042 de
710 2995 940 3041 Medicina
962 3029 972 3046 ,
992 3012 1086 3057 quae
1107 3012 1172 3039 ars
1202 2996 1506 3051 conjectamus
1524 2997 1582 3040 est
1598 3029 1609 3047 ‚
1631 2994 1661 3039 sl
1675 3012 1830 3058 graves
1851 3003 1895 3043 ἃ
1915 3017 1988 3045 ur-

172 3078 326 3126 gentes
347 3063 604 3121 conje&urae
634 3060 815 3105 consilio
843 3059 1062 3122 capiendo
1091 3076 1184 3104 non
1209 3057 1472 3104 sufficerent.
1979 3117 1983 3120 .

245 3136 305 3188 30.
335 3125 705 3188 Hydrargyrofim
725 3123 1019 3170 omittendam
1052 3123 1136 3169 else
1154 3157 1165 3174 ‚
1192 3122 1556 3185 quotiescumque
1583 3123 1821 3187 ambigitur
1840 3126 1896 3172 de
1917 3125 1987 3176 lue

173 3192 393 3245 venerea,
427 3190 792 3256 quandoquidem
820 3188 1013 3253 probum
1043 3188 1277 3236 Medicum
1311 3205 1552 3257 numquam
1580 3189 1710 3235 decet
1738 3191 1988 3239 remedium

1609 3257 1687 3301 Tt
1722 3252 1769 3317 iij

2093 492 2219 532 Canon

2047 544 2205 595 quintus.

2049 1137 2174 1174 Canon
2192 1134 2279 1177 sex·

2046 1200 2117 1227 tus.

2044 1596 2169 1654 (fanon
2202 1595 2278 1650 sef-

2044 1658 2166 1687 timus.

2034 2106 2170 2149 'Canon
2205 2118 2279 2163 οςεῆ

2045 2174 2168 2203 taVUSoe

2041 2613 2138 2650 Hinc
2159 2614 2279 2664 liquet

2039 2680 2115 2716 quo
2146 2667 2232 2704 casu

2039 2718 2257 2770 hydrargy-

2038 2770 2126 2807 rosis
2151 2770 2270 2821 impe·

2037 2823 2147 2858 tanda
2161 2821 2217 2859 sit.

2063 2900 2155 2950 Qo
2183 2902 2272 2946 casug

2035 2949 2213 2992 suadenda

2036 3015 2188 3041 tamum.

2069 3141 2231 3182 Demum

2030 3205 2106 3244 quo
2117 3194 2206 3247 casu»
