2477 3643
680 118 1140 176 L1q122n111.
1206 115 1493 166 Canu-r
1553 121 1592 164 1:
1970 124 2068 195 *1393

239 208 343 248 ‘cum
365 199 529 261 butyro
550 198 674 246 εοξὶὲι
694 198 905 247 &infuso
932 216 1067 245 croco
1090 197 1288 244 alterata.
1322 206 1384 259 30.
1416 201 1665 248 Decotstum
1689 203 1852 253 radicis
1875 207 2063 269 althaeae3

235 282 350 329 aqua
368 264 595 330 spermatis
615 281 821 310 ranarum
839 262 1054 310 diffolutis
1078 263 1246 326 aliquot
1266 262 1462 311 sacchari
1492 266 1719 313 Saturnini
1737 271 1883 332 granis
1902 274 2065 324 levisti-

232 330 304 377 me
323 327 546 376 albescens
564 347 575 382 3
597 329 669 378 vel
691 329 757 375 lac
776 328 1005 394 caprillum
1025 328 1214 374 decocto
1234 327 1396 374 radicis
1424 329 1584 377 althaeae
1615 331 1807 379 dilutum
1838 340 1885 382 δε
1913 338 2060 389 infuso

237 410 373 440 croco
402 395 587 440 tinCtum
610 399 696 440 &c.
722 395 769 439 in
798 394 1026 441 uretbram
1054 393 1251 457 syphone
1281 392 1530 441 identidem
1551 395 1792 459 injicienda
1821 400 1921 448 sunt
1940 436 1953 456 ,
1974 404 2060 452 im-

228 457 355 523 pulsu
385 458 601 505 leniffimo
621 492 632 511 ,
659 459 864 504 minimo.

298 530 363 581 9⁰.
395 523 626 569 Conducit
659 541 838 587 quoque
865 523 963 569 usus
991 523 1192 569 internus
1226 522 1473 587 camphorae
1505 530 1551 572 &
1584 525 1779 574 sacchar-'1
1797 532 2056 589 Saturnini,

232 603 328 650 quae
348 587 557 649 anodyna
576 593 622 634 &
643 588 1019 653 anti-phlogistica
1036 586 1247 633 facultate
1267 589 1379 634 mire
1402 605 1646 654 temperant
1665 627 1677 645 ‚
1707 598 1750 639 δέ
1772 597 1914 641 aestum
1935 615 2059 644 com-⁴

228 650 425 716 pescunt.
458 651 739 718 Usurpantur
760 670 907 700 autem
937 651 1083 699 forma
1114 652 1306 716 pulveris
1324 686 1337 705 ‚
1365 654 1436 700 vel
1456 657 1589 701 etiam
1620 657 1712 703 boli
1740 676 1922 725 excepta
1944 681 2056 709 con-

225 714 354 762 serva
375 716 538 763 Horum
557 718 792 782 nymphaeae
811 752 823 771 ,
844 717 915 765 vel
939 716 1134 762 rosarum
1153 749 1164 767 ‚
1194 735 1275 762 ana
1297 717 1320 762 a
1340 735 1405 781 gr.
1429 723 1485 781 vj.
1509 721 1562 766 ad
1586 722 1618 769 Β
1638 723 1684 768 ss.
1715 723 1792 770 sed
1817 727 2055 775 cautiffime

228 780 528 828 adhibeantur
556 783 691 829 velini
710 817 722 835 ,
750 781 932 845 dosique
962 780 1146 827 minima
1166 813 1178 830 ,
1199 781 1437 844 praesertim
1466 784 1717 832 saccharum
1739 792 2053 847 Saturninum,

224 844 325 891 cum
362 846 416 892 ab
452 847 576 892 omni
604 848 721 893 noxa
748 864 840 893 non
870 862 1010 893 vacet.
1056 845 1237 892 Prodest
1258 847 1390 892 etiam
1422 866 1533 911 aqua
1553 851 1729 899 Rabelii
1755 858 1884 918 capite
1916 860 2054 904 ultimo

223 909 327 955 Lib.
362 933 405 968 4.
435 911 552 958 infra
586 911 881 960 describenda
902 945 914 965 ‚
944 910 973 956 fi
994 909 1170 975 ptisanae
1202 909 1484 975 refrigeranti
1510 915 1565 961 acl
1596 934 1766 979 gratam
1796 920 2053 970 aciditatem

226 976 437 1037 guttatim
465 976 712 1023 instilletur.

289 1048 380 1085 100.
417 1041 562 1087 Allato
590 1041 894 1088 remediorum
927 1055 1134 1103 apparatu
1169 1041 1465 1102 gonorrhoea,
1493 1043 1521 1088 fi
1558 1043 1699 1092 levior
1732 1046 1901 1102 fuerit,
1933 1051 2050 1101 intra

228 1105 392 1167 paucos
418 1105 512 1152 dies
535 1105 794 1170 plerumque
820 1119 1025 1155 curatur,
1057 1104 1259 1150 restitutis
1292 1104 1457 1153 scilicet
1490 1106 1691 1172 sanguini
1727 1115 1933 1161 naturalis
1961 1117 2053 1164 cir-

228 1167 371 1213 cuitus
397 1170 478 1216 viis
495 1203 507 1222 ‚
534 1188 582 1216 ac
608 1170 795 1235 proinde
821 1168 1010 1215 feliciter
1042 1168 1232 1214 resoluta
1252 1168 1605 1220 inflammatione
1634 1181 2052 1242 conceptaculorum

224 1231 417 1279 seminis.
453 1238 581 1280 Tunc
609 1233 974 1281 evanescentibus
1005 1233 1245 1296 derepente
1282 1233 1460 1295 dysuria
1490 1270 1503 1289 ‚
1540 1240 1802 1301 genitalium
1836 1242 2016 1294 fervore
2035 1280 2050 1301 ‚

221 1296 382 1343 dolore
400 1333 412 1350 ,
431 1298 673 1345 erethismo
693 1298 993 1361 ‚deminisque
1016 1297 1176 1343 effluxu
1196 1314 1308 1361 aeger
1335 1315 1424 1345 tam
1446 1303 1640 1364 perfecte
1663 1307 1934 1355 convalescit
1954 1343 1967 1363 ,
2000 1327 2048 1358 ut

218 1360 398 1408 dubitet
416 1363 505 1428 ipse
527 1380 863 1427 nonnumquam
884 1380 938 1408 an
959 1362 1232 1425 gonorrhoea
1256 1365 1479 1411 virulenta
1497 1367 1786 1416 laboraverit.

284 1443 300 1471 1
318 1435 378 1471 10.
414 1431 640 1475 Caeterum
666 1444 763 1475 toto
782 1427 869 1474 hoc
888 1427 1035 1492 primo
1057 1426 1207 1473 morbi
1228 1428 1367 1475 stadio
1382 1464 1394 1482 ‚
1414 1432 1537 1493 quod
1560 1433 1737 1481 brevius
1754 1451 1828 1482 aut
1846 1436 2048 1500 longius,

213 1491 392 1553 gravius
421 1509 492 1538 aut
510 1493 651 1540 levius
684 1491 768 1540 effe
798 1492 909 1539 solet
931 1511 1011 1557 pro
1044 1491 1241 1555 contagii
1261 1495 1417 1540 natura
1439 1502 1483 1541 δέ
1506 1498 1634 1562 copia
1654 1533 1664 1552 ,
1694 1516 1767 1546 aut
1794 1504 2049 1564 aegrotantis

212 1557 537 1604 constitutione
556 1559 625 1605 vel
649 1557 925 1604 continentia
946 1591 958 1609 ‚
980 1557 1242 1620 imperanda
1267 1559 1326 1604 est
1354 1560 1483 1606 diaeta
1519 1564 1663 1610 tenuis
1696 1569 1739 1610 &
1760 1566 2045 1621 humedhzm,

212 1619 426 1667 nimirum
455 1640 569 1685 aeger
602 1622 775 1685 ptisanae
804 1640 895 1669 non
927 1637 1109 1685 parcat,
1136 1620 1212 1668 sed
1247 1623 1403 1668 vinum
1434 1630 1481 1670 &
1508 1626 1701 1690 liquores
1731 1647 1884 1677 omnes
1916 1631 2044 1697 spiri-

212 1684 362 1731 tuosos
387 1703 439 1732 ex
467 1702 564 1732 toto
591 1687 670 1732 sibi
701 1685 993 1733 circumcidat
1012 1719 1023 1737 ,
1048 1686 1270 1732 exercitiis
1290 1687 1705 1739 vehementioribus
1726 1699 1770 1739 δε
1791 1699 1943 1742 veneri
1970 1715 2046 1743 va-

212 1747 375 1795 ledicat
394 1784 406 1802 ,
437 1768 485 1796 ac
514 1750 624 1797 cibis
656 1767 804 1797 utatur
833 1751 1030 1814 eupeptis
1051 1755 1094 1794 &
1116 1750 1344 1811 euchymis
1363 1786 1376 1804 ‚
1407 1755 1557 1817 quales
1586 1755 1683 1803 sunt
1716 1776 1865 1806 carnes
1890 1761 2042 1823 junio·

211 1830 309 1860 rum
333 1815 624 1861 animantium
644 1850 655 1868 ‚
677 1816 899 1880 pullorum
929 1813 1167 1877 pracsertim
1186 1847 1198 1867 ,
1217 1815 1339 1862 elixae
1369 1819 1441 1864 vel
1471 1818 1606 1866 ass'atae
1626 1855 1637 1875 ,
1673 1821 1781 1869 salsis
1808 1824 2042 1890 piperatis.

209 1895 299 1941 que
334 1880 634 1926 condimentis
654 1878 827 1945 prorsus
851 1878 1072 1942 ablegatis,

268 1948 334 1989 ΙΙ.
375 1950 426 1990 In
452 1945 588 1991 altera
621 1945 900 2008 gonorrhoeae
934 1941 1124 2008 periodo
1143 1975 1155 1994 ‚
1185 1947 1305 2005 cujus
1323 1944 1500 1994 initium
1528 1949 1792 2012 dignoscere
1822 1953 1951 2003 facile
1981 1958 2041 2005 est

206 2023 262 2054 ex
296 2008 662 2056 inflammationis
697 2008 947 2057 remiflione
967 2041 980 2060 ‚
1015 2007 1200 2076 dysuriae
1237 2010 1516 2074 mitigatione
1536 2047 1549 2066 ‚
1580 2017 1759 2063 raritate
1789 2037 1838 2065 ac
1864 2021 2039 2071 leniore

206 2071 368 2119 dolore
393 2075 667 2121 erectionum
685 2109 696 2128 ‚
718 2075 911 2137 denique
929 2072 1142 2119 liberiore
1164 2074 1342 2121 leminis
1363 2094 1436 2122 aut
1454 2077 1671 2126 seminalis
1691 2082 1885 2130 humoris
1910 2087 2039 2133 efflu-

208 2154 293 2190 xu,
324 2139 378 2185 eo
397 2139 563 2186 debent
584 2140 880 2186 indicationes
901 2155 1054 2184 omnes
1072 2137 1313 2186 collineare
1328 2173 1340 2193 ,
1360 2157 1408 2187 ut
1426 2142 1595 2189 admissi
1614 2148 1807 2210 contagii
1828 2167 1925 2213 pars
1945 2169 2039 2200 ma-

209 2201 329 2248 xima
356 2203 478 2250 facili
511 2205 737 2269 purulenti
771 2203 947 2251 seminis
977 2201 1234 2249 manatione
1263 2205 1520 2253 eliminetur
1539 2226 1551 2261 ;
1573 2225 1724 2256 caetera
1751 2214 1902 2276 portio
1936 2234 2039 2279 pur<

207 2267 415 2327 gantibus
441 2269 529 2315 alio
556 2286 808 2322 avertatur3
833 2267 1028 2331 reliquiae
1050 2266 1231 2312 tandem
1247 2302 1260 2321 ‚
1286 2268 1316 2314 si
1334 2288 1429 2334 quae
1450 2271 1569 2318 forte
1590 2273 1798 2338 supersint
1814 2311 1827 2330 ,
1848 2279 1909 2325 ita
1926 2299 2037 2344 pro..

205 2330 420 2394 fligentur
448 2351 497 2380 ac
527 2334 810 2398 corrigantur
832 2333 878 2379 vi
907 2330 1097 2380 adhibiti
1119 2334 1368 2389 Mercurii,
1396 2351 1443 2382 ut
1459 2336 1577 2383 intra
1596 2337 1854 2403 sanguinem
1877 2361 2035 2410 tragoe„

205 2395 302 2441 dias
320 2414 452 2460 agere
478 2416 726 2463 numquam
744 2397 916 2463 poffint.

262 2465 419 2524 Itaque
451 2470 510 2508 10·
542 2467 676 2527 AEger
704 2463 952 2510 identidem
977 2462 1231 2528 purgandus
1258 2464 1349 2516 est,
1381 2464 1600 2531 principio
1636 2468 1819 2531 quidem
1855 2473 2028 2522 cathara

207 2523 302 2571 tico
326 2526 562 2574 blandiore
580 2561 593 2580 ‚
619 2545 676 2575 ne
693 2526 865 2575 remissa
883 2528 1176 2574 inflammatio
1198 2529 1479 2576 recrudescat
1492 2564 1505 2583 ,
1523 2531 1643 2577 verbi
1655 2534 1797 2596 gratia}
1815 2553 1914 2582 cum
1934 2538 1964 2603 ξ
1981 2540 1994 2584 i
1998 2544 2028 2601 j,

207 2589 414 2636 medulla>
432 2591 563 2637 caffiae
584 2592 630 2638 in
652 2592 825 2639 duobus
844 2593 1011 2654 cyathis
1037 2591 1212 2656 ptisanae
1231 2593 1303 2640 vel
1322 2592 1408 2641 seri
1427 2595 1545 2641 lastis
1559 2595 1762 2660 depurati
1779 2599 1927 2646 dilutae
1945 2621 2031 2666 pro

208 2653 379 2701 duabus
403 2655 580 2702 dofibus
609 2658 728 2703 intra
753 2672 841 2704 tres
863 2657 994 2703 horas
1013 2658 1142 2702 mane
1163 2656 1385 2705 sumendis
1406 2663 1558 2721 jejuno
1578 2663 1843 2710 ventriculo.
1879 2668 2031 2714 Postea}

205 2720 317 2765 verb
345 2719 374 2764 si
406 2721 469 2767 ita
502 2721 526 2767 ὲ
566 2739 612 2768 re
640 2721 725 2769 effe
745 2721 951 2769 videatur
972 2756 984 2775 ,
1019 2722 1124 2767 addi
1154 2736 1366 2785 poterunt
1388 2723 1442 2769 ad
1472 2722 1769 2773 efficaciorem
1798 2731 2029 2779 catharfim

204 2784 479 2830 movendam
502 2785 742 2851 jalappium
770 2787 841 2834 vel
871 2786 1141 2850 diagridium
1162 2786 1217 2832 ad
1235 2803 1302 2850 gr.
1320 2805 1358 2834 x.
1379 2788 1451 2834 vel
1472 2789 1547 2851 xij.
1572 2806 1647 2836 aut
1676 2792 1820 2854 aquila
1849 2795 1948 2841 alba
1970 2796 2028 2843 ad

207 2863 274 2891 or.
300 2865 370 2893 xx.

205 2884 235 2909 ὃ
273 2919 337 2958 20.
369 2911 519 2958 Valuit
548 2914 657 2959 olim
680 2913 793 2976 apud
813 2931 967 2960 omnes
988 2947 1000 2966 ‚
1025 2916 1231 2979 valetque
1251 2913 1505 2961 etiamnunc
1527 2916 1643 2980 apud
1662 2919 1898 2967 nonnullos
1928 2922 2029 2970 usus

203 2976 449 3023 exhibendi
479 2993 718 3042 praeparata
737 2978 1025 3025 Mercurialia
1043 3012 1056 3032 ,
1080 2997 1173 3043 quae
1209 2978 1459 3025 catharticae
1482 2981 1657 3027 virtutis
1692 2985 1888 3048 expertia
1916 2987 1996 3034 sint
2012 3022 2027 3040 ‚

200 3056 249 3086 ut
275 3045 517 3088 Panaceam
538 3044 769 3105 vulgarem
786 3075 799 3094 ,
834 3041 922 3088 five
943 3044 1218 3089 Mercurium
1248 3042 1531 3090 sublimatum
1568 3045 1742 3093 dulcem
1782 3047 2025 3100 duodecim

199 3104 431 3153 laboribus
456 3106 692 3153 exaltatum
711 3125 723 3160 ·,
743 3106 999 3171 AEthiopem
1029 3109 1287 3155 mineralem
1305 3140 1318 3160 ,
1350 3106 1440 3154 five
1472 3112 1752 3168 Merbcurium
1782 3112 1942 3162 sulfure
1973 3116 2025 3163 fia

197 3186 353 3231 aarum
379 3172 627 3236 ignitione3
648 3172 929 3221 Mercurium
955 3172 1205 3224 violaceum
1224 3205 1238 3231 ‚
1266 3172 1355 3225 sive
1380 3171 1512 3224 flores
1537 3178 1876 3228 ainmoniacales
1898 3184 2028 3238 Mer2

1772 3245 1813 3299 X

2128 1963 2181 2002 11.
2200 1968 2241 2004 In
2258 1965 2316 2004 se-

2085 2016 2200 2053 cunda
2223 2030 2290 2068 pe-

2087 2067 2206 2105 riodo·
