2477 3643
130 425 230 469 Quae
250 416 357 457 vide-

131 486 191 511 tur
203 471 271 509 ess'e
283 483 364 508 om-

131 526 230 562 niurn
246 521 361 560 maxi-

133 578 193 614 me
221 588 328 613 com-

135 628 246 666 moda
275 633 310 665 &

135 679 367 732 compendio·

135 732 185 774 sa.

164 1131 284 1169 Modo
303 1141 364 1166 at·-

139 1185 307 1222 tendatur

138 1238 179 1273 ad
196 1234 343 1271 cautio-

139 1301 198 1325 nes
216 1287 367 1339 sequen-

137 1352 208 1377 tes.

401 139 497 185 2216
750 133 856 181 DE
923 131 1289 180 MoRss1s
1362 122 1859 182 VENEREIS.

407 231 455 259 ac
472 212 652 260 demum
678 225 749 259 ter>
765 211 837 259 vel
865 226 1020 274 quater
1041 209 1088 253 in
1109 207 1274 255 mense.
1305 208 1472 269 Neque
1498 207 1619 253 enim
1651 207 1784 253 ausim
1812 208 2052 273 perfectam
2068 243 2081 264 ,
2104 213 2151 259 δε
2180 227 2238 258 ut.-

408 279 530 325 aiunt
549 312 561 330 ,
581 281 813 324 curativam
842 276 958 321 istius
977 273 1228 336 stranguria>r
1250 270 1522 318 medicinam
1542 289 1736 336 unquam
1755 274 1960 338 polliceri
1978 309 1992 328 ,
2010 275 2085 325 sed
2105 277 2232 324 mer&

403 346 691 407 palliativam.

470 411 530 453 At
562 406 713 452 saltem
745 405 792 450 in
829 403 957 450 allata
996 401 1212 449 methodo
1242 400 1289 447 id
1319 400 1550 446 commodi
1570 401 1702 453 inest,
1723 405 1847 465 quod
1865 419 2081 468 aegrotans
2106 406 2233 470 poffit

410 470 501 536 ipse
527 471 605 517 sibi
624 469 837 516 medicari
858 467 1060 531 sequenti
1078 467 1274 519 ratione,
1295 469 1440 527 jacens
1458 465 1505 510 in
1529 467 1642 512 1εᾶἷο
1664 464 1865 530 supinus,
1887 470 2160 534 complicatis
2184 476 2232 516 δε

413 535 666 583 divaricatis
699 533 898 580 cruribus
916 567 928 585 ,
948 532 1167 595 virgulam
1185 548 1320 594 quam
1340 530 1526 592 elegerit
1545 564 1557 582 ,
1582 531 1685 576 oleo
1719 550 1794 580 aut
1814 535 1977 595 butyro
2007 535 2234 580 inunstam

414 601 570 648 dextra
587 617 720 645 manu
738 598 949 643 immittat
966 595 1013 642 in
1033 613 1192 661 penem
1207 629 1219 648 ,
1239 612 1373 658 quem
1392 594 1553 640 sinistra
1571 595 1785 644 continet.
1813 599 1953 646 Facile
1973 600 2156 663 quidem
2175 600 2237 645 est

414 666 529 712 hanc
562 667 681 711 resto
714 663 889 708 tramite
921 662 976 707 ad
1002 661 1197 707 radicem
1223 659 1425 706 mentulae
1454 659 1678 705 deducere
1707 692 1718 711 ,
1750 662 1826 709 sed
1854 680 1959 710 tunc
1994 664 2236 728 perinaeum

413 730 573 778 leviter
606 727 858 775 identidem
892 725 1282 790 comprimendum
1303 759 1315 776 ,
1335 740 1380 769 ut
1414 741 1523 788 apex
1554 722 1761 772 flexibilis
1785 727 1920 790 virgae
1948 730 2238 793 complicatus

414 797 587 843 viarum
608 791 822 839 anfractui
844 790 933 837 sese
960 789 1270 836 accommodet
1286 821 1298 840 ,
1318 789 1442 834 lento
1470 787 1586 852 paffu
1609 787 1770 837 eodem
1799 792 1940 837 modo
1972 793 2234 857 pergendo,

415 861 560 905 donec
583 857 636 903 ad
659 856 845 903 vesicam
863 854 1013 902 sensim
1041 870 1304 918 perventum
1326 853 1389 898 sit.
1421 857 1519 898 Hac
1541 853 1759 902 methodo
1780 855 1980 919 virgula,
1999 858 2104 904 licet
2123 860 2241 904 reCka

413 922 579 969 intrusa
605 921 768 973 fuerit,
791 920 978 966 urethrae
1001 935 1152 965 tamen
1183 919 1368 964 flexuras
1398 934 1554 964 ornnes
1587 917 1716 966 facile
1745 921 1998 984 peragrabit
2019 955 2031 973 ‚
2051 940 2101 967 ac
2129 921 2239 967 dum

415 987 698 1039 extrahetur,
724 986 922 1031 tortuosa
944 984 1289 1049 complicatione
1317 999 1472 1028 omnes
1502 982 1669 1030 meatus
1700 986 1886 1032 urinarii
1905 986 2042 1032 flexus
2060 987 2106 1032 in
2133 986 2244 1032 viris

415 1052 627 1117 aptissime
649 1050 894 1097 exhibebit.

477 1118 617 1163 Porro
645 1116 826 1161 tandem
849 1132 904 1161 ne
922 1114 1031 1178 quid
1051 1113 1202 1160 sinistri
1220 1111 1390 1158 accidat
1408 1110 1709 1175 imprudentia
1724 1147 1735 1166 ,
1754 1113 1926 1159 incuria
1944 1149 1955 1167 ,
1970 1114 2244 1179 praecipitan-

415 1181 476 1227 tia
503 1216 516 1234 ,
550 1181 803 1246 priusquam
841 1179 1063 1244 proposita
1084 1176 1324 1226 medicatio
1346 1175 1609 1224 adhibeatur
1626 1210 1638 1230 ,
1668 1178 1723 1225 ad
1751 1178 1981 1243 seqtientes
2016 1180 2243 1225 cautiones

416 1246 655 1309 diligenter
674 1245 998 1291 attendendum
1017 1245 1088 1290 est.

475 1320 535 1356 10.
558 1315 623 1356 Ut
639 1346 650 1363 ,
671 1309 700 1355 fi
718 1309 893 1356 indiciis
914 1324 1085 1355 certum
1106 1341 1118 1359 ,
1139 1307 1231 1352 imo
1249 1307 1358 1353 veto
1375 1305 1635 1370 urgentibus
1655 1307 1825 1353 tantum
1854 1307 2118 1367 conjedturis
2138 1324 2242 1370 pro-

415 1375 560 1422 babile
588 1376 638 1421 sit
664 1390 952 1438 aegrotantem
975 1372 1163 1419 seminio
1196 1390 1390 1418 venereo
1410 1370 1624 1417 infectum
1651 1372 1736 1418 effe
1764 1407 1778 1426 ,
1809 1371 2009 1436 specifica
2038 1372 2093 1418 ad
2117 1372 2239 1417 hunc

416 1440 628 1487 morbum
650 1439 848 1486 remedia
869 1438 1190 1503 praemittantur
1209 1470 1220 1488 ,
1241 1436 1297 1482 de
1316 1436 1475 1499 quibus
1501 1434 1632 1480 infra.

485 1513 547 1552 20.
579 1509 646 1550 Ut
664 1538 675 1558 ,
693 1504 722 1549 fi
755 1503 993 1549 commode
1013 1502 1144 1547 liceat
1162 1535 1173 1552 ,
1195 1501 1378 1563 eligatur
1399 1501 1454 1546 ad
1475 1499 1724 1562 stranguriae
1743 1500 2021 1547 curationem
2050 1497 2243 1564 tempesa

417 1587 482 1617 tas
508 1569 670 1616 idonea
686 1603 699 1621 ,
727 1586 859 1614 verna
885 1567 1051 1613 scilicet
1083 1566 1154 1611 vel
1174 1565 1461 1616 autumnalis,
1479 1565 1526 1608 in
1549 1563 1636 1627 qua
1664 1565 1854 1628 partium
1875 1579 2108 1611 contextus
2128 1563 2246 1610 mol-2

418 1635 504 1681 lior
529 1636 586 1681 est
602 1668 613 1686 ,
638 1651 780 1695 neque
801 1631 973 1694 sanguis
996 1631 1050 1676 ad
1069 1629 1242 1676 febrem
1258 1628 1601 1693 concipiendam
1622 1628 1681 1673 ita
1701 1645 1993 1694 comparatus.

487 1706 547 1760 30.
582 1702 649 1744 Ut
681 1696 895 1761 prcemiffis
925 1694 1320 1741 universalioribus
1349 1728 1362 1746 ,
1393 1710 1514 1740 venae
1541 1692 1733 1740 sectione
1764 1694 1976 1740 videlicet
2011 1698 2056 1739 δε
2084 1710 2248 1758 purga-

421 1763 572 1816 tione,
594 1762 816 1825 sanguinis
851 1760 1095 1806 acrimonia
1131 1758 1304 1820 jusculis
1332 1774 1405 1804 aut
1431 1759 1699 1822 apozematis
1729 1757 2092 1821 refrigerantibus
2110 1791 2122 1810 ,
2149 1757 2256 1804 sero—-

420 1829 541 1875 lastis
559 1863 571 1880 ,
593 1828 715 1890 aquis
736 1826 920 1872 acidulis
939 1824 1228 1871 mineralibus
1244 1858 1255 1875 ,
1270 1823 1432 1869 balneo
1455 1828 1544 1868 &a
1565 1824 1663 1868 ante
1685 1824 1970 1870 emendetur.>

486 1901 552 1950 40.
594 1896 660 1937 Ut
691 1907 789 1937 toto
807 1889 1045 1936 curationis
1064 1905 1265 1953 tempore
1281 1904 1495 1951 aegrotans
1517 1887 1540 1932 a
1557 1888 1665 1933 vino
1681 1921 1693 1939 ,
1714 1906 1908 1940 venere,
1925 1886 2256 1934 exercitatione·

424 1957 633 2003 abstineat
656 1975 668 2008 3
688 1956 813 2001 diaetfi
850 1954 998 1999 sobria
1026 1987 1038 2005 ,
1064 1953 1343 1999 humectatum
1379 1986 1393 2004 ,
1427 1951 1723 2014 refrigerante
1761 1969 1933 2004 utatur,
1967 1969 2046 2015 pro
2078 1951 2247 2015 ptisana

423 2037 549 2085 potet
581 2019 775 2066 infusum
810 2018 986 2065 leminis
1017 2017 1097 2063 lini
1130 2024 1175 2063 ὃς
1199 2017 1362 2062 florum
1383 2016 1533 2062 malvae
1563 2035 1574 2061 3
1603 2016 1783 2062 demum
1809 2016 2048 2080 perinaeum
2078 2015 2246 2062 relaxet

426 2085 528 2132 fotu
550 2086 620 2132 vel
636 2083 795 2130 inseffu
814 2083 1084 2130 emolliente.

502 2158 562 2213 5⁰·
596 2154 664 2196 Ut
697 2148 879 2210 virgula:
899 2146 1112 2211 plumbeae
1139 2144 1316 2190 curiosis
1352 2144 1491 2189 oculis
1511 2142 1854 2208 perspiciantur,
1885 2150 1931 2191 &
1951 2144 2252 2208 reprobentur

426 2233 485 2263 eae
505 2233 659 2261 omnes
680 2248 691 2266 ,
715 2214 762 2258 in
784 2212 942 2275 quibus
960 2211 1112 2256 fiss'urae
1132 2210 1202 2255 vel
1222 2209 1439 2254 levissimae
1465 2208 1706 2268 conspicua:
1730 2208 1828 2255 sunt
1846 2243 1858 2261 ,
1881 2228 1935 2255 ne
1956 2209 1985 2254 s1
2007 2211 2051 2253 in
2070 2209 2250 2254 urethrsst

427 2279 571 2326 forsan
616 2278 845 2326 diflilirent
870 2310 886 2330 2
921 2275 1098 2341 perinaei
1135 2273 1347 2321 incisione
1381 2291 1490 2338 opus
1519 2272 1623 2320 effet
1648 2307 1662 2326 ,
1704 2290 1752 2320 ut
1791 2274 1959 2339 poffent
1996 2273 2247 2336 fragmenta

431 2344 578 2391 educh

495 2418 561 2455 60.
589 2410 656 2452 Ut
675 2406 855 2470 virgulae
879 2405 1094 2470 plumbeae
1114 2422 1205 2450 non
1226 2403 1429 2468 urgendo
1444 2436 1457 2456 ,
1476 2420 1568 2449 non
1599 2403 1882 2469 properando
1901 2438 1912 2455 ,
1933 2402 2006 2449 sed
2029 2402 2259 2465 gradatim·

430 2480 476 2520 δε
501 2472 702 2538 suspensi
719 2490 853 2516 manu
869 2470 1210 2517 introducantur
1229 2504 1241 2521 ³
1272 2469 1371 2515 cum
1401 2469 1671 2532 experientia
1691 2486 1846 2515 notum
1865 2468 1913 2513 sit
1928 2502 1940 2519 ,
1961 2467 1989 2512 si
2015 2485 2067 2513 ex
2097 2468 2255 2530 praeci-

429 2538 617 2604 pitantia
635 2537 838 2582 obicibus
862 2535 1080 2582 inferatur
1099 2534 1314 2580 violentia
1327 2567 1339 2586 ,
1361 2539 1405 2579 δεῖ
1426 2549 1594 2578 meatus
1615 2535 1831 2580 urinarius
1847 2532 1997 2579 durius
2016 2534 2223 2577 tractetur
2239 2564 2264 2584 ,⁴

430 2621 594 2667 aegtum
617 2601 852 2665 repentin'o
872 2600 1063 2646 horrore
1078 2599 1241 2662 corripi
1258 2632 1270 2651 ,
1293 2599 1363 2643 cui
1382 2596 1553 2642 intensa
1568 2596 1706 2644 febris
1721 2598 1959 2662 ephemera
1979 2596 2189 2642 succedit.

494 2676 560 2724 7⁰.
593 2669 659 2711 Ut
685 2682 798 2710 vena
824 2664 946 2709 illico
971 2664 1180 2708 tundatur
1209 2663 1255 2707 in
1289 2661 1495 2724 orgasmo
1525 2660 1702 2715 febrili,
1725 2663 1758 2707 si«
1783 2681 1837 2708 eo
1856 2661 1997 2707 modo
2024 2677 2263 2724 peccatum

433 2732 592 2782 fuerit,
610 2729 710 2775 esim
738 2729 827 2773 ha’c
850 2729 978 2773 unica
1007 2728 1121 2773 ratio
1149 2726 1197 2772 sit
1226 2726 1418 2774 vitandae
1434 2725 1800 2773 inflammationis
1825 2729 1873 2772 in
1893 2742 2039 2772 meatu
2057 2725 2255 2771 urinario

437 2802 482 2843 δε
509 2793 687 2858 adjetffis
709 2792 918 2857 partibus.

500 2868 563 2908 80.
601 2862 668 2904 Ut
690 2857 718 2902 fi
741 2858 886 2920 gra-vis
915 2871 1070 2919 urgeat
1091 2854 1263 2917 dysuria
1299 2871 1371 2900 aut
1399 2856 1531 2903 dolor
1563 2857 1734 2910 acrior,
1758 2855 1971 2915 anodynae
1998 2855 2259 2915 injectiones

436 2924 684 2985 identidem
717 2922 823 2968 fiant
858 2923 907 2968 in
930 2920 1156 2967 urethram
1175 2954 1188 2972 ‚
1217 2920 1272 2965 ad
1299 2938 1433 2983 quem
1467 2923 1600 2968 fine-m
1631 2921 1832 2967 laudatur
1864 2920 2097 2967 decoetum
2137 2920 2264 2965 radi-

438 2990 498 3035 cis
525 2988 685 3035 althaeae
715 2987 784 3033 vel
806 2986 1040 3050 nymphaeae
1060 3020 1072 3038 ,
1093 2986 1163 3030 cui
1181 2983 1376 3030 infusum
1396 2985 1446 3031 s1t
1482 2985 1632 3034 semen
1663 2986 1743 3032 lini
1763 3005 1773 3039 ·,
1795 2986 1860 3032 lac
1884 2986 2116 3032 vaccinum
2143 2984 2256 3046 tepi-

436 3055 543 3100 dum
567 3053 752 3098 decocto
773 3051 935 3098 hordei
956 3050 1146 3096 dilutum
1177 3067 1189 3101 3
1226 3050 1484 3096 emulslones
1513 3070 1565 3098 ex
1591 3068 1781 3115 quatuor
1816 3050 2053 3096 seminibus
2080 3046 2267 3110 frigidis

437 3117 678 3178 majoribus
697 3148 709 3167 ,
734 3115 898 3161 semine
926 3114 1152 3178 papaveris
1179 3113 1267 3158 albi
1295 3129 1367 3158 aut
1395 3114 1651 3178 hyoscyami
1671 3131 1828 3180 paratae
1846 3134 1857 3169 3
1878 3130 1951 3163 aut
1980 3111 2159 3163 demum
2179 3111 2253 3156 in-

439 3183 648 3244 J'effiones
675 3180 904 3245 sequentes
923 3213 936 3231 ,
957 3196 1050 3242 qua:
1074 3178 1170 3225 sunt
1190 3176 1500 3226 efficaciffimae‚
1687 3174 1691 3177 ³

2198 3255 2263 3304 tf»
