2477 3643
176 1189 252 1229 111.
275 1190 364 1228 inde

131 1241 234 1279 virus
246 1256 339 1294 pau·-

132 1293 236 1332 latim
265 1297 366 1332 ulte-

129 1346 206 1384 litis
235 1361 366 1400 perge-

132 1411 170 1436 1:
191 1426 200 1442 ‚
233 1407 265 1438 ἃ
285 1400 366 1436 san-

133 1452 280 1502 guinem
309 1453 366 1489 in-

130 1502 250 1541 ficere.

132 1787 203 1825 IV.
225 1789 333 1825 Virus
351 1813 362 1831 ‚

136 1853 324 1891 quocum-

131 1906 203 1942 que
221 1894 332 1930 molo

132 1957 296 1996 penetret
314 1972 324 1988 ‚

133 1996 274 2047 semper
294 2009 366 2047 po·-

134 2050 184 2085 τίς
199 2049 344 2086 admitti

135 2101 347 2138 xcnuiffimis

139 2158 173 2189 &
194 2166 367 2190 numero-

137 2203 290 2243 fissimis.

141 2549 293 2586 Pro³nde
317 2547 375 2584 se-

142 2603 240 2640 minii
270 2614 376 2638 mot·-

145 2653 220 2691 bosi
255 2654 376 2690 intro-

143 2704 345 2743 miffionem

146 2758 351 2795 aestimanda

147 2808 227 2847 effe.

148 3018 152 3022 ’
187 3016 310 3055 Modo
336 3027 380 3054 ex

151 3067 378 3123 parteinfec-

150 3124 181 3160 ti
203 3121 257 3159 seu
274 3133 378 3157 com-

147 3175 362 3215 manicanti-⁰>

152 3225 311 3269 tantam.

409 147 472 201 96
758 143 1920 193 naitoassis-VENEREis.

402 236 490 282 que
519 217 637 265 enim
666 218 814 266 obfuit
843 238 1036 284 unquam
1056 256 1068 274 ,
1099 220 1268 286 profuit
1294 220 1404 266 vero
1434 237 1527 267 non
1558 220 1695 267 semel
1725 220 1781 268 de
1811 220 1865 267 iis
1886 255 1900 274 ,
1921 236 2017 284 quae
2053 222 2244 273 evidend

403 283 560 331 tillima
579 282 666 331 effe
688 285 956 332 videbantur
977 319 990 338 ,
1018 283 1303 349 quaestionem
1332 284 1534 332 movisse.
1575 285 1663 332 Sed
1692 285 1874 333 interim
1905 287 2114 334 cordatos
2141 293 2245 337 Me-

406 349 531 394 dicos
558 351 755 396 monitos
784 351 946 402 veliin,
975 353 1051 413 qui
1079 352 1256 397 veritati
1284 355 1329 395 ὃ(
1356 351 1667 413 aegrotantium
1695 351 1945 398 commodis
1974 350 2141 400 servire
2160 355 2243 400 stu⁶

406 413 544 466 dent,
565 432 620 460 ne
642 413 730 460 fine
759 413 904 467 certa,
935 414 1185 475 explorata,
1210 415 1336 479 gravi
1367 415 1626 462 ati-&oritate
1645 415 1748 461 talia
1773 414 1977 461 effutiant
1994 450 2006 468 ‚
2034 434 2129 479 quae
2149 436 2243 465 ma-

405 478 562 525 nifeste
596 479 887 526 adversantur
920 495 1035 526 nota:
1066 479 1240 526 seminii
1276 480 1433 525 veneri
1464 479 1621 526 fixitati
1642 514 1654 531 ,
1687 480 1773 543 qua
1804 480 1853 525 fit
1884 497 1932 526 ut
1959 480 2089 527 illaesa
2117 499 2245 545 parte

406 544 493 606 qua
513 543 763 589 admittitur
781 577 793 596 ,
824 561 916 589 non
946 544 1073 608 poliit
1092 545 1207 590 ultra
1231 562 1418 609 pergere
1440 543 1560 590 :imo
1582 562 1677 607 quat
1695 561 1893 609 pugnant
1913 563 2015 591 cum
2030 546 2244 594 evidente

408 624 673 654 exterorum
706 626 986 654 venenorum
1007 609 1163 656 natura
1185 644 1198 663 ,
1224 610 1359 656 etiam
1390 609 1724 661 volatilioru-m,
1753 627 1847 672 quae
1876 610 1980 657 licet
2009 609 2137 658 altius
2165 630 2245 676 pe-

409 688 584 720 netrare
616 673 793 720 valeant
811 707 823 725 ,
851 673 1013 738 primas
1035 691 1184 721 tamen
1213 692 1262 720 ac
1289 674 1524 738 potissimas
1545 673 1661 720 vires
1687 691 1874 719 exerunt
1898 675 1945 720 in
1968 692 2111 739 partes
2127 710 2140 727 ,
2163 694 2243 740 per

407 755 515 802 quas
542 738 663 783 intro
687 737 886 784 subeunt.
929 739 1000 784 Sic
1024 757 1102 803 pus
1124 739 1393 785 variolarum
1416 738 1600 803 pustulas
1619 738 1781 784 excitat
1802 739 1873 784 vel
1893 738 2032 786 solum
2054 741 2126 787 vel
2151 759 2244 788 ma-

409 803 528 848 xime
555 804 600 848 in
629 819 750 868 parte
772 804 843 849 cui
869 803 1135 850 admovetur
1156 824 1165 849 z
1205 805 1275 850 Sic
1301 803 1435 850 saliva
1456 821 1615 850 canum
1636 801 1897 848 rabidorum
1915 836 1927 855 ,
1948 805 2055 852 dum
2075 804 2244 866 hydro-

411 866 626 930 pliobiam
651 867 888 932 producit,
916 868 1318 915 inflammationem
1345 869 1583 914 maximam
1611 866 1747 913 infert
1775 885 1875 913 cum
1905 867 2064 916 dolore
2084 869 2132 914 in
2161 871 2245 918 de-

411 932 556 977 morsa
584 949 707 996 parte
733 933 830 979 :Sic
853 933 1015 978 humor
1033 967 1044 985 ,
1076 952 1165 997 quo
1196 933 1360 980 scabies
1388 950 1462 979 aut
1488 933 1646 997 herpes
1674 930 1924 984 affricatur,
1957 951 2056 980 eam
2079 952 2241 997 corpo-

410 997 470 1041 ris
500 1013 668 1060 partem
695 997 933 1062 praesertim
953 998 1095 1044 inficit
1113 1033 1124 1050 ,
1150 1000 1220 1045 cui
1251 999 1445 1045 adhaeret
1473 998 1800 1062 agglutinatu33
1832 997 1885 1042 fic
1902 1015 2129 1045 venenum
2148 1002 2241 1045 Ta-

409 1061 589 1108 rentulae
625 1062 734 1108 dum
768 1062 1029 1125 tragoediam
1060 1064 1154 1110 edit
1187 1065 1233 1111 in
1267 1063 1475 1127 sanguine
1496 1097 1509 1116 ‚
1542 1062 1749 1110 dolorem
1779 1062 2048 1126 peculiarem
2080 1064 2245 1112 excitat

409 1125 457 1172 in
478 1143 602 1190 parte
623 1127 868 1174 vulnerata.

475 1196 574 1237 111.
610 1193 743 1239 Virus
767 1193 949 1239 tandem
970 1226 983 1245 ,
1015 1192 1044 1238 fi
1076 1191 1152 1238 fibi
1184 1192 1492 1256 permittatur,
1512 1193 1604 1256 post
1634 1190 1788 1238 affecta
1819 1190 2011 1255 primum
2037 1211 2088 1240 ea
2112 1194 2211 1240 loca
2229 1228 2245 1248 ,

411 1273 490 1320 per
517 1274 611 1320 quae
634 1258 944 1321 introgressum
972 1259 1032 1304 est
1049 1291 1062 1310 ,
1090 1259 1136 1303 in
1161 1257 1302 1321 ipsum
1327 1257 1588 1319 sanguinem
1614 1255 1770 1303 sensim
1798 1256 1991 1308 deduci,
2011 1257 2135 1320 quod
2158 1259 2247 1304 du-

412 1320 518 1385 plici
548 1321 619 1368 via
649 1322 746 1369 fieri
777 1323 1024 1373 credimus,
1054 1323 1125 1369 vel
1152 1322 1442 1370 circulatione
1468 1320 1722 1384 sanguinis,
1751 1322 1829 1385 qui
1861 1321 2133 1369 transeundo
2162 1342 2243 1384 per

414 1385 608 1432 confinia
637 1387 876 1434 virulentas
937 1403 1049 1433 artes
1078 1388 1286 1450 guttatim
1314 1386 1481 1432 lambat
1514 1392 1558 1432 ἃ
1590 1386 1776 1450 abripiat
1806 1419 1820 1438 ,
1848 1386 1921 1433 vel
1951 1387 2242 1435 circulatione

412 1451 616 1515 limphae,
645 1469 740 1515 quae
768 1453 822 1498 ab
849 1406 1023 1498 infestis
1047 1451 1243 1515 partibus
1278 1452 1416 1498 redux
1444 1451 1531 1496 una
1561 1451 1706 1497 secum
1725 1451 1933 1515 plurimas
1952 1453 2116 1498 veneni
2137 1469 2241 1515 gut-—

415 1516 523 1562 tulas
555 1517 747 1563 devehat
777 1517 824 1564 in
853 1517 1113 1580 sanguinem
1134 1551 1145 1569 ,
1166 1517 1211 1562 in
1229 1535 1365 1579 quem
1393 1514 1484 1578 ipsa
1514 1516 1731 1581 perpetim
1762 1516 1948 1561 confluit
1970 1516 2076 1562 valis
2108 1535 2244 1580 pecu-

412 1580 605 1627 liaribus.
639 1582 770 1628 Virus
800 1598 948 1628 autem
981 1581 1190 1627 utralibet
1211 1581 1284 1627 via
1307 1580 1593 1633 traducatur,
1613 1580 1720 1627 inde
1742 1579 1898 1626 senlim
1925 1581 2243 1645 multiplicari,

411 1645 588 1692 intendi
605 1680 619 1698 ,
638 1645 911 1693 invalescere
929 1679 942 1699 ,
968 1662 1099 1709 atque
1118 1646 1301 1693 demum
1320 1644 1612 1710 multiplicem
1629 1644 1911 1701 funffionuni
1933 1644 2153 1693 laesionern
2174 1647 2244 1694 in·

411 1710 532 1757 ferre
552 1746 565 1764 ,
589 1711 663 1758 sed
685 1712 740 1758 de
757 1711 825 1757 his
845 1710 1047 1774 sequenti
1066 1712 1222 1776 capite.

472 1781 561 1823 IV.
598 1781 650 1822 In
677 1776 846 1823 summa
875 1777 994 1821 virus
1016 1810 1028 1828 ,
1057 1793 1343 1839 quocumque
1372 1774 1511 1821 modo
1546 1789 1748 1839 penetret
1768 1807 1780 1826 ,
1811 1774 1883 1821 vel
1915 1774 2101 1822 madore
2121 1809 2133 1828 ,
2169 1776 2243 1823 vel

411 1839 583 1891 halitu,
611 1841 683 1888 vel
713 1841 1003 1887 circulatione
1028 1841 1204 1906 limpha:
1224 1875 1236 1893 ‚
1264 1840 1359 1906 pari
1389 1838 1564 1904 prorsus
1592 1840 1766 1885 ratione
1795 1839 2069 1902 guttularum
2098 1842 2240 1887 tenui-

415 1919 528 1958 tate,
556 1906 785 1952 fluiditatis
814 1921 969 1957 motu,
997 1907 1143 1952 calore
1168 1924 1258 1969 quo
1285 1907 1429 1951 aestuat
1447 1940 1459 1958 ,
1489 1904 1639 1950 mutua
1667 1904 1857 1967 partium
1884 1921 1991 1967 quas
2020 1904 2244 1952 humectat

415 1968 651 2017 fricatione
678 1972 823 2035 primo
857 1970 1027 2033 semper
1056 1971 1285 2016 introduci
1324 1987 1399 2030 per
1435 1987 1570 2035 poros
1606 1968 1912 2015 minutissimos
1947 1969 2130 2031 quidem
2166 1970 2240 2017 sed

413 2033 555 2081 ferme
575 2036 832 2082 innumeros
850 2069 861 2087 ,
895 2034 1055 2097 quibus
1082 2036 1191 2082 cutis
1220 2034 1459 2080 densissime
1487 2034 1638 2097 pervia
1658 2036 1717 2079 est
1736 2033 2081 2097 &permeabilis
2099 2068 2112 2086 ,
2141 2036 2241 2097 qui-

416 2098 496 2145 bus
527 2115 737 2164 tanquam
765 2098 991 2146 emiffariis
1022 2098 1096 2146 seu
1130 2100 1353 2164 spiraculis
1390 2115 1554 2146 exeunt
1583 2098 1812 2159 οἰωέῤῥωαι,
1849 2115 1943 2161 quae
1970 2098 2240 2145 intrinsecus

415 2163 629 2218 effluunt,
659 2182 706 2211 ut
733 2164 1005 2210 notiflimum
1036 2166 1095 2210 est
1132 2164 1446 2228 experimentis
1476 2162 1814 2216 Sanctorianis·3
1838 2166 1898 2222 j&
1921 2163 2081 2225 quibus
2108 2165 2243 2211 etiam

416 2245 625 2293 tanquam
652 2229 915 2275 immiffariis
942 2229 1014 2274 seu
1048 2227 1344 2275 infundibulis
1361 2228 1590 2274 introeunt
1621 2244 1748 2273 motu
1773 2228 1998 2272 contrario
2024 2229 2209 2292 {wa'fifiom
2225 2267 2246 2286 ‚.

416 2312 510 2357 quse
533 2294 802 2341 extrinsecus
827 2294 1019 2340 influunt
1038 2328 1050 2346 ,
1071 2311 1118 2340 ut
1142 2312 1194 2340 ex
1215 2294 1405 2339 utilitate
1426 2293 1688 2339 balneorum
1711 2310 1829 2354 aquae
1849 2292 2009 2356 tepidae
2026 2327 2039 2345 ,
2058 2293 2241 2339 embro-

419 2359 521 2406 ches
535 2377 746 2423 aquarum
775 2360 1058 2405 thei-malium
1077 2392 1089 2411 ,
1110 2358 1371 2404 fristionum
1395 2357 1722 2404 mercurialium
1740 2391 1752 2409 ,
1782 2356 2136 2421 cataplasmatum
2154 2393 2166 2411 ,
2190 2358 2243 2404 li.-

417 2425 722 2472 nimentorum
748 2458 762 2478 ,
790 2425 1154 2489 emplastrorum,
1187 2440 1523 2486 unguentorum
1539 2439 1926 2486 quorumcumque
1964 2422 2243 2470 manifestum

419 2492 492 2536 est.

482 2557 545 2600 Ex
575 2553 642 2599 his
675 2553 958 2614 consequitur
993 2560 1051 2598 10.
1078 2553 1149 2599 Ad
1176 2551 1554 2599 introducendum
1576 2551 1696 2597 virus
1721 2569 1966 2599 venereum
1999 2551 2084 2597 unzi
2114 2551 2240 2598 simul

421 2619 629 2665 conferre
658 2624 701 2663 &
729 2617 942 2664 infefitum
960 2651 972 2670 ,
1002 2619 1078 2681 qui
1113 2619 1281 2680 agentis
1301 2637 1312 2669 3
1334 2623 1379 2663 <Sc
1409 2615 1562 2662 sanum
1582 2650 1594 2667 ,
1618 2616 1695 2679 qui
1723 2618 1926 2680 patientis
1952 2632 2095 2681 partes
2119 2615 2244 2661 susti-

421 2700 528 2736 net,
556 2683 757 2746 adeoque
789 2684 837 2728 in
861 2682 1107 2728 aestimanda
1135 2682 1301 2728 admiffi
1325 2681 1484 2728 veneni
1518 2680 1764 2742 quantitate
1800 2682 2020 2727 rationem
2053 2680 2240 2744 perinde

421 2748 673 2795 habendam
692 2746 778 2794 effe
800 2780 811 2799 ,
839 2762 932 2791 tum
960 2746 1271 2793 conditionum
1303 2746 1504 2792 omnium
1525 2778 1537 2796 ,
1566 2762 1661 2808 quae
1688 2745 1860 2808 possunt
1880 2764 1933 2792 ex-
1954 2760 2079 2809 parte
2113 2763 2240 2791 como

421 2813 686 2860 municantis
724 2811 798 2857 seu
825 2810 980 2857 infecti
1006 2812 1261 2858 uberiorem
1287 2810 1453 2857 veneni
1476 2811 1649 2872 copiam
1671 2809 1788 2856 intro
1806 2810 1994 2874 pellere3
2018 2826 2111 2855 turn
2131 2828 2241 2856 con-

421 2878 648 2925 ditionum
672 2876 877 2922 similium
894 2910 907 2928 ,
933 2893 1027 2939 quae
1054 2877 1230 2940 poffunt
1258 2894 1313 2923 ex,
1337 2892 1460 2940 parte
1480 2873 1736 2938 accipientis
1767 2873 1842 2922 seu
1867 2874 1961 2922 sani
1981 2874 2238 2925 uberiorem

421 2942 803 2990 introdudffionem
826 2942 1098 3004 permittere.

484 3017 545 3054 20.
579 3007 878 3053 conditiones
900 3024 951 3052 ex
973 3022 1096 3070 parte
1125 3005 1281 3052 infesti
1302 3004 1376 3052 seu
1399 3004 1768 3050 communicantis
1797 3006 2057 3069 repetendas
2076 3003 2160 3049 effe
2180 3021 2234 3050 eit

425 3073 567 3136 cap-ite
585 3071 766 3135 gemino
796 3091 806 3115 ι
841 3079 900 3116 10.
927 3073 990 3115 Ex
1017 3071 1143 3134 copia
1166 3070 1336 3116 seminii
1370 3069 1564 3115 morbosi
1584 3104 1594 3120 ‚
1618 3070 1739 3116 unde
1759 3071 1920 3117 coeteris
1946 3068 2122 3132 paribus
2153 3068 2240 3114 de·-

424 3138 500 3184 bet
517 3153 740 3184 venenum
756 3136 810 3180 eo
830 3135 1007 3182 uberius
1022 3135 1249 3181 introduci
1269 3169 1280 3185 ,
1306 3135 1394 3197 quo
1408 3133 1620 3197 copiosius
1646 3134 1854 3180 abundat.
1882 3135 2001 3178 Hinc
2018 3132 2046 3177 si
2065 3149 2241 3195 gomor--v

426 3203 547 3252 rhoea
570 3201 735 3251 summe
754 3200 975 3250 virulenta
994 3202 1089 3248 actu
1109 3201 1214 3248 fluat
1231 3234 1245 3253 ,
1264 3198 1292 3246 fi
1318 3199 1527 3264 pudenda
1550 3198 1778 3247 ulcusculis
1809 3198 2010 3246 venereis
2041 3197 2239 3247 erodan-

2133 3277 2203 3307 tur
2222 3294 2244 3317 2.
