2477 3643
488 207 546 251 90
838 181 2005 238 DEMoassistNER1—31S.

487 267 687 336 perianas
716 284 726 312 τ
762 263 833 312 Sic
859 264 906 312 in
930 263 1163 313 ulcusculis
1192 258 1432 312 cancrofiS,
1461 258 1671 307 balanum
1690 293 1703 313 ‚
1729 258 1943 313 fraenum,
1975 258 2234 327 praeputium
2263 260 2314 309 in

489 334 597 380 viris
613 352 624 387 ·‚
643 330 844 398 pterygia
861 364 873 382 ‚
900 329 1157 377 carunculas
1175 324 1477 389 myrtiformes
1493 357 1506 377 ,
1533 341 1825 390 caeteramque
1844 325 2023 372 vulvam
2044 325 2093 372 in
2111 325 2315 372 mulieri-

489 398 570 445 bus
595 418 606 444 ι
634 399 703 445 Sic
728 397 775 442 in
800 394 983 441 bubone
1004 392 1251 456 inguinales
1273 389 1532 453 glandulas:
1554 390 1626 438 Sic
1657 390 1704 436 in
1732 389 1997 437 exostofibus
2029 390 2313 454 periostium:

489 463 546 510 sic
566 463 748 510 demum
778 477 948 507 caeteras
973 475 1128 504 omnes
1147 456 1347 519 corporis
1371 469 1514 518 partes
1528 487 1540 506 ‚
1559 454 1856 518 quascumque
1875 457 1994 502 virus
2018 454 2192 502 obsidet
2208 488 2221 506 ‚
2242 455 2315 502 in-

491 528 710 575 flammari
731 542 888 571 notum
906 526 978 571 est.
1008 524 1140 572 Virus
1159 538 1268 585 eigo
1298 535 1539 566 venereum
1560 519 1869 583 phlogisticum
1901 521 1960 566 est
1991 527 2038 568 &
2062 521 2316 567 inflamma-⁴

492 594 693 645 torium,
720 591 807 636 hoc
841 590 899 636 est
925 589 987 635 ita
1021 587 1178 634 natura
1213 584 1547 631 conformatum
1565 617 1578 635 ,
1603 601 1652 630 ut
1686 584 1973 631 membr-anea
2006 587 2316 651 partiumsta-

494 658 615 703 mina
635 691 647 708 ,
671 656 788 701 intra
815 670 909 719 quae
930 669 1133 718 penetrat
1152 686 1165 704 ,
1194 649 1423 697 densando
1439 683 1452 702 ‚
1480 648 1716 713 crispando
1734 683 1748 702 ,
1772 650 1976 713 adeoque
2008 664 2205 699 extrema
2236 671 2317 699 va-

493 722 645 769 sorum
676 720 987 785 capillamenta
1004 752 1016 770 ‚
1043 735 1136 782 quae
1167 716 1327 763 iisdem
1357 715 1587 775 interjecsta
1624 712 1720 759 sunt
1738 747 1750 766 ,
1781 715 2130 779 constringendo
2148 749 2159 768 ‚
2182 732 2317 782 cogat

493 788 679 835 devium
706 785 965 849 sanguinem
992 785 1016 829 ἃ
1043 781 1256 829 consueto
1285 781 1461 827 tramite
1480 782 1528 825 in
1546 779 1741 826 lateralia
1764 778 1863 825 vasa
1892 780 2148 845 limpliatica
2163 782 2319 831 diver-

496 868 589 901 tere
608 887 620 906 ,
640 851 761 898 unde
790 848 1012 915 phlogosis
1037 854 1082 894 δε
1102 845 1414 894 inflammatio.

212 918 444 960 11.virusil-
558 922 624 963 11.
665 917 796 962 Virus
824 932 1068 962 venereum
1090 912 1170 959 fibi
1197 909 1451 976 permissum
1482 907 1639 955 sensim
1669 908 1791 955 rodit
1809 943 1821 961 ‚
1842 908 2067 956 exulcerat
2082 943 2095 962 ‚
2115 910 2318 975 depasci-

213 974 275 1011 lud
308 988 418 1011 ''⁶¹¹⁶‘'
496 998 566 1028 tur
586 999 728 1047 partes
747 1014 759 1033 ,
787 980 1086 1045 quascumque
1117 976 1373 1041 aliquandiu
1391 974 1701 1021 inflammavit.
1743 975 1812 1021 Sic
1842 974 1891 1020 in
1917 975 2187 1038 gonorrhoea
2220 993 2321 1023 ute-

211 1038 419 1116 {ffffieussri't‘
495 1047 622 1100 thra,
655 1049 851 1111 prostatae
869 1079 881 1098 ‚
904 1044 1101 1092 veficulae
1129 1040 1370 1089 seminariae
1406 1040 1455 1085 in
1484 1039 1619 1092 viris3
1653 1040 1700 1085 in
1726 1037 1922 1085 foeminis
1944 1039 2053 1086 verb
2090 1042 2286 1104 prostatae
2305 1072 2321 1093 ,

215 1128 297 1168 effe,
494 1113 713 1177 glandulae
739 1111 1049 1174 Cowperianae
1069 1143 1082 1162 ‚
1102 1108 1266 1171 vagina
1284 1126 1295 1152 ε
1323 1106 1392 1152 Sic
1419 1107 1465 1151 in
1484 1103 1715 1151 ulcusculis
1736 1104 1934 1151 virilium
1951 1139 1963 1157 ‚
1984 1103 2168 1151 balanus
2182 1140 2195 1158 ,
2219 1105 2322 1152 frae-

492 1196 602 1225 num
618 1183 664 1224 &
685 1176 948 1242 praeputium
965 1194 976 1229 3
996 1174 1286 1220 muliebrium
1309 1171 1416 1217 vero
1434 1205 1447 1223 ‚
1474 1169 1607 1216 vulva
1630 1171 1847 1234 variaeque
1867 1169 2008 1216 vulvae
2028 1173 2171 1234 partes
2205 1190 2215 1216 ε
2250 1170 2320 1218 Sic

493 1242 541 1288 in
569 1242 751 1289 bubone
787 1242 1005 1306 glandulae
1039 1239 1234 1302 inguinis
1271 1256 1280 1282 :
1312 1235 1367 1282 sic
1392 1237 1438 1280 in
1457 1234 1721 1282 exostosibus
1739 1235 1921 1281 lamellae
1941 1233 2062 1281 osseae
2086 1240 2131 1281 <Sc
2154 1235 2323 1300 perios-

495 1308 608 1353 tium
633 1327 642 1353 :
663 1306 719 1353 fic
740 1307 787 1352 in
808 1306 940 1371 palati
961 1311 1023 1353 a&
1046 1305 1221 1350 narium
1252 1300 1474 1348 ulceribus
1505 1299 1744 1347 columella
1778 1300 1851 1346 seu
1879 1300 2013 1346 uvula
2030 1334 2045 1351 2
2077 1300 2327 1364 paristhmia

495 1371 571 1418 seu
601 1371 803 1424 tonsillae,
831 1369 1092 1418 membrana
1124 1366 1350 1433 pituitaria
1369 1400 1381 1418 ‚
1414 1362 1500 1411 ossa
1535 1365 1667 1429 palati
1692 1364 2064 1429 quadrangularia
2082 1399 2095 1416 ‚
2129 1383 2287 1412 vomer
2307 1400 2323 1420 ,

494 1437 681 1484 lamella.
707 1437 881 1483 narium
909 1436 1059 1488 offeae,
1083 1440 1170 1480 &c.
1195 1432 1412 1478 roduntur
1444 1436 1491 1476 δε
1520 1430 1846 1477 exulcerantur.
1878 1430 2011 1477 Virus
2043 1447 2152 1493 ergo
2181 1448 2322 1477 vene-

496 1519 623 1548 reum
654 1502 716 1548 ita
744 1517 1052 1565 comparatum
1070 1501 1129 1546 est
1148 1497 1415 1561 figuratione
1433 1529 1446 1547 ,
1477 1496 1597 1540 mole
1613 1529 1625 1547 ‚
1650 1494 1903 1542 mobilitate
1934 1494 2125 1559 partium
2160 1495 2323 1558 quibus

494 1569 664 1613 constat
685 1601 697 1619 ,
717 1582 765 1611 ut
784 1565 919 1612 obvia
939 1566 1132 1630 partium
1151 1562 1332 1609 stamina
1347 1595 1359 1614 ‚
1383 1577 1478 1624 qua:
1505 1560 1676 1605 strinxit
1694 1594 1707 1613 ‚
1733 1559 1939 1623 crispavit
1956 1593 1969 1612 ,
1993 1559 2289 1608 inflammavit
2309 1594 2323 1614 ,

496 1632 680 1678 tandem
705 1630 957 1678 discindere
975 1664 988 1684 ‚
1004 1630 1283 1693 disrumpere
1302 1660 1315 1679 ‚
1340 1625 1577 1672 diffolvere
1606 1624 1747 1672 valeat
1765 1658 1778 1677 ,
1804 1624 1926 1671 unde
1946 1623 2089 1671 erosio
2120 1630 2166 1671 δε
2197 1626 2327 1674 exul-

496 1697 681 1744 ceratio.

240 1781 320 1819 111,
338 1779 448 1819 virus
559 1767 577 1807 I
595 1767 611 1808 1
630 1767 661 1806 Ι.
697 1761 829 1808 Virus
850 1777 1094 1808 venereum
1119 1758 1166 1804 in
1193 1755 1390 1822 partibus
1408 1789 1420 1808 ‚
1444 1753 1746 1818 quascumque
1770 1753 1951 1817 attingit
1982 1753 2162 1802 roditve
2178 1789 2190 1808 ‚
2211 1754 2328 1803 sitir-

218 1834 307 1872 iilud
335 1844 447 1873 vene-
498 1825 602 1872 rhos
616 1860 627 1878 ‚
642 1842 840 1873 tumores
855 1824 1108 1872 skirrhosos
1123 1858 1135 1876 ‚
1151 1821 1370 1884 callosque
1387 1820 1611 1884 producit.
1631 1820 1701 1866 Sic
1719 1819 1765 1864 in
1779 1819 2051 1882 gonorrhoefi
2071 1820 2118 1865 in
2135 1836 2328 1884 utroque

218 1900 320 1924 zeum
335 1898 423 1943 ⁶0⁵¹:
498 1890 604 1937 sexu
633 1893 837 1955 prostatas
855 1926 867 1944 ,
890 1889 1097 1937 vesiculas
1118 1888 1367 1934 seminarias
1399 1902 1473 1930 aut
1505 1884 1734 1947 glandulas
1755 1884 1923 1947 vaginae
1944 1902 1953 1929 :
1973 1886 2045 1931 Sic
2065 1885 2114 1931 in
2132 1885 2329 1932 ulcuscu-

219 1941 348 1992 gfflaus
366 1938 447 1977 esse.
497 1955 552 2002 lis
577 1957 840 2019 genitalium
857 1990 869 2008 ,
897 1973 996 2001 oras
1019 1955 1218 2001 ulcerum
1251 1971 1261 1997 ι
1292 1950 1346 1996 fic
1384 1951 1431 1995 in
1456 1949 1638 1996 bubone
1655 1947 1894 2013 glandulas
1915 1949 2151 2013 inguinum
2172 1970 2181 1996 ε
2201 1949 2257 1996 fic
2278 1951 2327 1998 in

499 2021 677 2085 pustulis
695 2019 832 2066 basim
862 2026 908 2066 &
940 2018 1238 2084 peripheriam
1263 2015 1560 2080 pustularum:
1597 2013 1652 2059 sic
1686 2015 1733 2058 in
1767 2012 2032 2060 exostofibus
2070 2014 2328 2079 periostium

503 2085 581 2131 ossi
608 2084 849 2149 appositum
870 2119 883 2137 ‚
915 2090 959 2131 δε
990 2083 1186 2148 periostii
1218 2080 1441 2126 filamenta
1467 2078 1649 2125 lamellis
1682 2077 1808 2125 osseis
1836 2078 2064 2140 interjedixi
2099 2098 2108 2124 ι
2141 2077 2196 2125 fic
2230 2098 2330 2128 me·-

500 2149 680 2196 senterii
710 2149 938 2212 glandulas
955 2183 966 2201 ,
991 2148 1161 2213 hepatis
1184 2145 1337 2192 acinos
1358 2178 1371 2196 ‚
1404 2143 1503 2190 vasa
1533 2144 1797 2208 pulmonum
1817 2143 2074 2207 limphatica
2091 2176 2103 2195 ,
2123 2143 2329 2191 indures-

498 2233 603 2261 cere
620 2249 632 2267 ,
657 2213 882 2260 skirrhosa
899 2214 997 2261 fieri
1014 2247 1026 2267 ‚
1056 2213 1127 2259 vel
1156 2211 1276 2259 callis
1296 2208 1553 2256 durioribus
1572 2208 1766 2254 obsideri
1785 2224 2065 2270 compertum
2086 2209 2159 2255 est.
2196 2210 2329 2257 Virus

496 2296 607 2343 ergo
628 2297 871 2326 venereum
893 2279 989 2324 talis
1008 2276 1208 2325 efficaciae
1227 2274 1312 2323 effe
1335 2273 1470 2320 debet
1488 2307 1501 2324 ,
1519 2290 1568 2319 ut
1586 2272 1782 2337 partibus
1802 2273 2054 2321 instillatum
2072 2306 2084 2324 ,
2102 2273 2132 2318 {i
2152 2292 2328 2321 earum-

498 2344 605 2390 dem
632 2345 812 2390 stamina
837 2360 1029 2407 nequeat
1048 2342 1321 2406 disrumpere
1342 2344 1387 2384 &
1409 2340 1663 2385 exulcerare
1680 2372 1691 2389 ‚
1711 2355 1754 2385 at
1779 2337 1932 2384 [altem
1958 2337 2197 2385 humorem
2224 2340 2329 2384 lim-

498 2409 727 2472 phaticum
745 2443 757 2461 ,
783 2427 874 2473 quo
902 2407 1165 2456 humescunt
1183 2442 1196 2461 ,
1225 2403 1493 2470 inspissando
1523 2436 1538 2456 ,
1578 2401 1706 2468 possit
1737 2402 1897 2450 eadem
1929 2403 1978 2448 in
2007 2403 2140 2449 callos
2177 2405 2329 2450 multi-

502 2473 672 2520 formes
698 2474 922 2522 indurare.

251 2567 318 2602 IV·
347 2563 456 2602 Virus
565 2544 652 2586 IV.
689 2541 886 2584 Demum
918 2537 1038 2585 virus
1063 2551 1307 2584 venereum
1339 2549 1582 2596 numquam
1599 2533 1647 2578 in
1679 2531 1838 2577 distans
1858 2566 1870 2585 ‚
1891 2530 1966 2579 sed
1997 2533 2201 2578 contactu
2233 2547 2330 2578 tan-

223 2617 311 2654 {und
351 2630 455 2654 vene-
506 2600 601 2648 tum
624 2603 888 2649 immediato
915 2618 1216 2667 propagatum
1246 2598 1357 2662 quin
1387 2597 1481 2643 imo
1512 2613 1594 2642 nec
1630 2598 1891 2659 contagioni
1918 2615 2100 2661 compar
2133 2597 2192 2642 est
2221 2615 2332 2643 con-

223 2682 326 2706 icum
342 2670 456 2708 fixum
507 2669 642 2713 rachis
670 2667 861 2730 quilibet
880 2702 893 2720 ,
919 2682 1257 2713 momentaneus
1274 2698 1286 2715 ,
1312 2662 1446 2726 fugax
1465 2695 1477 2713 ,
1509 2661 1626 2707 inter
1653 2677 1796 2725 partes
1823 2662 1952 2707 duras
1969 2695 1982 2714 ‚
2015 2660 2192 2706 callosas
2211 2695 2222 2713 ,
2250 2660 2332 2707 fri·-

227 2719 308 2758 cfie.
508 2747 667 2794 gentes
685 2765 696 2783 ,
721 2730 796 2777 sed
817 2749 925 2795 opus
945 2733 1004 2777 est
1021 2731 1226 2776 contactu
1244 2727 1527 2773 diuturniore
1543 2758 1556 2778 ,
1584 2726 1661 2789 qui
1689 2743 1791 2771 cum
1819 2727 1967 2772 calore
2003 2731 2048 2771 δε
2067 2726 2329 2772 rarescenti‘a'.

503 2796 623 2842 inter
650 2811 792 2859 partes
811 2796 965 2841 molles
984 2801 1030 2841 &
1049 2792 1300 2859 spongiosas
1318 2790 1566 2838 intercedat
1582 2824 1594 2842 ,
1617 2806 1664 2835 ut
1682 2790 1823 2853 liquet
1843 2809 1895 2836 ex
1915 2791 1967 2835 iis
1987 2808 2080 2853 quae
2092 2793 2331 2855 praecedenti

505 2865 640 2924 capite
661 2860 776 2905 dista
795 2860 893 2905 sunt
912 2860 968 2907 de
988 2860 1136 2906 modis
1150 2893 1161 2911 ‚
1179 2856 1339 2922 quibus
1356 2857 1447 2902 lues
1468 2872 1658 2901 venerea
1677 2853 1811 2918 serpit
1829 2860 1873 2900 &
1893 2872 2174 2920 propagatur.
2200 2856 2332 2901 Virus

504 2941 616 2987 ergo
646 2941 889 2971 venereum
908 2942 1000 2971 non
1019 2926 1185 2971 constat
1204 2921 1400 2988 partibus
1425 2919 1627 2966 tenuibus
1643 2954 1655 2972 ,
1674 2919 1846 2966 levibus
1861 2954 1873 2971 ,
1894 2919 2148 2967 volatilibus
2165 2954 2176 2971 ‚
2198 2938 2332 2983 pene-

507 2989 741 3036 trabilibus
756 3024 768 3043 ,
788 3008 881 3053 quae
904 2990 951 3035 in
973 3008 1095 3036 auras
1119 2988 1262 3055 spargi
1283 2985 1468 3052 possint3
1489 3002 1581 3049 quae
1602 2985 1648 3031 in
1676 2984 1834 3031 distans
1860 2986 2070 3039 avolent3
2090 2991 2182 3046 quae
2203 2986 2328 3030 stric-

506 3053 686 3100 tiffimos
723 3073 853 3118 poros
888 3055 1119 3102 celerrime
1153 3052 1400 3120 pervadant
1421 3069 1434 3105 ·‚
1458 3050 1533 3097 sed
1567 3049 1709 3096 craffis
1728 3085 1741 3104 ,
1767 3049 2020 3115 ponderosis
2042 3082 2054 3101 ‚
2087 3049 2181 3093 fixis
2204 3083 2214 3101 ,
2235 3066 2329 3112 quae

507 3120 832 3165 communicari
858 3137 952 3166 non
977 3120 1134 3185 poffint
1151 3154 1163 3172 ,
1183 3116 1263 3165 nisi
1282 3117 1430 3163 calore
1451 3115 1700 3163 exaltentur
1717 3149 1729 3168 ,
1755 3114 1834 3161 nifi
1853 3130 1997 3177 partes
2020 3112 2201 3173 objectae
2222 3130 2324 3159 rara:

505 3181 589 3228 sint
620 3187 665 3228 δε
692 3184 1015 3248 permeabiles,
1036 3184 1116 3231 nisi
1141 3183 1367 3231 contaetus
1401 3180 1653 3229 intercedat
1685 3178 1968 3226 immediatus
2002 3182 2048 3223 &
2085 3177 2183 3225 satis
2227 3178 2328 3225 diu-

509 3259 676 3294 turnus.
