2477 3643
468 177 555 227 11'6
777 179 890 225 DE
955 180 1332 227 MORBIS
1402 180 1920 227 VENEREIS.

446 260 679 326 egregium
726 266 773 310 ὃ(
813 262 1063 329 specificum
1101 263 1349 311 remedium
1390 265 1415 290 ’⁴‘
1447 262 1675 310 laudatum
1707 265 1819 311 olim
1839 261 1939 310 fuit.
1983 262 2167 311 Constat
2193 273 2277 312 au)

445 342 539 374 tem
558 328 644 374 hoc
663 328 833 392 lignum
851 329 973 387 idem
993 329 1121 392 plane
1142 327 1267 374 fuiss'e
1296 345 1396 374 cum
1426 328 1630 394 junipero
1657 334 1827 392 majore
1855 327 1991 375 bacci
2020 329 2270 378 rufescente

444 391 536 439 five
562 394 789 454 oxycedro
806 427 819 446 ‚
846 410 940 439 tum
967 411 1018 440 ex
1053 392 1355 457 descriptione
1382 392 1603 457 ipsiusmet
1630 395 1813 448 Ioannis
1833 394 1995 441 Leonis
2013 426 2027 445 ‚
2059 397 2140 440 loco
2174 397 2272 439 lau-

446 456 542 503 dato
562 497 576 512 ‚
608 474 701 503 tum
729 476 781 504 ex
815 458 1074 504 austoritate
1094 458 1201 511 Julii
1221 457 1402 504 Caesaris
1425 457 1638 522 Scaligeri
1651 460 1698 504 in
1719 459 1980 505 Cardanum
2005 457 2064 503 de
2088 458 2271 504 Subtili-

446 536 537 568 tate
556 556 569 575 ‚
596 527 876 569 exercitatione
896 527 973 568 181.
1002 525 1064 567 πο.
1085 541 1143 580 19.
1170 521 1315 579 Quale
1343 537 1492 569 autem
1516 523 1731 584 judicium
1762 522 1999 569 ferendum
2032 521 2082 566 sit
2109 523 2156 569 in
2188 540 2270 568 cu-

447 586 585 632 randa
601 587 674 633 lue
693 586 883 633 venerea
912 587 967 632 de
988 587 1113 650 ligno
1141 586 1395 651 juniperino
1412 620 1424 639 ,
1449 589 1633 633 Guaiaci
1661 588 1936 634 succedaneo
1954 622 1967 640 ,
2003 586 2163 633 videfis
2193 587 2269 632 su-

444 651 525 715 pra
552 655 720 697 articulo
738 652 894 711 hujusce
916 656 1057 715 capitis
1080 671 1122 709 4.
1153 651 1378 698 Caeterum
1415 653 1665 698 notandum
1693 655 1752 698 est
1781 670 1940 698 vocem
1971 652 2086 697 hanc
2121 656 2267 699 Hete-

447 715 561 761 chen
581 750 593 768 ‚
620 733 712 779 quae
746 733 852 761 vera
877 715 1005 774 hujus
1039 715 1150 779 ligni
1183 716 1298 780 apud
1331 716 1499 763 Arabes
1534 716 1872 763 nomenclatura
1899 715 2025 762 fuisse
2052 715 2232 763 videtur
2250 749 2265 769 ‚

443 780 565 826 varie
593 780 876 845 depravatam
903 778 988 826 else
1013 780 1060 824 in
1089 782 1340 827 Hestedeen
1367 781 1391 826 εὶ
1411 780 1630 847 Prospero
1651 781 1913 844 Borgarutio
1933 814 1946 834 ,
1977 786 2022 827 δε
2051 781 2100 826 in
2120 779 2266 828 Hebs-

442 845 639 891 tedehen
665 845 735 891 vel
757 844 978 891 Heddeen
1006 844 1028 889 εὶ
1050 844 1256 892 Gabriele
1276 845 1485 910 Fallopio.

503 918 565 954 20.
597 912 844 955 Decocstum
868 908 1103 972 saponariae
1132 909 1414 956 officinarum
1433 944 1445 962 ‚
1471 909 1544 957 seu
1576 909 1813 971 lychnidos
1839 909 2076 974 saponariae
2107 909 2230 955 didtae
2250 944 2264 963 ‚

439 974 563 1035 quod
579 975 772 1025 Ioannes
794 973 978 1038 Baptista
995 979 1190 1039 Zappata
1204 1009 1217 1027 ,
1240 975 1486 1039 Empiricus
1502 1009 1514 1027 ,
1537 989 1748 1038 tanquam
1778 974 2031 1039 specificum
2058 973 2266 1021 laudabat

439 1041 470 1083 li
496 1041 779 1103 maravigliofi
791 1041 937 1097 secreti
962 1054 1037 1103 cap
1053 1059 1092 1098 9.
1108 1045 1153 1086 δέ
1167 1041 1290 1103 quod
1307 1039 1670 1086 commendatum
1690 1039 1815 1087 fuiffe
1830 1039 2019 1102 legimus
2036 1040 2059 1086 ὃ,
2076 1039 2266 1086 Daniele

437 1106 660 1149 Sennerto
678 1106 868 1149 Prab'iicae
885 1102 982 1149 Lib.
1002 1112 1042 1149 6.
1058 1119 1178 1168 parte
1198 1125 1240 1162 4.
1257 1120 1348 1168 cap.
1367 1124 1422 1163 17.
1443 1110 1487 1150 δέ
1512 1104 1567 1150 ab
1591 1105 1822 1150 Eustachio
1837 1104 1989 1150 Rudio
2006 1143 2020 1159 ‚
2035 1106 2084 1150 de
2103 1104 2263 1150 Morbo

441 1170 618 1214 Gallico.
650 1169 736 1214 Sed
756 1167 880 1231 quod
898 1172 984 1229 jam
1006 1169 1178 1233 pridem
1198 1170 1370 1233 penitus
1398 1168 1644 1221 obsolevit,
1668 1187 1750 1215 ceu
1769 1169 1929 1215 nullius
1947 1169 2093 1232 pretii.

496 1240 549 1293 30.
585 1235 775 1283 Ioannes
793 1233 1041 1285 Fernelius,
1070 1233 1276 1280 Medicus
1309 1233 1550 1281 Parifienfis
1581 1233 1836 1280 clariffimus
1856 1234 2039 1298 quidem
2057 1268 2070 1287 ,
2100 1235 2174 1282 sed
2205 1235 2262 1282 ab

435 1294 700 1360 hydrargyri
734 1297 809 1343 usu
839 1297 1117 1343 alieniffimus
1137 1332 1149 1351 ,
1175 1317 1309 1361 quem
1339 1299 1634 1363 pernitiosum
1664 1299 1994 1363 Empiricorum
2028 1299 2263 1347 inventum

434 1359 519 1407 effe
548 1362 729 1426 putabat
750 1396 760 1413 ,
780 1361 867 1408 sine
892 1363 1123 1409 Mercurio
1152 1368 1197 1409 &
1227 1364 1424 1410 &naiaco
1457 1363 1697 1428 perfeetam
1719 1364 1800 1409 luis
1831 1381 2031 1409 venereae
2059 1367 2259 1411 curatio·

433 1442 539 1471 nem
569 1426 864 1490 pollicebatur
882 1459 894 1478 ,
923 1445 1004 1491 ope
1033 1428 1220 1473 duarum
1249 1428 1499 1492 opiatarum
1519 1461 1532 1479 ‚
1575 1445 1763 1491 quarum
1793 1428 1976 1473 alteram
2011 1434 2225 1490 majorem
2245 1464 2260 1483 ‚

431 1490 653 1537 minorem
679 1492 861 1537 alteram
887 1492 1091 1537 vocabat.
1125 1492 1497 1557 Componebatur
1519 1508 1704 1556 utraque
1725 1510 1779 1540 ex
1798 1492 2067 1539 vulnerariis
2084 1499 2130 1539 ἃ
2153 1513 2262 1555 pur-

432 1556 638 1617 gantibus
665 1555 824 1608 variis,
855 1555 931 1602 sed
955 1573 1112 1603 neutra
1134 1557 1190 1602 ad
1207 1557 1326 1603 luem
1346 1574 1584 1604 veneream
1611 1557 1937 1621 profligandam
1972 1556 2069 1603 stitis
2102 1558 2255 1608 efficax

431 1636 541 1665 erat.
562 1620 739 1666 Illarum
760 1621 1009 1684 opiatarum
1029 1621 1230 1667 formula:
1249 1655 1261 1673 ,
1297 1640 1403 1685 quas
1439 1622 1560 1686 piget
1581 1622 1653 1666 hic
1674 1621 1923 1667 exscribere
1941 1655 1954 1673 ‚
1977 1621 2122 1667 obviae
2155 1623 2255 1670 sunt

430 1684 544 1746 apud
571 1684 712 1748 ipsum
747 1686 999 1732 Fernelium
1030 1691 1101 1731 De
1137 1690 1339 1732 curatione
1370 1690 1447 1732 luis
1465 1692 1682 1739 Venereae,
1709 1702 1801 1750 cap.
1830 1703 1880 1747 ις.
1916 1702 1990 1732 aut
2020 1687 2136 1750 apud
2175 1691 2257 1741 Ju-

427 1747 539 1794 lium
578 1749 842 1796 Palmarium
887 1749 985 1797 Lib.
1021 1765 1052 1794 1.
1095 1751 1143 1796 de
1179 1755 1268 1798 Lite
1304 1750 1511 1805 venerei,
1547 1764 1638 1815 cap.
1674 1768 1715 1808 7.
1748 1749 1826 1796 ubi
1866 1748 2056 1815 apertius
2087 1770 2257 1818 propo-

428 1830 608 1860 nuntur.
1843 1832 1855 1838 ·

487 1887 554 1935 40.
591 1877 729 1931 Julius
755 1878 828 1925 ille
848 1879 1086 1925 Palmarius
1105 1912 1117 1931 ‚
1138 1880 1313 1926 celeber
1333 1878 1521 1926 Fernelii
1552 1877 1788 1942 discipulus
1807 1911 1820 1930 ,
1855 1877 1932 1925 sed
1965 1878 2015 1924 ea
2041 1877 2090 1926 in
2125 1899 2173 1928 re
2207 1881 2254 1931 in

426 1943 564 1988 verba
583 1944 780 2004 Magistri
799 1948 944 2006 jurare
958 1944 1145 1990 nimium
1162 1960 1335 2009 paratus
1356 1962 1448 1991 non
1469 1943 1667 1988 sustinuit
1684 1943 1868 2007 quidem
1888 1945 2107 1991 Mercurii
2127 1946 2254 1993 usum

426 2022 529 2051 cum
547 2007 624 2053 illo
654 2008 863 2054 damnare
880 2042 892 2060 ‚
916 2025 964 2054 ut
991 2013 1109 2070 cujus
1136 2010 1300 2055 utilitas
1326 2009 1373 2054 in
1400 2009 1493 2055 dies
1510 2008 1782 2072 exploratior
1802 2007 1906 2054 effet
1923 2041 1936 2060 ‚
1956 2023 2000 2053 at
2017 2011 2126 2056 vero
2145 2011 2255 2058 exis:-

426 2071 603 2118 timavit
629 2090 730 2117 cum
749 2073 829 2118 illo
849 2073 968 2120 luem
987 2073 1203 2121 debellari
1228 2073 1345 2138 poffe
1375 2073 1469 2119 solo
1496 2073 1650 2137 opiatae
1671 2071 1775 2124 usu,
1804 2090 1937 2135 quam
1971 2071 2120 2119 ibidem
2148 2094 2252 2139 pro-

423 2136 555 2198 ponit
571 2171 583 2189 ,
609 2136 694 2199 qua
714 2137 824 2182 dicit
849 2143 1041 2184 neminem
1058 2139 1245 2184 habienus
1261 2139 1413 2199 fnlfitm
1437 2141 1506 2201 effe
1520 2176 1535 2190 ‚
1556 2155 1689 2200 quam
1711 2138 1913 2183 venalem
1935 2139 2129 2200 prostare
2148 2159 2252 2186 mo-

425 2216 502 2245 net
524 2202 705 2247 Lutetiae
734 2206 776 2247 in
802 2206 894 2248 vico
914 2206 1148 2248 Antoniano
1171 2203 1286 2267 apud
1305 2203 1702 2266 Pharmacopoeum
1714 2219 1849 2264 quem
1869 2201 2071 2247 nominat
2086 2236 2099 2254 2
2115 2221 2250 2267 quam

423 2264 589 2312 fatetur
617 2283 668 2311 ex
690 2265 855 2312 duabus
874 2267 1013 2313 modo
1035 2269 1293 2314 memoratis
1320 2267 1507 2314 Fernelii
1529 2266 1688 2330 opiatis
1711 2266 1999 2330 compositam
2017 2265 2100 2313 esse
2122 2302 2134 2320 ,
2167 2271 2249 2315 ad·-

413 2332 529 2389 Jecflis
557 2334 674 2376 etiam
690 2369 704 2383 ,
728 2346 774 2375 ut
798 2331 873 2377 ille
895 2331 1118 2395 subjungit
1135 2366 1146 2384 ‚
1167 2335 1319 2395 aliquot
1351 2335 1445 2378 aliis
1480 2332 1774 2377 medicamentis
1790 2369 1804 2384 ,
1839 2347 1918 2393 quie
1949 2332 2145 2391 adverfhs
2167 2352 2244 2380 ve-

420 2411 525 2440 nena
547 2397 689 2440 valere
723 2394 773 2440 (ῥ’
809 2396 866 2440 ad
886 2397 1050 2455 fhdores
1083 2398 1237 2442 ciendos
1259 2397 1454 2460 aptiffima
1472 2399 1542 2458 effe
1561 2410 1802 2459 compererat
1819 2416 1831 2440 ‚-
1861 2394 1935 2442 sed
1961 2413 2094 2458 quam
2117 2414 2243 2446 certo

424 2458 586 2505 certius
606 2461 665 2505 est
684 2475 838 2522 optato
857 2459 1033 2506 effeetui
1059 2461 1273 2525 imparem
1291 2459 1431 2508 fuiffe.

490 2531 550 2585 50.
591 2523 851 2570 Guillelmus
878 2525 1169 2572 Rondeletius
1186 2524 1404 2572 Profeffor
1423 2531 1468 2572 δε
1496 2523 1801 2571 Cancellarius
1829 2524 2060 2571 facultatis
2089 2527 2249 2574 Medi-·

424 2605 481 2633 cae
516 2587 880 2652 Monspeffulanae
899 2623 911 2641 ‚
928 2589 1071 2635 afferit
1099 2594 1140 2635 in
1166 2593 1370 2636 Traei‘iasn
1400 2591 1448 2636 de
1469 2588 1626 2637 Morbo
1656 2591 1800 2634 Italico
1823 2628 1837 2643 ,
1862 2592 1905 2650 se
1928 2594 1969 2635 in
1996 2591 2243 2654 pauperibus

421 2653 531 2710 usiam
567 2654 635 2711 effl’
658 2654 803 2717 fyrnpo
824 2654 958 2714 simili
990 2653 1228 2714 Ambrosii,
1262 2660 1331 2717 qui
1362 2672 1414 2700 ex
1446 2655 1598 2699 decoe'io
1629 2656 1730 2698 milii
1758 2669 1942 2717 paratur
1973 2654 2023 2699 Θ
2054 2660 2245 2700 ramentis

421 2718 523 2778 ligni
541 2718 706 2776 ficuum.
752 2720 918 2763 Prostat
937 2717 1076 2764 fimile
1103 2718 1350 2765 remedium
1371 2720 1418 2764 in
1438 2717 1782 2780 Pharmacopoea
1803 2715 1988 2763 Bateana
2019 2716 2098 2762 sub
2131 2719 2241 2765 titu-

421 2780 467 2825 lo
502 2782 668 2826 Decoffl
692 2780 953 2840 Ambrofinni
969 2822 984 2836 ‚
1015 2783 1268 2846 diciturque
1291 2783 1628 2847 Diaphoreticum
1651 2782 1792 2827 nobile.
1834 2780 1994 2827 Refert
2022 2782 2240 2832 Nicolaus

422 2844 657 2891 Chesneau
683 2849 724 2889 in
750 2846 887 2892 ordine
916 2847 1173 2892 remediorum
1194 2847 1446 2911 alphabetico
1474 2846 1530 2891 ad
1557 2845 1723 2891 calcem
1739 2844 2121 2893 Observationum
2147 2847 2240 2893 sua-

421 2927 519 2955 rum
540 2909 708 2971 adjetsto
726 2910 902 2955 tertiam
927 2910 1124 2971 ejusdem
1146 2911 1333 2958 remedii
1354 2910 1590 2957 formulam
1605 2943 1617 2962 ,
1646 2915 1766 2971 juxta
1784 2927 1915 2973 quam
1941 2910 2112 2957 milium
2134 2929 2236 2957 cum

419 2973 589 3038 paffulis
619 2979 664 3019 &
688 2973 856 3020 ficubus
885 2975 1152 3040 decoquitur
1169 3010 1183 3030 ,
1211 2977 1360 3040 aitque
1386 2976 1620 3024 decoetum
1647 2974 1759 3022 illud
1787 2976 1959 3023 laudari
1980 2975 2032 3026 ab
2058 2975 2236 3024 otthone

469 3083 496 3110 >k
525 3079 695 3117 Gabriele
717 3080 875 3131 Fallopio
891 3109 901 3125 ‚
921 3085 1084 3119 Trae‘t'at.
1102 3082 1142 3118 de
1160 3083 1283 3119 Morbo
1300 3083 1438 3120 Gallico
1454 3111 1463 3124 ‚
1482 3088 1555 3130 cap.
1577 3094 1644 3127 40.

470 3132 629 3168 Antonio
650 3132 879 3168 Fracamiano
895 3161 903 3175 ,
921 3136 982 3170 Lib
1012 3136 1052 3169 de
1070 3135 1191 3171 Morbo
1210 3134 1356 3170 Gallico.

468 3183 689 3220 Bernardino
708 3184 910 3220 Tomitano
926 3211 937 3227 ‚
954 3185 1028 3221 Lib.
1052 3200 1085 3222 2.
1111 3185 1150 3221 de
1169 3184 1289 3221 Morbo
1308 3185 1464 3226 Gallico,
1482 3192 1557 3233 cap.
1579 3197 1595 3221 1
1609 3190 1645 3223 6.

466 3234 644 3286 Prospero
662 3235 884 3287 Botgatutio
900 3262 912 3281 ,
929 3236 1085 3279 Method.
1101 3240 1142 3274 de
1156 3236 1278 3275 Morbo
1294 3237 1431 3275 Gallico
1445 3262 1456 3278 ,
1477 3243 1552 3285 cap,
1578 3249 1636 3281 14.
