2477 3643
166 581 291 619 Prima
310 607 321 625 ‚
338 589 379 616 ut

146 635 361 673 inflamma-

147 686 258 725 tionis
276 685 378 723 reso-

147 736 244 775 lutio
288 751 378 789 pro-

146 803 304 839 curetur.

423 164 523 214 ses
803 159 913 210 DE
971 145 1919 208 ΜοιὶΒῐενιεῑκῑιεῑὶιεῐζ.Ι

423 243 491 289 tio
514 261 525 288 t
547 241 721 297 Alteri,
743 239 774 288 fi
797 259 850 290 ea
872 239 990 288 secus
1021 238 1259 288 eveniant,
1290 251 1337 282 ut
1365 233 1519 283 saltem
1548 235 1789 282 imminens
1817 248 2118 301 praecaveatur
2145 237 2261 300 gan}
2320 285 2322 288 ,

423 325 567 372 graena
581 342 594 361 ‚
618 307 790 355 remor&
815 306 1056 369 diligenter
1075 302 1200 349 causa
1216 334 1228 353 ‚
1255 300 1279 345 a
1296 299 1385 364 qua
1404 300 1646 347 metuenda
1665 301 1897 348 videretur
1917 321 1927 348 z
1947 302 2111 348 Tertiae
2129 301 2259 349 deni-'

421 390 512 436 que
531 373 561 420 fi
581 373 762 420 morbus
781 387 922 418 artem
942 366 1122 416 eluserit
1139 400 1151 419 ,
1181 381 1228 412 ut
1247 364 1466 429 incipiens
1488 363 1714 430 sphacelus
1729 365 1935 413 celeriter
1953 367 2221 430 reprimatur
2238 397 2256 419 ,
2303 380 2306 381 ’

425 437 456 483 si
486 437 548 486 ita
584 438 715 485 liceat
735 470 750 491 ,
781 436 853 484 vel
887 432 1159 496 caeteroquin
1189 430 1361 477 crudeli
1390 430 1466 478 sed
1497 428 1734 477 necessaria
1757 432 2022 495 operatione
2055 431 2147 477 cito
2179 449 2260 486 εκ·-

428 502 633 567 tirpetur.
1939 514 1953 524 ²

494 573 527 613 Ι.
557 574 711 630 ltaque
736 583 788 612 ex
808 563 980 627 legibus
999 561 1148 626 primae
1168 558 1455 606 iudicationis
1471 593 1484 612 ,
1507 568 1562 604 10.
1595 561 1780 622 Sanguis
1800 560 1846 606 in
1867 559 2088 625 principio
2117 559 2257 622 largi-

428 648 495 680 ter
515 631 757 678 mittendus
778 631 836 676 est
857 647 909 675 ex
927 628 1052 675 venis
1077 626 1219 671 cubiti
1239 625 1491 670 alterutrius
1507 658 1519 676 ‚
1539 642 1631 670 non
1648 625 1785 671 modo
1815 641 1881 671 ter
1901 643 2114 688 quaterve
2134 659 2147 677 ,
2176 624 2255 671 sed

427 699 562 746 etiam
585 695 615 741 fi
633 695 781 741 morbi
801 692 1088 740 vehementia
1104 691 1167 736 ita
1184 689 1469 755 postulaverit
1483 723 1496 742 ,
1511 688 1669 751 quarta
1684 689 1859 753 quaque
1880 690 1990 736 hora
2016 708 2093 754 per
2115 707 2256 736 unum

427 779 501 810 aut
526 764 713 808 alterurn
739 759 860 805 diem
878 792 891 811 ‚
909 775 958 803 ur
981 756 1168 821 depletis
1198 755 1249 800 eti
1279 755 1454 800 ratione
1478 753 1584 800 valis
1603 787 1614 806 ‚
1635 753 1865 818 fractoque
1897 755 2046 801 cordis
2069 760 2113 801 δέ
2135 770 2256 801 arte-

425 829 594 875 riarum
610 824 734 890 pulsu
751 824 893 870 nimio
910 841 921 875 ·‚
939 822 1108 868 cruoris
1136 820 1320 884 quidem
1339 818 1520 865 affluxus
1539 819 1595 864 ad
1615 834 1788 883 partem
1815 819 2045 866 dolentem
2074 821 2256 884 parcior

421 892 474 938 fit
495 897 540 938 δέ
558 890 750 938 debilior
768 923 780 942 ‚
802 888 992 935 refluxus
1011 887 1121 934 verb
1140 885 1323 931 uberior
1350 884 1632 947 faciliorque.

489 964 553 1002 20.
589 955 660 1002 Ab
687 954 814 1002 omni
843 952 1224 1000 esch-aroticorum
1243 955 1288 995 δέ
1309 949 1692 995 cathaereticorum
1718 948 1798 995 usu
1822 949 2096 996 illicocaute
2126 949 2258 995 absti-·

420 1021 621 1068 nendum
638 1055 649 1073 ,
675 1037 731 1066 ne
749 1018 875 1083 gravi
895 1018 1053 1064 dolore
1080 1033 1214 1080 quem
1234 1016 1353 1061 cient
1371 1049 1383 1067 ‚
1401 1013 1564 1060 fibi-osa
1583 1015 1776 1078 partium
1800 1015 1979 1060 stamina
1997 1014 2257 1063 convulfive.

418 1085 482 1133 ita
503 1086 748 1150 crispentur
762 1118 775 1137 ‚
798 1100 844 1129 ut
865 1081 1017 1129 solitus
1038 1081 1258 1144 sanguinis
1283 1096 1557 1125 commeatus
1578 1077 1807 1125 difficilior
1825 1079 1932 1125 inde
1953 1079 2054 1126 fian

493 1160 556 1212 30.
591 1150 688 1197 Imb
720 1149 831 1196 verb
856 1147 1014 1194 contra
1047 1145 1303 1192 adhibenda
1319 1143 1472 1191 sedulo
1496 1144 1772 1191 emollientia
1788 1178 1799 1196 ‚
1831 1144 2071 1192 relaxantia
2090 1178 2102 1196 ‚
2127 1161 2256 1208 pare-

416 1217 574 1278 gorica
592 1249 604 1268 ,
630 1232 726 1279 quae
753 1213 961 1260 dolorem
982 1210 1310 1274 compescendo
1336 1215 1382 1255 δέ
1403 1208 1692 1256 erethismum
1712 1209 1963 1272 mitigando
1984 1210 2153 1255 cruoris
2171 1210 2259 1254 cir-

420 1281 636 1328 culationi
654 1279 849 1326 faveant.
880 1276 1185 1324 Conducibile
1203 1276 1261 1321 est
1283 1275 1328 1318 in
1354 1274 1470 1320 hunc
1490 1274 1626 1321 finem
1645 1291 1814 1339 partem
1840 1273 2041 1321 affectam
2065 1274 2223 1320 fovere
2238 1308 2255 1327 ‚

419 1345 532 1392 lacte
559 1344 797 1408 subtepido
825 1343 919 1389 solo
938 1375 951 1394 ‚
981 1342 1053 1388 vel
1078 1341 1147 1387 cui
1175 1339 1307 1385 flores
1331 1344 1376 1385 δε
1398 1355 1553 1385 cortex
1589 1340 1819 1386 medianus
1858 1338 2053 1385 sambuci
2088 1340 2254 1386 incocti

417 1409 590 1457 fuerint
613 1427 623 1459 ς
647 1410 835 1456 decocto
864 1407 1064 1454 radicum
1091 1405 1250 1451 althaeae
1278 1409 1323 1450 ὃς
1346 1404 1580 1468 nymphaeae
1601 1421 1612 1455 3
1633 1403 1781 1449 infuso
1811 1403 2098 1466 mucaginoso
2120 1403 2256 1450 semi-

419 1492 530 1521 num
549 1474 692 1539 psyllii
710 1473 854 1520 &lini
876 1474 922 1518 in
941 1471 1052 1534 aqua
1082 1468 1280 1516 rosarum
1300 1474 1387 1515 &c.
1418 1469 1489 1515 vel
1513 1468 1684 1514 summo
1710 1468 1812 1532 peni
1837 1469 1986 1533 tepide
2008 1469 2254 1517 admovere

419 1557 671 1586 cremorem
699 1554 923 1585 recentem
951 1536 1023 1583 seu
1042 1535 1197 1581 florem
1221 1534 1338 1579 laetis
1358 1552 1369 1586 ·‚
1393 1532 1656 1597 cataplasma
1675 1533 1731 1579 de
1754 1533 1867 1578 mica
1891 1534 2011 1596 panis
2031 1551 2131 1578 cum
2153 1551 2253 1579 cro-⁴

419 1622 475 1650 co
497 1609 542 1650 &
563 1604 640 1650 ovi
661 1603 817 1649 vitello
836 1637 849 1655 ,
876 1601 945 1648 vel
966 1601 1091 1664 quod
1116 1598 1335 1646 efficacius
1363 1600 1448 1651 est,
1465 1597 1645 1644 admista
1668 1596 1842 1663 saponis
1863 1597 1952 1645 albi
1977 1597 2122 1644 rasura
2141 1615 2258 1653 tem->

418 1685 623 1735 peratum
651 1673 739 1714 ἃς.

486 1735 555 1791 4⁰.
585 1734 711 1779 Utile
735 1733 794 1779 est
824 1731 871 1777 in
904 1729 1115 1776 eumdem
1147 1727 1283 1776 finem
1312 1741 1408 1773 tum
1443 1727 1677 1780 somnum,
1706 1726 1734 1772 fi
1762 1726 1923 1773 dolore
1949 1725 2089 1772 nimio
2110 1727 2257 1792 impe-'
2325 1764 2333 1770 .

419 1797 567 1845 diatur
584 1832 594 1850 ‚
617 1797 856 1844 narcoticis
874 1794 1115 1840 conciliare
1133 1827 1144 1843 ‚
1166 1811 1212 1838 ut
1231 1793 1431 1839 Decosto
1457 1796 1584 1839 unius
1604 1791 1838 1839 alteriusve
1857 1791 2009 1856 capitis
2028 1794 2255 1856 papaveris

419 1863 538 1914 albi,
559 1866 730 1926 Syrupo
751 1862 806 1907 de
826 1859 1036 1905 diacodio
1068 1858 1123 1904 ab
1142 1857 1171 1923 ᾖ
1192 1858 1236 1904 ss.
1266 1857 1321 1903 ad
1340 1873 1367 1919 3
1385 1861 1441 1916 vj.
1470 1858 1593 1920 Opio
1627 1858 1700 1904 vel
1732 1858 1926 1902 laudano
1951 1857 2056 1919 agr.
2079 1861 2105 1918 j.
2135 1857 2190 1902 ad
2207 1858 2254 1918 ij.

420 1927 637 1973 Tinstura
670 1924 876 1986 anodyna
898 1924 921 1968 a
952 1939 1063 1986 gutt.
1099 1940 1169 1967 xx.
1186 1923 1258 1968 'ad
1282 1939 1381 1967 xxx.
1405 1921 1554 1967 Pilulis
1576 1922 1633 1968 de
1655 1920 1913 1985 cynogloslo
1934 1921 1957 1966 a
1974 1938 2040 1984 gr.
2063 1940 2105 1966 v.
2135 1922 2189 1967 ad
2211 1941 2254 1967 x.

419 1996 509 2037 &c.
534 2008 628 2037 tum
649 1991 798 2036 alvum
817 1988 1021 2052 quotidie
1053 1987 1200 2032 laxare
1227 1986 1442 2033 enematis
1473 1986 1804 2033 emollientibus
1822 2020 1833 2038 ,
1854 1985 2126 2032 diluentibus
2143 2020 2155 2038 ,
2178 2004 2255 2032 ec-

421 2057 663 2120 coproticis
676 2089 688 2107 ,
707 2073 760 2101 ex
778 2053 889 2117 aqud
906 2051 1112 2098 fluviatili
1127 2051 1274 2115 tepida
1290 2082 1303 2103 ,
1317 2050 1449 2114 puri,
1468 2051 1540 2096 vel
1559 2051 1661 2097 oleo
1679 2050 2006 2114 amygdalarum
2023 2050 2222 2096 dulcium
2237 2085 2255 2105 ,

420 2120 588 2181 butyro
611 2119 805 2172 recenti,
823 2118 954 2165 melle
975 2116 1178 2164 violaceo
1198 2131 1272 2162 aut
1292 2115 1543 2162 mercuriali
1562 2148 1574 2167 ,
1594 2115 1789 2163 medulla
1807 2114 1937 2161 cassiae
1966 2120 2053 2161 &c.
2080 2121 2258 2182 'tempe-1

494 2185 510 2199 Λ

421 2201 529 2231 rata.

492 2251 552 2309 5⁹.
586 2249 631 2297 Si
662 2248 798 2295 febris
833 2265 982 2294 comes
1007 2247 1114 2293 adsit
1132 2280 1144 2300 ,
1165 2260 1213 2291 ut
1242 2244 1336 2292 fere
1359 2259 1620 2310 perpetuum
1647 2246 1707 2292 est
1726 2241 2078 2307 quotiescunque
2106 2260 2256 2292 tumor

421 2314 792 2360 inflammatorius
824 2314 1000 2376 gravior
1030 2314 1088 2358 est
1117 2345 1129 2364 ‚
1179 2327 1289 2373 aeger
1317 2311 1342 2355 a
1376 2309 1662 2356 solidioribus
1697 2309 1807 2355 cibis
1837 2308 2172 2356 interdicendus
2208 2317 2257 2357 δε

421 2379 597 2440 jusculis
629 2378 800 2424 tantum
833 2379 904 2424 vel
937 2377 1088 2423 dilutis
1109 2374 1385 2422 cremoribus
1413 2374 1677 2421 nutriendus
1697 2376 1780 2427 est3
1799 2374 1942 2436 largus
1972 2373 2096 2419 fimul
2127 2390 2258 2438 potus

420 2443 708 2508 imperandus
726 2445 785 2489 est
804 2443 1019 2489 tenuioris
1038 2440 1193 2502 jusculi
1214 2458 1266 2487 ex
1288 2440 1408 2504 pullo
1435 2439 1681 2503 gallinaceo
1696 2473 1708 2491 ,
1735 2439 1808 2484 vel
1826 2438 2001 2503 ptisanae
2018 2456 2069 2484 ex
2090 2438 2260 2485 decoc-

422 2509 479 2554 tis
502 2507 724 2555 radicibus
746 2508 906 2553 althaeae
934 2540 947 2559 ‚
969 2506 1205 2570 nymphaeae
1222 2538 1234 2558 ,
1269 2502 1450 2551 acetosae
1474 2538 1488 2556 ,
1514 2504 1702 2550 cichorii
1731 2509 1817 2549 &c.
1844 2503 1995 2549 addita
2025 2521 2107 2567 pro
2141 2503 2256 2550 libra

420 2573 622 2637 qudlibet
648 2571 995 2619 semi-drachma
1022 2569 1206 2631 crystalli
1238 2569 1462 2616 mineralis
1481 2569 1553 2615 vel
1587 2567 1923 2631 salis‘prunellae.
1964 2566 2158 2613 Demum
2187 2568 2257 2614 bis

422 2638 469 2684 in
499 2638 574 2684 die
600 2637 885 2701 propinant-isc
923 2633 1181 2682 emulsiones
1206 2634 1439 2680 dilutiores
1465 2651 1518 2678 ex
1552 2632 1791 2679 seminibus
1817 2631 1993 2695 frigidis
2028 2665 2041 2684 ‚
2088 2630 2254 2680 semine

421 2703 505 2748 lini
532 2734 546 2753 ,
577 2702 805 2765 papaveris
839 2701 930 2749 albi
956 2706 1002 2747 δε
1037 2697 1246 2749 cannabis
1272 2732 1285 2751 ,
1316 2714 1365 2744 ut
1392 2697 1557 2744 nimius
1582 2695 1801 2761 sanguinis
1828 2695 1982 2744 fervor
2008 2692 2253 2744 *efficaciter

422 2781 800 2829 contemperetur.

478 2838 539 2875 60.
573 2829 792 2875 Caeterum
815 2828 996 2893 expedit
1016 2845 1209 2891 aegrum,
1238 2826 1269 2872 fi
1300 2826 1482 2873 morbus
1502 2824 1738 2889 urgentior
1765 2823 1905 2871 fuerit
1922 2857 1934 2877 ,
1954 2823 2002 2869 iu
2028 2823 2143 2869 lefto
2172 2824 2255 2871 dea

422 2895 633 2941 cumbere
654 2894 734 2939 situ
752 2894 952 2957 corporis
972 2892 1127 2955 supino
1144 2925 1156 2945 ‚
1182 2908 1277 2937 tum
1296 2908 1343 2938 ut
1360 2892 1535 2955 quietus
1562 2890 1704 2936 otiose
1724 2892 1864 2950 jaceat
1880 2922 1892 2941 ‚
1921 2905 2015 2934 tum
2039 2905 2087 2934 ut
2107 2906 2255 2935 reme-

421 2959 497 3005 dia
516 2958 796 3006 commodius
823 2958 980 3022 possint
1002 2962 1049 3002 δε
1069 2956 1301 3003 admoveri
1326 2963 1371 3003 δε
1389 2955 1641 3008 contineri,
1666 2971 1759 3000 tum
1789 2952 2056 3018 potiffimum
2096 2957 2110 3011 (
2125 2957 2181 3011 a)
2207 2963 2253 2998 m

421 3029 523 3071 coles
550 3026 608 3070 ad
630 3039 809 3067 ventrem
828 3025 1005 3084 deligari
1020 3023 1133 3085 poffit
1147 3060 1162 3078 ,
1186 3023 1296 3087 quod
1312 3026 1355 3072 in
1373 3026 1477 3071 omni
1495 3024 1698 3070 curatione
1719 3024 1799 3080 ejns
1826 3019 2083 3083 neceffitrium
2103 3014 2183 3077 est,
2202 3028 2252 3066 ut

427 3084 555 3155 supra
574 3087 807 3134 docuimus
825 3101 914 3150 cap.
934 3106 974 3145 7.
992 3095 1027 3142 §.
1050 3104 1085 3149 5.

469 3228 552 3278 xa)
583 3224 708 3265 Celsus
723 3252 733 3272 ,
759 3223 800 3265 de
817 3223 950 3263 Medic.
965 3220 1042 3260 Lib.
1063 3227 1101 3261 6.
1116 3231 1191 3275 cap.
1218 3226 1281 3265 18,
2079 3201 2110 3235 θ’
