2477 3643
651 144 915 190 Linea
980 144 1118 190 111.
1188 136 1635 193 CAi‘terI.
1896 161 1994 219 ²317

170 240 294 276 hum
326 226 603 292 imponendo
634 243 689 275 ex
725 225 961 290 :equalibus
998 223 1194 291 partibus
1224 225 1556 290 emplastrorum
1591 229 1823 282 diabotani
1857 242 1902 284 δε
1932 239 1992 290 de

176 292 534 356 mucilaginibus.

307 431 350 479 §.
396 426 504 468 111.
555 421 657 466 DE
707 421 1040 467 BUBONE
1097 423 1875 474 CARCINOMATODE.

231 550 462 614 Descriptio
487 550 537 598 (ῥ’
569 548 806 611 diffi’remiae.
839 547 963 595 Bubo
985 547 1248 598 skirrhodes
1267 585 1280 604 ,
1301 549 1407 597 dum
1432 551 1480 598 in
1495 553 1889 604 carcinomatoden
1909 557 1990 606 dea·

173 630 373 678 generat.

236 686 294 722 10.
323 675 552 724 Incalescit
568 711 580 728 ,
597 675 783 723 obscure
807 676 931 723 dolet
950 676 979 720 fi
1000 694 1220 741 prematur
1238 712 1252 731 ,
1272 679 1526 727 intumescit
1539 715 1550 735 ‚
1573 682 1724 730 durius
1749 685 1957 732 renititur
1974 720 1987 740 ‚

171 741 424 789 identidem
450 741 642 787 lancinat
663 776 675 794 ,
696 742 796 787 raro
828 757 1004 793 tamen3
1037 747 1082 787 δέ
1103 758 1208 789 tunc
1233 750 1460 791 carcinoma
1479 751 1672 811 incipiens
1696 749 1950 814 appellatur.

240 816 305 853 20.
340 807 449 853 Inde
469 807 605 869 magis
627 807 738 852 calet
756 840 769 857 ,
793 805 917 851 dolet
936 839 947 857 ,
980 821 1122 853 tumet
1139 841 1151 859 ‚
1179 809 1383 855 renititur
1410 828 1423 862 ;
1456 811 1729 874 frequentius
1754 819 1800 860 &
1823 815 1992 864 acutius

172 869 395 924 lancinat,
418 871 584 917 mutata
613 870 750 933 figura
783 869 829 914 in
854 870 1025 933 apicem
1055 870 1296 935 fastigiatur
1313 907 1325 926 ,
1354 891 1487 937 quem
1523 877 1632 923 cutis
1660 877 1781 925 tensa
1800 913 1813 931 ,
1842 880 1990 934 laevis,

173 936 325 983 lucens
345 971 358 988 ,
387 935 599 982 subrubra
636 935 844 998 obtegit3
875 939 920 980 δε
959 950 1064 980 tunc
1095 942 1323 983 carcinoma
1355 940 1626 998 confirmatum
1662 943 1846 1005 quidem
1865 978 1882 998 ,
1915 945 1989 993 sed

171 1005 366 1047 occultum
394 1001 571 1046 dicitur.

245 1075 307 1126 3⁰.
341 1065 535 1111 Demum
568 1062 804 1123 fastigiatus
828 1079 935 1126 apex
960 1063 1134 1110 discissi
1159 1080 1259 1111 cute
1285 1065 1333 1110 in
1355 1065 1477 1112 ulcus
1504 1066 1691 1115 dehiscit
1709 1103 1721 1123 ,
1756 1073 1875 1119 unde
1897 1073 1993 1119 sani

167 1129 266 1193 guis
283 1165 296 1183 ,
323 1130 450 1175 ichor
466 1164 478 1182 ,
500 1127 636 1174 sanies
655 1127 844 1172 stillatim
866 1144 1071 1181 manantz,
1092 1128 1212 1175 ulcus
1238 1129 1455 1194 incipiens
1485 1133 1619 1180 tacito
1639 1137 1867 1198 progressu
1890 1138 1992 1184 sen-

171 1195 249 1241 sim
278 1195 540 1259 ampliatum
573 1191 780 1238 cancrosa
799 1194 983 1238 materia
1003 1193 1268 1256 expanditur
1288 1199 1332 1240 δε
1353 1211 1551 1243 extumet
1570 1214 1583 1248 5
1605 1199 1762 1246 ulceris
1796 1219 1884 1248 orae
1917 1205 1993 1249 in„

172 1275 408 1306 vertuntur
443 1264 488 1304 &
524 1256 771 1304 extrorsum
801 1256 1066 1320 replicantur
1086 1276 1097 1310 3
1120 1276 1223 1304 caro
1257 1258 1488 1305 succrescit
1522 1260 1709 1326 fungosa
1728 1298 1742 1317 ,
1769 1266 1870 1313 tabe
1899 1267 1993 1314 dif-

173 1323 314 1369 fluens
345 1341 357 1375 3
384 1323 510 1368 ichor
529 1355 541 1374 ,
572 1321 744 1385 sanguis
780 1321 920 1367 sanies
955 1322 1147 1368 ubertim
1177 1322 1404 1386 profluunt
1430 1342 1441 1377 ·‚
1470 1325 1603 1371 dolor
1633 1344 1760 1374 atrox
1781 1364 1793 1382 ,
1826 1347 1958 1377 urens
1977 1364 1996 1384 ,

165 1387 392 1434 lancinans
417 1386 649 1433 discruciat
667 1405 678 1439 3
699 1386 885 1432 tumoris
912 1387 1106 1433 confinia
1133 1386 1276 1435 livent
1293 1421 1307 1441 ,
1326 1406 1418 1435 uno
1437 1389 1579 1436 verbo
1600 1396 1829 1439 carcinoma
1849 1397 1994 1457 confir-

170 1466 319 1498 matum
341 1453 392 1499 (θ’
412 1455 683 1498 exulceratum
702 1453 776 1497 est.

231 1515 456 1562 Caeterum
471 1531 518 1562 ut
537 1515 595 1562 de
612 1512 789 1562 skirrho
806 1514 970 1561 dictum
990 1516 1049 1561 est
1066 1549 1078 1568 ‚
1100 1515 1154 1562 fic
1174 1534 1352 1581 quoque
1372 1519 1623 1566 carcinoma
1649 1521 1909 1569 mobilitatis
1927 1541 1995 1571 ra-

165 1581 295 1626 tione
315 1582 457 1626 variat
475 1599 487 1634 ·,
504 1598 605 1626 nam
635 1580 774 1625 modo
806 1581 983 1625 vacillat
1002 1585 1048 1625 δε
1068 1581 1117 1625 in
1143 1580 1246 1629 sede
1265 1583 1433 1630 mobile
1459 1586 1519 1631 est
1536 1618 1549 1637 ,
1568 1587 1708 1632 modo
1736 1589 1892 1634 contra
1911 1590 1995 1635 sta-

170 1643 262 1690 bile
287 1644 484 1704 subjedfis
506 1644 703 1709 partibus
720 1645 907 1690 firmiter
932 1643 1202 1690 adhaerescit.

234 1710 385 1768 Causa.
431 1709 759 1756 Carcinomatis
784 1707 1005 1771 aetiologia
1032 1708 1116 1753 hoc
1143 1709 1278 1755 unico
1313 1710 1535 1775 principio
1567 1712 1776 1760 hactenus
1802 1714 1961 1778 ignoto
1979 1750 1994 1771 ,

169 1788 368 1819 attamen
387 1774 610 1820 verissimo
631 1789 723 1818 tota
744 1773 901 1818 nititur
918 1806 931 1825 ‚
953 1773 1163 1819 nimirum
1182 1774 1391 1838 limpham
1412 1777 1459 1821 in
1480 1775 1658 1822 skirrho
1673 1779 1908 1843 impactam
1933 1800 1999 1828 ra·

168 1835 420 1884 rescibilem
446 1837 531 1885 effe
561 1837 589 1882 fi
610 1837 810 1889 calefiat,
834 1853 1143 1901 conceptoque
1161 1836 1294 1885 semel
1318 1838 1499 1886 fervore
1522 1841 1577 1886 ad
1595 1843 1905 1906 expansionem
1923 1846 1998 1892 in-

163 1901 250 1947 sito
278 1902 463 1949 elaterio
482 1902 566 1948 niti
585 1918 814 1947 momento
839 1902 963 1947 tanto
998 1906 1168 1961 majore
1184 1936 1196 1954 ,
1218 1905 1386 1966 quanto
1407 1905 1547 1968 magis
1570 1905 1751 1953 densata
1772 1914 1818 1954 &
1837 1912 1997 1957 consti-

167 1981 269 2030 pata
286 1966 436 2013 fuerit.
467 1967 518 2014 Id
538 1967 636 2012 sane
659 1966 729 2013 vel
757 1985 811 2013 ex
842 1984 897 2013 eo
920 1966 1098 2012 abunde
1130 1965 1480 2021 demonstratur,
1497 1970 1619 2033 quod
1637 1970 1900 2021 skirrhodes
1927 1990 1999 2021 tu·-

168 2048 271 2076 mor
287 2065 299 2084 ,
322 2031 422 2077 cum
442 2032 486 2078 in
520 2032 772 2077 carcinoma
791 2031 947 2094 incipit
967 2031 1241 2093 degenerare
1257 2066 1268 2084 ,
1291 2033 1555 2080 intumescat
1591 2035 1701 2081 citra
1719 2052 1867 2085 tamen
1892 2038 1997 2104 sup-

163 2097 453 2158 purationem
478 2096 637 2149 ullam3
659 2096 781 2159 quod
810 2095 1034 2142 crescente
1058 2096 1397 2144 intumescentia
1421 2097 1586 2145 skirrhi
1609 2118 1707 2164 pars
1732 2101 1819 2149 five
1851 2121 1994 2167 angu-

167 2160 232 2205 lus
250 2160 295 2205 in
317 2161 487 2225 apicem
515 2160 757 2224 fastigietui·
780 2180 791 2215 3
810 2161 1006 2224 denique
1026 2160 1145 2223 quod
1165 2160 1361 2225 disrupta
1380 2162 1511 2210 semel
1542 2180 1642 2211 cute
1663 2168 1871 2215 cancrosa
1899 2187 1993 2216 ma-

168 2224 310 2277 teria,
345 2243 438 2289 quae
465 2225 581 2272 intus
599 2226 734 2278 latet,
763 2225 840 2271 ubi
866 2224 1055 2290 primum
1088 2224 1274 2272 liberior
1311 2229 1565 2290 expansioni
1594 2230 1717 2276 locus
1751 2232 1881 2279 datur
1916 2252 1993 2281 ex-

167 2289 416 2336 tumescens
436 2296 482 2336 &
506 2290 644 2337 veluti
663 2291 890 2337 exundans
911 2289 1031 2336 ulcus
1048 2290 1292 2354 incoeptum
1312 2290 1466 2337 sensim
1487 2293 1670 2340 diducat
1687 2328 1699 2347 ,
1715 2295 1761 2341 &
1781 2296 1888 2343 dum
1903 2297 1993 2347 sese

167 2354 306 2415 magis
342 2355 569 2419 magisque
604 2353 733 2401 effert
762 2388 776 2406 ‚
818 2355 974 2401 ulceris
1003 2354 1223 2417 margines
1256 2356 1601 2422 circumquaque
1638 2361 1888 2408 extrorsum
1921 2364 1993 2410 inv

171 2434 330 2464 vertat.

233 2482 343 2528 Inde
366 2482 561 2545 sequitur
589 2482 990 2546 praeternatm·alem
1006 2483 1202 2530 calorem
1221 2516 1233 2535 ,
1259 2501 1394 2547 quem
1421 2486 1607 2532 materia
1632 2488 1680 2532 in
1704 2487 1885 2536 skirrho
1909 2490 1991 2538 im<

165 2547 290 2613 pasta
319 2547 542 2610 concipit,
564 2547 813 2610 proximam
843 2547 927 2593 esse
955 2547 1152 2600 causam,
1173 2548 1260 2611 qua
1286 2547 1488 2595 skirrhus
1518 2551 1564 2595 in
1598 2553 1852 2600 carcinoma
1880 2573 1994 2603 con-

165 2627 383 2659 vertatur.
406 2612 591 2657 Constat
621 2627 768 2658 autem
804 2612 997 2659 calorem
1023 2612 1330 2675 hujuscemodi
1349 2615 1373 2659 a
1397 2613 1624 2660 skirrhosa
1660 2617 1845 2665 materia
1875 2637 1992 2667 con-

170 2676 273 2740 cipi.

231 2748 292 2784 10.
331 2739 697 2803 Quotiescunque
725 2739 895 2803 sanguis
914 2741 1033 2802 juxta
1061 2741 1200 2788 fluens
1220 2741 1441 2788 fervidior
1459 2742 1551 2807 ipse
1570 2745 1629 2790 est
1646 2744 1777 2793 febre
1804 2747 1990 2796 ardente

170 2819 245 2850 aut
272 2804 480 2850 diuturna
508 2804 667 2857 3diaetz⁶i
699 2806 870 2852 acriore
891 2839 902 2857 ‚
929 2805 1058 2858 salsa,
1085 2806 1282 2871 piperata
1301 2825 1312 2858 ς
1333 2806 1468 2853 abusu
1496 2809 1589 2853 vini
1623 2811 1881 2858 meracioris
1914 2829 1989 2859 aut

167 2868 396 2933 liquorum
417 2869 667 2914 ardentium
683 2888 694 2921 3
709 2887 874 2915 venete
890 2903 902 2921 ‚
920 2871 1236 2916 exercitatione
1252 2904 1264 2921 ‚
1288 2871 1439 2933 vigilia
1460 2872 1782 2919 immoderatis.

239 2942 302 2979 2¹³.
337 2932 701 2994 Quotiescunque
717 2933 885 2994 sanguis
905 2967 916 2984 ,
932 2933 1033 2978 licet
1061 2934 1206 2978 calore
1228 2951 1319 2978 non
1341 2936 1484 2980 arstuet
1501 2969 1513 2987 ,
1531 2936 1668 2981 nimia
1690 2952 1837 2984 tamen
1857 2940 1987 3004 copia

167 2999 344 3061 cogitur
369 2997 534 3042 haerere
558 2996 605 3040 in
626 2995 791 3042 skitrhi
816 2996 1019 3042 confiniis
1041 3030 1053 3048 ,
1082 3013 1130 3042 ut
1157 2998 1319 3043 accidit
1348 3016 1400 3043 ex
1430 2998 1655 3062 frequenti
1687 3003 1987 3050 cucurbitula-

167 3079 266 3109 rum
291 3061 612 3126 applicatione,
645 3076 719 3106 aut
749 3059 915 3106 skirrhi
941 3061 1196 3108 contusione
1215 3095 1228 3114 ,
1257 3064 1605 3112 contrectatione
1626 3099 1639 3119 ,
1666 3069 1985 3131 compreffione

167 3132 259 3174 &c.

232 3201 297 3254 30.
330 3190 521 3240 Demum
548 3188 899 3256 quotiescunque
920 3207 1069 3239 tumor
1082 3187 1338 3239 skirrhodes
1355 3193 1698 3256 praetermodum
1723 3195 1868 3245 calefit
1905 3198 1984 3257 adf

1605 3262 1644 3304 G
1663 3275 1690 3323 g
1719 3264 1766 3324 iij

2095 570 2255 627 Bubonis

2036 631 2267 662 carcinoma-

2038 672 2131 708 todis
2156 673 2240 710 des-

2037 723 2182 776 criptio.

2086 1530 2227 1587 Causae‘e
