2477 3643
693 112 1549 162 L135R111.CA9111·
1608 112 1665 158 V.
1960 125 2055 180 2²3

223 203 229 209 '
286 197 446 246 Minor
465 197 525 245 est
543 195 780 245 bubonum
804 215 1101 246 venereorum
1120 215 1222 250 cum
1241 194 1525 244 bubonocele
1541 194 1631 243 five
1655 194 1812 243 hernia
1839 196 2058 262 inguinali

222 263 543 312 convenientia
563 281 575 316 3
605 264 815 310 novimus
833 278 980 311 tamen
1000 282 1101 310 cum
1128 262 1284 317 eadem
1305 262 1547 326 aliquando
1568 259 1787 308 confundi
1807 279 1818 314 ·‚
1836 280 1928 308 non
1952 281 2055 313 cum

222 330 274 378 ea
296 329 478 393 quidem
500 327 786 376 bubonocele
804 362 817 382 ‚
839 346 933 392 quae
954 328 1004 375 fit
1028 329 1082 375 ab
1099 333 1302 377 Omento
1320 362 1331 382 ,
1355 333 1400 373 δε
1420 345 1513 392 quae
1532 331 1570 373 E
1569 329 1766 392 pipiocele
1786 325 1949 373 dicitur
1965 362 1978 380 ,
2005 330 2053 376 in

220 394 310 459 qua
335 410 485 440 tumor
507 394 687 440 mollior
704 396 765 440 est
779 427 791 446 ‚
810 393 886 440 sed
906 412 1008 440 cum
1024 394 1098 440 illa
1112 429 1124 448 ‚
1141 395 1247 458 quae‘
1261 393 1316 440 ab
1340 393 1548 440 intestino
1567 391 1833 458 producitur
1853 424 1866 443 ‚
1897 397 1942 438 ὃς
1956 410 2052 455 quae

222 477 277 524 ap
311 458 466 504 ellatur
496 461 764 513 limmate,
796 458 843 504 in
873 459 959 522 qud
988 464 1127 522 major
1153 459 1272 506 adest
1299 458 1566 510 renitentia,
1593 456 1765 503 ratione
1797 460 1918 517 cnjus
1947 474 2051 504 cum

217 523 280 571 bu
314 541 402 570 one
418 522 662 588 proximius
682 540 896 572 convenit
918 543 927 569 ε
946 527 1110 587 Neque
1130 524 1264 571 etiam
1280 541 1382 570 cum
1400 524 1451 570 ea
1472 521 1729 570 enterocele
1749 554 1763 574 ,
1791 520 1839 565 in
1863 520 1951 585 qua
1977 522 2049 567 in·
2115 527 2126 534 ‘

207 589 421 636 -testinum
458 606 538 653 per
588 589 796 653 obliquos
833 587 1134 636 musculorum
1164 589 1527 654 epigastricorum
1564 586 1750 633 annulos
1788 584 2012 633 delabitur
2033 620 2048 639 ‚

214 653 433 717 quoniam
451 653 572 700 locus
608 655 697 717 quo
722 654 976 701 intestinum
1003 653 1172 700 decidit
1208 659 1254 700 δε
1275 653 1350 700 ubi
1368 670 1518 699 tumor
1534 652 1778 704 excitatur,
1805 649 1830 695 a
1857 650 2049 713 glandu-

217 717 365 765 larum
400 719 698 781 inguinalium
727 735 858 784 atque
893 719 1006 765 adeo
1042 718 1275 765 bubonum
1298 734 1593 766 venereorum
1612 717 1715 764 loco
1744 715 1876 762 nimis
1893 716 2045 769 distat5

214 782 294 830 sed
314 801 416 830 cum
434 784 509 830 illa
535 785 816 837 emerocele,
832 784 879 829 in
899 784 986 847 qua
1011 783 1266 830 intestinum
1293 801 1371 849 per
1388 799 1616 830 arcuatum
1643 780 1871 846 peritonaei
1897 781 2048 828 forni-

215 865 315 895 cem
330 881 342 898 ,
362 850 449 912 qua
466 848 566 896 vasa
585 849 773 895 cruralia
797 848 1024 895 transeunt
1037 883 1050 901 ,
1081 849 1128 894 in
1147 849 1314 913 inguen
1337 847 1586 912 prolabitur
1602 880 1614 899 ‚
1633 865 1727 910 quae
1751 846 1924 893 ratione
1941 845 2044 892 litiis

213 930 351 977 quem
369 931 557 978 occupat
576 914 600 959 εὶ
620 914 930 978 glandularum
950 913 1246 976 inguinalium
1263 919 1308 960 ὃ(
1335 913 1568 959 bubonum
1593 912 1642 957 in
1661 911 1759 976 ipsis
1776 910 2044 959 subnascen-

222 979 335 1026 tium
354 977 433 1024 fitu
455 978 610 1043 parum
628 979 697 1025 vel
716 978 828 1024 nihil
850 977 1033 1025 abludit.

281 1045 426 1090 Potest
448 1059 597 1090 tamen
621 1042 749 1090 facile
773 1043 896 1090 bubo
915 1042 1123 1106 distingui
1154 1042 1208 1088 ab
1237 1041 1491 1090 enterocele
1523 1040 1804 1106 quacumque
1822 1039 1954 1104 signis
1972 1038 2043 1088 se-

217 1107 473 1172 quentibus.

284 1181 345 1218 10.
380 1178 430 1219 In
450 1171 707 1219 enterocele
734 1174 882 1218 tun'lor
907 1170 1137 1238 superficie
1160 1170 1277 1218 laevis
1304 1178 1350 1220 δε
1374 1170 1516 1235 figura
1546 1169 1749 1235 proxime
1783 1167 2042 1234 sphaericus,

207 1235 316 1284 licet
333 1237 467 1284 latam
488 1237 650 1284 habeat
671 1235 947 1301 superficiem
973 1236 1176 1285 tenuiore
1197 1237 1284 1283 basi
1302 1271 1314 1290 ‚
1333 1254 1429 1300 quae
1454 1236 1699 1287 foramini,
1728 1235 1847 1282 unde
1870 1235 2043 1282 intesti-

209 1318 319 1347 num
339 1302 508 1348 decidit
523 1335 535 1353 ‚
553 1301 727 1365 aequalis
755 1301 806 1348 fit
821 1336 834 1355 ,
851 1301 969 1366 quasi
994 1301 1203 1367 pediculo
1227 1302 1402 1366 inguini
1428 1299 1709 1347 adhaerescit:
1732 1299 1905 1346 Contra
1926 1301 2039 1347 veri>

204 1364 335 1412 -bubo
363 1365 588 1431 superficie
617 1367 841 1430 inaequalis
872 1373 919 1416 &
949 1367 1089 1432 figura
1120 1366 1384 1432 plerumque
1417 1365 1641 1430 oblongus
1664 1366 1723 1412 est
1749 1397 1762 1417 ,
1789 1369 1835 1410 δε
1866 1364 1960 1410 latae
1987 1382 2037 1411 ac

198 1470 201 1477 Α
214 1433 414 1495 expansae
428 1431 515 1477 basi
532 1431 753 1477 innititur.

278 1504 342 1541 20.
383 1502 435 1543 In
459 1495 715 1543 enterocele
732 1530 745 1549 ‚
775 1510 922 1541 tumor
956 1495 985 1541 si
1009 1511 1230 1560 prematur
1257 1495 1388 1542 facile
1414 1494 1534 1542 cedit
1554 1529 1567 1547 ‚
1586 1493 1660 1540 sed
1680 1496 1869 1540 remaclo
1893 1493 2038 1557 digito

212 1561 451 1608 restituitur
472 1561 593 1606 illico
616 1580 625 1605 ε
645 1561 819 1606 Contra
834 1561 943 1606 vero
961 1561 1085 1606 bubo
1106 1561 1177 1606 vel
1196 1560 1415 1625 prementi
1433 1560 1578 1622 digito
1595 1559 1801 1605 renititur
1818 1592 1831 1612 ,
1848 1575 1896 1604 ut
1915 1558 2040 1605 bubo

214 1625 570 1690 phlegmonodes
601 1630 648 1671 δε
676 1623 933 1671 skirrhodes
960 1644 972 1679 3
1000 1626 1073 1672 vel
1097 1623 1128 1669 fi
1154 1624 1283 1671 cedat
1306 1657 1321 1677 ‚
1348 1625 1582 1688 vestigium
1611 1624 1804 1676 retinet,
1836 1638 1885 1669 ut
1913 1623 2037 1671 bubo

214 1689 520 1737 oedematodes
541 1694 588 1736 δε
615 1688 887 1754 suppuratus.

282 1760 343 1816 30.
361 1760 410 1801 In
425 1754 677 1802 enterocele
697 1769 817 1819 patet
829 1752 1129 1800 attatstu-flatus
1147 1753 1217 1800 vel
1232 1750 1348 1798 solos
1362 1786 1374 1805 ,
1389 1751 1459 1799 vel
1477 1768 1580 1798 cum
1594 1751 1836 1816 liquidiore
1851 1751 2037 1799 materia

210 1817 422 1865 confusos
445 1835 620 1865 tumore
640 1835 735 1865 toto
769 1819 1017 1870 contineri,
1037 1836 1090 1864 ex
1110 1817 1231 1863 facili
1249 1816 1570 1882 compreffione
1597 1821 1642 1863 δε
1669 1817 1942 1863 restitutione
1964 1834 2038 1863 ce<

209 1883 293 1931 leri
315 1902 327 1929 :
348 1884 522 1930 Contra
544 1884 651 1931 vero
677 1883 725 1929 in
745 1882 926 1929 bubone
946 1882 1058 1928 nihil
1085 1883 1194 1929 inest
1215 1881 1431 1928 flatulenti
1445 1916 1458 1934 ,
1477 1881 1570 1926 imo
1596 1880 1624 1925 fi
1651 1881 1761 1945 quid
1783 1881 1943 1944 liquidi
1969 1882 2037 1926 la-

210 1965 306 1996 tete
335 1949 604 2014 percipiatur
628 1947 813 1994 obscura
843 1948 1127 1993 fluctuatione
1144 1981 1155 1999 ,
1176 1946 1223 1993 id
1248 1963 1383 1993 omne
1403 1951 1449 1992 &
1477 1963 1664 2010 paucum
1688 1947 1746 1992 est
1779 1951 1824 1992 &
1850 1945 2038 2009 profun-

210 2014 318 2061 dum
334 2048 345 2066 ‚
364 2018 411 2059 δε
443 2013 643 2060 medium
662 2013 833 2058 tantum
855 2030 1078 2060 tumorem
1093 2030 1203 2058 occu
1240 2029 1281 2058 at
1294 2046 1307 2065 ,
1327 2027 1375 2057 ut
1390 2012 1440 2057 in
1459 2009 1641 2057 bubone
1661 2009 1914 2075 supputato.

274 2086 339 2136 40.
382 2077 646 2125 Enterocel'e
673 2078 824 2141 gravia
864 2077 1013 2124 secum
1037 2077 1173 2124 infert
1215 2092 1488 2142 ymptomata
1521 2109 1533 2128 ‚
1561 2074 1740 2122 febrem
1767 2109 1779 2128 ,
1828 2075 2038 2123 dolorem

208 2142 400 2190 colicum
417 2177 430 2196 ‚
461 2141 805 2209 suppressionem
833 2142 1091 2203 dejectionis
1109 2176 1123 2195 ‚
1145 2141 1302 2188 faecum
1324 2142 1571 2187 alvinarum
1599 2158 1678 2204 per
1708 2139 1933 2204 superiora
1954 2159 2037 2188 vo·-

208 2208 447 2257 mitionem
462 2241 475 2260 ‚
500 2209 675 2254 iliacam
702 2206 942 2273 pastionem
962 2213 1049 2254 &c.
1075 2224 1169 2272 quae
1190 2208 1339 2253 omnia
1359 2206 1405 2251 in
1422 2204 1603 2252 bubone
1622 2204 1792 2270 semper
1811 2204 1985 2251 absunt.

272 2272 402 2319 Adde
422 2290 568 2318 rarum
595 2271 706 2324 effe,
721 2288 769 2318 ut
786 2273 984 2336 impurus
1005 2273 1075 2319 vel
1100 2271 1314 2335 suspestus
1341 2269 1630 2322 concubitus,
1647 2287 1738 2334 quo
1761 2269 1887 2315 bubo
1901 2304 1915 2322 ,
1935 2288 2039 2316 cum

206 2336 329 2400 lapsu
360 2337 414 2383 ab
440 2337 529 2389 alto
545 2371 557 2390 ,
580 2337 669 2383 ictu
688 2337 736 2382 in
758 2353 960 2384 ventrem
976 2370 990 2389 ,
1011 2352 1083 2383 aut
1121 2336 1460 2383 vehementiore
1488 2351 1615 2381 motu
1630 2369 1644 2387 ‚
1672 2333 1834 2397 quibus
1853 2351 2038 2381 entero-

208 2402 301 2447 cele
332 2402 458 2465 possit
482 2402 666 2454 induci,
688 2417 779 2447 tam
799 2402 898 2465 apte
923 2401 1045 2447 simul
1073 2401 1330 2447 coincidant
1350 2434 1362 2453 ,
1397 2416 1445 2446 ut
1469 2399 1721 2447 attendenti
1751 2398 1956 2445 dubitare
1982 2398 2038 2445 li-

206 2481 304 2512 ceat
323 2497 334 2515 ‚
356 2482 454 2511 utra
473 2465 521 2511 fit
544 2466 729 2513 tumoris
747 2467 795 2513 in
813 2465 995 2530 inguine
1020 2465 1173 2512 oborti
1191 2482 1347 2512 natura
1364 2499 1376 2519 ‚
1397 2471 1443 2511 ὃς
1474 2466 1564 2511 utri
1590 2463 1724 2511 'causae
1745 2463 2038 2510 adscribenda

207 2530 431 2578 videatur.
1464 2551 1465 2554 ¹

265 2595 406 2641 Porro
433 2593 510 2640 ubi
536 2592 668 2641 semel
689 2596 854 2641 constat
876 2594 1107 2642 bubonem
1135 2612 1375 2642 venereum
1400 2591 1542 2640 adeffe
1558 2627 1570 2645 ,
1596 2591 1727 2638 facile
1744 2592 1804 2638 est
1822 2590 2039 2638 differen-

197 2658 291 2709 ‚tias
305 2693 318 2712 ,
343 2660 502 2723 quibus
518 2659 799 2723 distinguitur
813 2694 825 2712 ,
841 2658 972 2723 signis
988 2662 1036 2707 in
1051 2659 1347 2724 descriptione
1362 2658 1594 2724 propositis
1613 2656 1889 2719 dignoscere.
1915 2659 2036 2703 Nam

209 2723 241 2768 fi
271 2740 419 2770 tumor
443 2725 614 2770 intense
643 2723 779 2770 caleat
799 2759 810 2777 ‚
849 2725 1000 2772 doleat
1043 2760 1055 2778 ‚
1103 2725 1241 2789 pulset
1266 2731 1311 2771 <Sc
1345 2725 1558 2771 renitatur
1580 2757 1592 2775 ,
1620 2721 1972 2786 phlegmonodem;
2006 2720 2039 2766 si

210 2787 484 2835 moderatius
507 2790 646 2835 caleat
677 2823 690 2843 ‚
719 2789 869 2837 doleat
895 2824 908 2842 ,
938 2791 1078 2854 pulset
1106 2796 1152 2836 δε
1178 2792 1393 2836 renitatur
1422 2823 1434 2842 ,
1468 2789 1560 2834 imo
1592 2787 1700 2834 verb
1725 2785 1904 2831 mollior
1936 2802 2039 2848 pre-

212 2852 374 2898 mentis
409 2853 539 2916 digiti
561 2854 792 2916 vestigium
820 2855 1006 2901 retincat
1021 2888 1033 2907 ‚
1064 2856 1366 2901 oedematodem3
1386 2853 1414 2899 fi
1434 2854 1613 2900 tandem
1633 2851 1790 2896 caloris
1805 2883 1818 2901 ,
1841 2849 2037 2902 doloris,

212 2916 359 2981 pulsus
381 2915 524 2963 ferme
546 2936 700 2982 expers
718 2918 849 2964 durus
869 2918 916 2964 stt
938 2924 983 2965 δε
1009 2920 1154 2966 valide
1175 2920 1370 2966 renitens
1387 2953 1399 2971 ‚
1431 2918 1679 2979 serhodem
1694 2914 1929 2961 bubonem
1954 2912 2039 2961 effe

213 2980 492 3028 manifestum
520 2984 592 3029 est.
1732 2984 1753 2994 “
2008 2984 2009 2987 ’

279 3046 475 3094 Demum
498 3046 632 3093 causae
658 3044 890 3094 bubonum
920 3064 1218 3094 venereorum
1249 3047 1346 3094 erui
1375 3046 1543 3094 debent
1563 3081 1575 3100 ,
1608 3046 1682 3094 vel
1711 3064 1763 3093 ex
1789 3043 1891 3109 aegri
1927 3043 2041 3090 rela-

214 3111 339 3159 tione
377 3112 452 3159 vel
484 3129 538 3158 ex
574 3112 934 3159 antecedentium
970 3111 1162 3164 notitia,
1200 3113 1317 3159 unde
1347 3112 1513 3176 liqueat
1548 3130 1603 3158 an
1635 3111 1868 3159 seminium
1899 3125 2040 3155 vene-

210 3194 345 3227 reum
373 3176 550 3243 impuro
581 3176 857 3226 concubitu?
898 3182 971 3225 An
997 3176 1269 3244 gonorrhoeai
1300 3177 1521 3244 suppressa
1541 3212 1555 3232 ,
1588 3175 1813 3243 parciusve
1843 3174 2041 3231 fluente,

2117 1063 2219 1101 Tum
2247 1063 2297 1102 ab

2087 1117 2301 1164 cnoemcelq
