2477 3643
693 154 1614 203 anzn1v.cavutx.
1915 160 2005 220 3⁸3

173 234 344 284 constet
363 229 643 296 Scriptorum
666 231 925 277 testimoniis
945 232 968 279 a
989 229 1213 281 veteribus
1231 232 1341 280 olim
1354 228 1517 296 pyxide
1540 227 1757 277 destitutis
1777 228 1875 280 satis
1902 232 2021 282 feli·v

173 299 283 346 citer
302 298 537 363 aliquoties
557 296 814 360 navigatum
835 295 972 345 fuisse.

232 369 251 411 1
269 369 302 409 Ι.
340 366 492 411 Altera
515 361 756 407 curationis
782 363 933 424 regula
951 363 1008 408 est
1029 376 1075 406 ut
1095 376 1300 426 promota
1321 358 1522 407 salivatio
1541 358 1660 405 nulla
1681 359 1855 407 ratione
1876 362 1996 425 prius

165 427 432 476 cohibeatur
453 462 465 481 ‚
485 427 621 490 quam
643 425 853 472 morbosa
882 426 1173 492 symptomata
1193 460 1206 478 ‚
1239 443 1333 489 quae
1361 425 1385 470 a
1414 426 1487 471 lue
1517 424 1711 472 venerea
1731 442 1882 471 ortum
1913 426 1992 472 ha-

167 492 278 542 bent
296 527 308 546 ‚
336 493 614 540 evanuerint.
654 495 818 551 Neque
849 493 970 538 enim
989 493 1093 537 licet
1112 491 1292 537 aliunde
1320 491 1501 537 criterio
1527 489 1618 537 ullo
1636 523 1648 543 ,
1675 491 1801 554 quod
1820 508 1993 538 certum

166 558 218 604 sit
237 592 249 611 ,
270 558 326 605 de
346 557 568 620 sanguinis
586 555 799 617 dyscralia
816 555 1049 603 emendata
1067 590 1080 608 ‚
1106 556 1161 602 de
1191 555 1430 620 profligato
1458 554 1540 602 luis
1560 553 1748 602 seminio
1766 589 1780 608 ,
1809 555 1993 603 demum

166 621 226 669 de
251 623 378 668 causti
396 621 545 668 morbi
566 620 765 667 funditus
787 621 933 668 deleta
953 621 1049 668 tuto
1070 621 1314 669 decernere
1330 621 1498 687 {quam
1519 639 1573 669 ex
1593 619 1828 671 affectuum
1847 654 1861 676 ,
1880 640 1994 687 quos

163 687 352 736 morbus
369 688 581 752 produxit
598 721 610 739 ‚
633 687 887 733 cellatione.

229 754 390 798 Errant
417 770 525 816 ergo
548 753 817 815 quicumque
837 785 848 804 ‚
879 768 971 796 non
995 767 1048 797 ex
1069 749 1413 815 symptomatum
1436 751 1669 799 curatione
1687 784 1699 804 ,
1730 749 1806 798 sed
1824 769 1880 799 ex
1900 752 1994 800 [010

164 815 346 864 dierum
382 835 571 864 numero
606 816 877 881 therapeiam
909 816 1217 861 mercurialem
1253 817 1495 862 metiuntur
1527 824 1572 863 ὃ(
1607 816 1997 865 circumscribunt.

165 883 348 929 Etenim
376 882 476 929 cum
505 881 653 928 morbi
680 881 865 945 gradus,
894 879 1203 943 sanguinisque
1229 882 1484 927 constitutio
1511 899 1755 945 numquam
1779 881 1857 929 fibi
1880 882 1994 931 fimi-

163 945 227 994 les
257 947 338 993 smt
362 948 408 994 in
433 946 612 994 diversis
640 947 814 1009 aegrotis
833 980 844 999 ‚
872 945 984 991 nihil
1009 946 1202 1009 ineptius
1228 945 1339 1009 fingi
1369 948 1508 1010 potest
1527 980 1540 999 ,
1566 949 1700 1010 quam
1728 948 1998 996 methodum

164 1013 371 1059 eamdem
405 1013 622 1060 adhibere
651 1011 828 1074 singulis
847 1045 859 1062 ‚
889 1017 933 1056 ὃ(
957 1026 1005 1055 ut
1032 1010 1206 1073 vulgari
1233 1009 1374 1056 fertur
1403 1011 1563 1074 adagio
1599 1029 1726 1056 omnes
1753 1014 1884 1059 eodem
1920 1033 1996 1060 ca-

163 1079 320 1141 lopodio
355 1081 537 1125 calceare
556 1116 570 1132 ,
612 1077 738 1140 quod
769 1076 878 1122 olim
899 1076 923 1120 εὶ
945 1075 1115 1122 Galerio
1134 1109 1148 1128 ,
1178 1076 1375 1122 Method.
1405 1077 1614 1123 Medend.
1650 1076 1746 1123 Lib.
1768 1096 1806 1135 9.
1827 1093 1918 1142 cap.
1935 1085 1996 1125 16.

163 1141 334 1189 dictum
363 1143 646 1189 meminimus
666 1142 712 1187 in
731 1140 936 1187 Medicos
955 1140 1173 1204 quosdam
1191 1139 1424 1204 imperitos
1441 1175 1452 1192 ‚
1470 1141 1546 1204 qui
1569 1158 1661 1186 non
1684 1141 1833 1189 habita
1856 1143 1999 1191 ratio-

163 1223 221 1254 ne
239 1208 582 1272 temperamenti
599 1205 759 1253 diversi
780 1205 938 1252 eadem
959 1204 1157 1252 remedia
1174 1204 1383 1251 omnibus
1403 1205 1722 1252 admovebant.

225 1273 367 1318 Porro
400 1288 545 1319 tamen
578 1272 804 1318 noluerim
833 1271 976 1317 otiose
1011 1269 1243 1334 quisquam
1275 1269 1440 1316 diutius
1470 1273 1670 1335 expetitet
1702 1271 1809 1317 dum
1843 1273 2000 1321 omnia

166 1335 463 1401 symptomata
491 1337 759 1384 evanuerint
777 1370 790 1389 ‚
817 1344 910 1399 qua}
938 1335 962 1380 a
985 1335 1056 1381 lue
1084 1334 1276 1382 venerea
1296 1352 1446 1381 ortum
1466 1335 1651 1382 ducunt.
1690 1339 1854 1399 Neque
1875 1339 1999 1385 enim

165 1400 432 1464 sperandum
459 1404 519 1448 est
543 1400 643 1448 fore
663 1418 711 1447 ut
733 1402 886 1448 omnia
909 1399 1080 1464 semper
1103 1398 1366 1448 evanescant
1388 1434 1400 1452 ‚
1426 1401 1798 1464 quandoquidem
1818 1418 1900 1448 nec
1926 1421 2001 1450 ea·-

166 1465 271 1512 dem
293 1468 351 1513 est
375 1467 580 1513 omnium
607 1483 764 1513 natura
782 1500 794 1519 ‚
819 1484 902 1513 nec
924 1465 1073 1511 similis
1092 1465 1397 1530 p1·odu&ionis
1423 1467 1536 1512 ratio
1560 1485 1570 1511 ε
1604 1465 1785 1530 Quippe
1812 1467 1897 1514 alia
1919 1468 2006 1515 luis

166 1548 367 1579 venereae
397 1531 691 1597 symptomata
709 1566 720 1585 ‚
752 1530 920 1578 scilicet
947 1548 998 1577 ea
1026 1531 1179 1576 onmia
1207 1547 1303 1594 quae
1332 1530 1606 1577 inducuntur
1632 1531 1728 1577 solo
1756 1531 2000 1580 humorum

164 1593 254 1642 five
283 1596 529 1643 fluidorum
549 1598 689 1649 vitio,
717 1613 790 1643 aut
819 1596 873 1642 ad
905 1594 1123 1641 summum
1153 1594 1248 1640 solo
1275 1595 1520 1642 eretliismo
1545 1595 1794 1642 solidorum
1821 1603 1866 1643 &
1889 1599 2002 1644 citra

164 1659 313 1706 labem
346 1662 480 1708 ullam
514 1662 780 1708 ulteriorem
800 1694 813 1712 ,
846 1660 1044 1725 pendent
1076 1660 1100 1705 a
1134 1659 1324 1707 seminio
1352 1679 1550 1708 venereo
1579 1671 1788 1724 tanquam
1821 1662 1845 1707 a
1875 1663 2005 1709 causa

167 1730 388 1772 continente
405 1763 419 1779 ,
449 1742 582 1788 atque
603 1726 715 1772 adeo
743 1725 848 1772 inde
880 1724 1121 1773 necelsario
1146 1723 1345 1771 futurum
1370 1727 1429 1772 est
1446 1760 1459 1778 ‚
1488 1743 1536 1772 ut
1565 1724 1733 1771 sublata
1763 1724 1813 1772 ea
1842 1729 1968 1774 causa
1985 1762 2002 1782 ,

166 1788 256 1836 hoc
277 1791 335 1837 est
353 1790 593 1855 profligato
616 1790 803 1837 seminio
825 1807 1022 1836 venereo
1041 1823 1053 1842 ‚
1085 1789 1178 1854 ipsa
1202 1806 1383 1853 quoque
1409 1790 1625 1856 perpetuo
1648 1791 1876 1837 tollantur.
1901 1793 2004 1839 Alia

169 1855 281 1902 vero
301 1888 312 1907 ,
341 1872 504 1920 nempe
524 1873 575 1902 ea
594 1856 746 1901 omnia
760 1889 773 1907 ‚
802 1871 898 1918 quae
918 1854 941 1900 a
962 1854 1277 1918 qualicumque
1298 1855 1398 1902 labe
1419 1855 1572 1901 solidis
1591 1855 1711 1902 illata
1734 1854 1972 1903 nascuntur
1988 1891 2003 1910 ,

168 1919 370 1984 pendent
397 1937 580 1997 quoque
597 1920 652 1966 ab
679 1919 843 1967 eodem
873 1919 1060 1966 seminio
1088 1937 1287 1966 venereo
1306 1953 1319 1972 ,
1347 1919 1425 1967 sed
1452 1937 1660 1984 tanquam
1689 1919 1815 1966 causa
1834 1921 2002 1987 [impli-

2065 386 2108 423 Et
2127 398 2269 430 motam

2039 437 2229 477 salivatio-

2035 501 2112 526 nem
2144 493 2267 533 tandit't

2034 538 2168 582 foveda
2182 543 2264 591 effe,

2034 592 2120 632 dum
2160 610 2267 634 mot-

2036 647 2123 682 bosa.
2141 647 2269 698 symp-

2037 711 2182 735 tomata
2197 711 2241 735 e-

2038 751 2246 795 vanuetint„

169 2000 283 2033 citer
312 1986 524 2044 conjnneza
543 2023 557 2039 ,
586 2001 718 2049 atque
746 1984 860 2030 adeo
879 1984 984 2031 licet
1004 1983 1142 2049 posita
1161 1983 1212 2032 ea
1236 1984 1361 2032 causa
1389 1984 1479 2050 ipsa
1502 1984 1639 2050 pofita
1666 1983 1836 2032 fuerint
1852 2020 1866 2039 ,
1889 2003 2006 2033 atta·⁸
2054 1997 2059 2002 ’

169 2066 275 2095 men
301 2048 574 2112 consequens
603 2067 696 2095 non
726 2051 785 2096 est
809 2048 910 2097 fore
940 2066 989 2095 ut
1015 2049 1173 2096 eadem
1201 2048 1369 2095 sublata
1386 2084 1398 2102 ‚
1426 2050 1514 2096 hoc
1542 2051 1600 2097 est
1619 2050 1916 2097 exterminato
1944 2052 2008 2099 se-

164 2114 314 2161 minio
336 2147 348 2166 ‚
377 2113 468 2178 ipsa
495 2131 677 2178 quoque
707 2115 921 2161 tollantur
949 2114 1087 2161 illico.
1132 2117 1243 2173 Quae
1274 2114 1390 2161 dieta
1416 2114 1591 2161 abunde
1620 2115 1822 2160 indicant
1850 2115 2006 2163 sedulo

169 2178 535 2241 distinguendum
562 2179 646 2227 elle
667 2180 784 2227 inter
809 2179 981 2226 diversa
1001 2179 1078 2225 illa
1101 2177 1446 2243 symptomatum
1465 2196 1630 2242 genera
1649 2213 1661 2231 ,
1695 2185 1740 2225 &
1761 2179 2011 2244 diligenter

171 2244 422 2291 cavendum
446 2261 503 2291 ne
523 2261 700 2291 remoto
720 2246 845 2291 omni
865 2244 1126 2290 discrimine
1154 2243 1275 2289 idem
1294 2243 1351 2291 de
1370 2243 1580 2291 omnibus
1595 2242 1813 2307 judicium
1835 2247 2006 2294 temere

162 2308 484 2375 interponatur
502 2329 514 2363 3
533 2308 609 2356 sed
630 2310 686 2357 de
705 2310 773 2357 his
788 2309 918 2356 fufius
936 2309 984 2355 in
1002 2307 1304 2372 sequentibus.

778 2512 829 2565 C
890 2513 940 2566 A
1000 2514 1038 2568 P
1101 2515 1152 2568 U
1215 2512 1267 2565 T
1368 2516 1445 2570 X.

161 2634 246 2704 pe
283 2627 555 2704 Aff'ebh'bus
578 2669 595 2693 ,
631 2634 722 2705 qui
745 2632 854 2705 post
882 2630 1259 2704 hydrargyrosc‘n
1293 2634 1481 2702 reliqui
1504 2631 1671 2704 siem,
1690 2631 1792 2702 fid
1826 2629 2008 2708 quibus

750 2707 991 2760 medicina
1025 2712 1231 2782 reperiri
1261 2708 1429 2782 potest.

351 2832 392 2876 T
425 2830 632 2877 nonnulli
659 2829 817 2877 adsunt
834 2865 847 2884 ,
872 2830 951 2894 qui
976 2830 1030 2877 ab
1051 2829 1365 2894 hydrargyrosi
1391 2828 1636 2878 abhorrent
1666 2827 1755 2876 fine
1775 2830 1901 2876 causa
1919 2864 1932 2883 ‚
1952 2828 2008 2877 fic

354 2896 510 2940 contra
538 2914 634 2942 non
659 2895 843 2947 desunt,
871 2896 950 2958 qui
976 2896 1124 2942 eidem
1150 2895 1339 2941 nimium
1364 2895 1565 2943 credant.
1595 2895 1665 2940 Illi
1684 2894 1763 2940 sibi
1785 2895 1896 2941 nihil
1917 2913 2009 2943 non

182 2959 344 3010 timent
371 2958 395 3003 a
431 2960 662 3006 Mercurio
684 2992 696 3011 ,
721 2977 803 3005 ceu
825 2958 879 3004 ab
911 2958 1052 3004 infido
1072 2965 1116 3006 ὃς
1137 2961 1252 3006 male
1281 2975 1380 3005 tuto
1410 2959 1610 3007 remedio
1643 2978 1654 3004 ε
1680 2960 1744 3005 Hi
1776 2960 1889 3006 nihil
1918 2978 2011 3006 non

175 3023 358 3088 sperant
372 3022 426 3069 ab
447 3023 607 3070 eodem
629 3057 641 3076 ‚
661 3041 742 3070 ceu
757 3025 779 3067 a
797 3022 1029 3070 certissima
1045 3028 1090 3070 δε
1103 3024 1376 3071 absolutoria
1396 3023 1619 3071 medicina
1636 3043 1647 3077 ·,
1666 3029 1712 3071 &
1730 3023 1761 3069 si
1780 3023 1899 3072 forte
1917 3043 2012 3072 non

177 3106 339 3155 putent
367 3087 470 3135 fore
498 3104 546 3134 ut
580 3088 687 3135 inde
723 3085 1056 3149 rejuvenescam
1076 3123 1088 3142 ‚
1111 3090 1233 3153 quod
1262 3092 1405 3136 Poetae
1438 3090 1546 3136 olim
1570 3089 1739 3137 finxere
1765 3089 1823 3137 de
1847 3089 2012 3139 AEsone

181 3153 358 3209 Iasonis
377 3169 501 3219 patre
514 3185 529 3206 ,
548 3153 723 3201 Medeae
742 3153 908 3199 artibus
924 3158 1113 3215 juventae
1139 3154 1319 3202 reddito
1335 3188 1348 3208 ‚
1365 3170 1407 3201 at
1431 3169 1587 3220 putant
1612 3156 1731 3202 certe
1752 3154 1795 3203 se
1814 3156 1868 3202 ab
1888 3157 2013 3204 omni

176 3219 347 3279 {norbo
368 3218 534 3271 liberos
549 3217 847 3284 integerrimae
870 3219 1118 3272 valetudini
1139 3221 1385 3273 restitutum
1405 3220 1461 3270 iri
1478 3254 1491 3275 ,
1514 3221 1635 3285 quali
1655 3220 1766 3271 olim
1782 3237 1882 3275 ante
1901 3238 2013 3281 con-2

2097 2845 2252 2884 peccant
2270 2873 2290 2898 Α

2052 2899 2117 2950 qui
2131 2899 2178 2936 ab
2203 2900 2286 2950 hy·-

2052 2950 2270 3005 dratgyrosz

2053 3017 2206 3042 nimium

2053 3056 2225 3095 diffidunt
2238 3081 2250 3098 .

2055 3113 2089 3146 &
2115 3109 2179 3160 qui
2206 3106 2291 3146 eid&

2055 3160 2248 3199 confidunt

2055 3213 2221 3260 nimina,
