2477 3643
189 675 293 715 ‘Duae
309 669 389 709 sunt

157 719 229 765 luis
253 736 365 763 vene-

157 793 225 818 rtae
237 777 365 829 species
379 802 392 820 ,

159 832 275 869 altera
288 857 300 874 ‚
316 841 394 879 quae

161 885 342 922 humores

159 934 305 972 tantum
337 932 393 967 in-

161 988 238 1025 ficit
250 1014 260 1030 ‚
282 986 395 1022 altera

164 1053 245 1084 qua*
265 1036 396 1074 solidas

163 1086 284 1145 p'artes
307 1091 375 1126 lae-

166 1144 234 1180 dit.

194 1216 300 1252 Prior
319 1215 398 1268 ple-

163 1281 322 1319 rumque

165 1319 329 1374 perfedfh}
344 1333 402 1357 cu-

166 1386 270 1410 1atut
288 1373 364 1424 hy-

164 1425 399 1478 dxaxgyrofi.

195 1783 251 1821 'At
279 1783 407 1835 poste-

164 1847 260 1874 31011
295 1847 406 1871 etiam

172 1900 310 1925 curatae
344 1886 407 1923 su-

176 1939 320 1992 persunt
339 1950 378 1974 ut

171 1991 375 2044 plurimum

178 2056 267 2082 vitia
296 2055 376 2094 quae

178 2095 304 2133 solidis
332 2097 410 2146 jam

176 2148 279 2187 illata
293 2146 382 2185 sunt.

236 2375 292 2415 Ex
319 2374 416 2414 vitiis

181 2428 255 2465 'illis
273 2429 344 2465 alia
360 2427 414 2464 sa-

185 2481 334 2523 nabiles,
352 2480 419 2516 alia

183 2532 395 2570 'insanabiles

185 2585 397 2623 ais-:stiones

186 2637 402 2675 constitutit.

191 2752 344 2790 Plurimi
368 2752 424 2789 in-

190 2805 295 2842 terest
314 2804 426 2842 ntifi-

193 2869 262 2906 que
280 2854 397 2893 affec-

194 2909 334 2946 tionum
355 2921 422 2960 ge-

194 2971 264 2996 nus
280 2960 403 2998 distin-

199 3022 322 3062 gnere.

417 131 517 188 ⁷3⁸4
770 122 882 168 DE
952 70 1938 167 MoR131stENER<E1s

422 215 598 266 ceptam
623 198 744 245 luem
770 197 961 245 maxime
985 196 1177 245 valuere.
1208 197 1297 243 Sed
1315 196 1492 259 utrique
1509 231 1520 249 ,
1542 198 1650 244 dum
1670 198 1831 246 diversi
1859 199 2026 246 abeunt
2041 233 2055 252 ,
2076 199 2123 245 in
2144 208 2255 245 cona·

423 266 561 313 traria
576 279 764 329 peccant
787 283 797 309 ε
824 263 895 309 Illi
925 280 1085 326 nempe
1104 295 1116 314 ,
1142 261 1264 324 quod
1297 261 1354 307 de
1384 264 1613 308 Mercurio
1647 264 1834 310 nimium
1866 261 2071 311 diffidant
2089 298 2102 316 ‚
2134 269 2255 326 cujus

424 331 526 378 usus
543 329 768 393 legitimus
786 345 903 374 tutus
923 329 981 373 est
1001 333 1044 372 δέ
1067 327 1251 389 periculi
1271 344 1426 390 expers
1442 361 1454 379 ‚
1475 342 1522 372 ut
1544 326 1671 391 supra
1693 329 1981 392 probavimus
2001 328 2096 375 Lib.
2118 347 2156 375 2.
2177 347 2249 376 ca-

420 401 509 462 pite
529 416 569 455 9.
598 395 662 440 Hi
689 394 797 441 verb
815 427 826 444 ,
857 390 978 455 quod
1005 391 1152 437 eidem
1176 391 1403 437 confidant
1436 392 1624 437 nimium
1643 411 1654 445 ;
1672 395 1955 456 quantumvis
1987 394 2108 440 enim
2127 396 2256 439 Met·-

423 461 576 507 —curius
611 458 860 505 remedium
889 455 939 500 fit
980 461 1024 501 δε
1057 454 1281 519 opiferum
1322 462 1367 502 δέ
1395 454 1550 502 efficax
1571 490 1582 508 ,
1610 475 1702 503 non
1731 459 1842 504 ide‘o»
1866 475 2015 505 tamen
2059 457 2257 521 sequitur

424 526 559 586 hujus
580 523 657 570 usu
680 523 832 568 omnia
864 520 1156 584 symptomata
1174 554 1187 573 ,
1219 538 1313 584 qua:
1344 521 1368 565 a
1403 522 1476 567 lue
1505 522 1697 569 venerea
1727 524 1906 570 inducta
1934 523 2060 575 sunt,
2083 521 2256 586 semper

431 591 632 639 deletum
662 588 745 639 iri,
775 602 822 632 ut
847 586 896 630 in
925 583 1208 648 sequentibus
1228 584 1532 649 probabimus.

502 659 601 710 Jam
617 652 742 717 supra
760 657 870 714 Cap.
890 655 947 697 V.
970 661 1006 709 ξ.
1036 667 1073 695 1.
1089 652 1205 705 hujus
1221 650 1343 696 Libri
1358 650 1552 696 vidimus
1569 665 1654 696 tres
1668 648 1753 697 effe
1767 650 1848 696 luis
1869 667 2064 698 venereae
2079 650 2261 716 species,

438 721 627 786 primam
645 751 656 769 ,
680 718 725 762 in
741 716 826 779 qua
843 715 962 761 virus
979 733 1165 779 paucum
1186 749 1197 767 ‚
1213 715 1460 777 benignum
1479 749 1492 767 ‚
1508 716 1662 761 recens
1675 715 1905 761 admiffum
1925 716 2134 762 humores
2150 716 2266 762 solos

436 784 633 849 corporis
649 816 661 834 ‚
682 783 826 846 plures
846 774 1134 845 paucioresve
1154 779 1296 825 inficit
1314 813 1326 832 ,
1357 780 1494 825 illaesis
1525 780 1676 826 solidis
1701 780 1898 844 partibus
1920 799 1930 825 ε
1953 781 2147 826 Alteram
2173 798 2265 828 ter-

437 851 634 911 tiamque
651 881 661 899 ,
687 849 734 892 in
754 845 839 909 qua
863 846 982 891 virus
1001 845 1112 892 uber
1129 877 1141 897 ,
1161 863 1262 890 acre
1282 879 1293 897 ‚
1321 845 1645 891 inveteratione
1664 848 1839 891 andtum
1860 851 1906 891 δε
1924 845 2269 909 multiplicatum

435 915 492 961 ad
527 930 697 976 organa
732 911 854 957 vatia
882 911 1084 974 corporis
1119 910 1397 973 penetravit,
1437 910 1670 974 partesque
1693 909 1853 956 solidas
1877 927 1969 955 non
1991 927 2147 974 paucas
2167 909 2267 956 laefit

436 979 551 1024 vitio
574 977 809 1041 multiplici
828 1009 840 1027 ,
868 974 1070 1040 phlogofi
1087 1009 1099 1027 ,
1121 974 1475 1022 inflammatione
1492 1009 1504 1027 ,
1529 975 1720 1021 infarstu
1735 1009 1747 1029 >
1769 991 1947 1022 tumore
1965 1009 1979 1028 ,
2006 980 2269 1039 gummato,

437 1043 616 1091 sicirrho
634 1076 647 1095 ,
668 1041 869 1089 erofione
890 1075 901 1092 ,
927 1040 1259 1086 exulceratione
1280 1074 1292 1092 ‚
1319 1041 1438 1086 carie
1462 1046 1551 1086 &c.

502 1109 649 1156 Prima
675 1106 859 1170 quidem
880 1105 963 1151 luis
982 1122 1181 1152 venereae
1203 1105 1365 1169 species
1393 1104 1587 1169 perfecte
1618 1120 1795 1152 curatur
1818 1103 2131 1168 hydrargyrofi
2158 1102 2273 1166 legi-

441 1174 550 1220 tima
570 1192 581 1227 ·,
604 1190 686 1219 nec
714 1169 815 1217 sane
840 1170 1004 1216 mirum
1023 1204 1035 1222 ‚
1058 1170 1157 1216 cum
1183 1170 1304 1216 enim
1335 1170 1454 1217 virus
1480 1187 1723 1218 venereum
1742 1203 1754 1222 ,
1787 1170 1910 1234 quod
1935 1171 1981 1216 in
2009 1168 2276 1215 humoribus

440 1239 548 1286 latet
566 1272 578 1291 ‚
601 1237 761 1284 solidas
782 1237 982 1296 corporis
1010 1251 1152 1299 partes
1174 1234 1375 1282 nondt‘un
1396 1235 1623 1283 vitiaverit
1642 1269 1656 1288 ,
1688 1236 1962 1299 consequens
1994 1237 2053 1282 est
2070 1268 2082 1287 ‚
2111 1249 2158 1280 ut
2186 1233 2216 1278 fi
2246 1233 2271 1279 ὲ

444 1304 658 1368 sanguine
684 1301 940 1365 caeterisque
964 1300 1227 1346 humoribus
1257 1300 1389 1346 semel
1418 1300 1738 1348 exterminetur
1757 1334 1769 1352 ‚
1802 1301 1972 1347 nullum
2002 1300 2116 1346 illius
2148 1298 2277 1346 vesti-

443 1364 578 1433 gium‘
595 1370 759 1419 exstet,
789 1384 871 1413 nec
895 1366 988 1412 ullae
1022 1381 1229 1413 maneant
1262 1364 1413 1411 morbi
1445 1365 1641 1428 reliquiae
1665 1384 1674 1410 z
1696 1368 1750 1410 Et
1781 1364 1881 1411 sane
1916 1379 2197 1429 compertum
2215 1365 2278 1409 est

444 1435 566 1481 luem
600 1449 836 1479 veneream
859 1449 914 1477 eo
935 1429 1126 1476 successu
1161 1430 1292 1475 toties
1327 1431 1499 1483 curari,
1522 1430 1698 1493 quoties
1735 1448 1887 1476 recens
1908 1436 1952 1475 δε
1973 1430 2083 1476 levis
2102 1429 2149 1473 in
2176 1427 2279 1475 solis

446 1497 712 1546 humoribus
732 1497 975 1543 etiamnum
997 1495 1170 1540 inficiet.
1201 1495 1325 1541 Solet
1344 1495 1528 1558 quidem
1559 1495 1613 1540 ab
1634 1494 1945 1557 hydrargyrosi
1971 1493 2174 1556 sanguini
2195 1509 2278 1538 cae-

445 1563 641 1627 terisque
667 1560 931 1607 humoribus
949 1594 960 1613 ‚
981 1560 1089 1605 dum
1110 1560 1342 1606 Mercurio
1366 1575 1616 1606 atteruntur
1639 1564 1683 1604 &
1704 1558 1967 1621 subiguntur
1988 1593 1999 1611 ,
2027 1557 2280 1604 acrimoniae

442 1629 681 1693 quidpiam
699 1643 792 1672 non
814 1625 913 1671 raro
932 1624 1146 1671 accedere
1165 1658 1177 1676 ‚
1204 1624 1279 1670 sed
1300 1624 1344 1669 id
1371 1624 1633 1688 plerumque
1651 1624 1750 1670 leve
1773 1626 1830 1670 est
1848 1658 1860 1675 ,
1881 1629 1925 1669 δε
1956 1623 2083 1668 diaeta
2099 1623 2284 1668 humec-

448 1709 571 1740 tante
592 1710 640 1738 ac
672 1690 969 1754 refrigerante
988 1724 999 1743 ‚
1020 1689 1093 1736 vel
1116 1688 1144 1734 fi
1165 1707 1274 1752 opus
1293 1688 1430 1734 fuerit
1446 1723 1458 1743 ,
1486 1688 1564 1735 usu
1589 1689 1708 1735 laetis
1733 1688 1861 1735 facile
1887 1687 2167 1734 emendatur.

513 1762 575 1805 At
607 1757 718 1804 verb
757 1755 857 1802 raro
877 1789 890 1808 ,
921 1755 993 1802 vel
1031 1754 1177 1819 potius
1209 1771 1452 1817 numquam
1479 1754 1645 1800 accidit
1683 1770 1731 1800 ut
1763 1754 1860 1799 duae
1888 1753 1979 1798 aliae
2009 1753 2092 1798 luis
2121 1750 2287 1818 species

452 1824 547 1888 pari
588 1822 805 1869 felicitate
832 1836 1058 1866 curentur.
1090 1823 1335 1882 Utcunque
1371 1819 1492 1865 enim
1528 1818 1731 1865 remedio
1765 1817 2054 1882 profligatum
2084 1816 2133 1863 sit
2165 1816 2290 1863 virus

453 1905 591 1935 omne
606 1921 618 1940 ‚
639 1886 760 1951 quod
781 1885 1044 1931 humoribus
1064 1885 1173 1931 inest
1189 1918 1201 1936 ,
1221 1884 1519 1947 humoresque
1540 1884 1680 1931 inficit
1699 1918 1711 1936 ‚
1738 1881 2030 1929 nihilominus
2049 1897 2198 1928 tamen
2217 1880 2287 1926 su·-

455 1953 638 2018 petsunt
664 1953 926 2015 plerumque
954 1950 1062 1996 vitia
1080 1950 1180 2000 illa,
1199 1966 1294 2010 quae
1317 1948 1467 1994 solidis
1486 1949 1684 2011 partibus
1703 1948 1866 1994 morbo
1896 1951 1985 2008 jam
2011 1947 2132 1992 illata
2158 1946 2284 2000 sunt;

459 2023 505 2064 &
528 2017 727 2080 quandiu
747 2013 989 2078 supersunt,
1010 2014 1164 2058 tandiu
1184 2012 1439 2058 affeciiones
1459 2030 1549 2058 non
1571 2030 1727 2074 paucas
1747 2029 1799 2057 ex
1819 2011 2097 2074 pristinarum
2121 2027 2287 2072 genere

459 2088 506 2130 &
532 2080 680 2127 foveri
701 2085 746 2125 &
768 2096 1012 2143 perennare
1037 2077 1257 2123 necess'um
1281 2078 1339 2122 est
1357 2110 1369 2129 ,
1394 2076 1513 2122 unde
1542 2076 1591 2121 fit
1609 2092 1656 2121 ut
1673 2076 1795 2121 irrita
1819 2074 1892 2138 spe
1910 2075 2173 2138 plerumque
2200 2074 2290 2120 do-

458 2149 608 2198 leant,
628 2144 901 2209 quicumque
920 2142 1032 2187 male
1055 2142 1236 2204 providi
1270 2158 1351 2187 nec
1389 2159 1537 2187 rerum
1560 2139 1660 2186 satis
1681 2140 1807 2203 gnari
1826 2138 2065 2203 perfectam
2088 2141 2294 2203 expedita—

458 2212 598 2263 bant,
626 2208 908 2272 numerisque
940 2207 1149 2252 omnibus
1179 2205 1426 2252 absolutam
1448 2205 1726 2253 curationem
1756 2205 2011 2252 inveteratae
2035 2204 2118 2251 luis
2151 2221 2290 2252 vene—

462 2295 544 2325 rea:
563 2311 575 2329 ,
599 2274 833 2339 partesque
854 2272 1012 2318 solidas
1031 2276 1116 2331 jam
1134 2270 1307 2319 dudum
1329 2270 1587 2317 insedentis.

520 2345 584 2388 Ex
606 2339 724 2385 vitiis
745 2355 891 2385 autem
911 2371 922 2389 ,
944 2355 1038 2400 qua*
1058 2337 1103 2381 in
1133 2335 1280 2382 solidis
1304 2334 1502 2400 partibus
1520 2336 1614 2400 post
1633 2334 1978 2381 exterminatum
2009 2333 2130 2381 virus
2154 2351 2292 2382 vene-

465 2424 591 2454 reum
610 2403 826 2469 supereffe
848 2403 989 2448 solent
1008 2436 1019 2453 ‚
1040 2401 1213 2466 possunt
1235 2401 1317 2446 alia
1336 2417 1430 2448 arte
1449 2417 1582 2464 atque
1611 2400 1821 2446 remediis
1839 2400 2068 2446 emendari
2086 2433 2098 2452 ,
2122 2405 2167 2446 δε
2187 2400 2294 2445 hinc

466 2470 739 2536 proveniunt
768 2467 1021 2514 affeetiones
1049 2466 1290 2530 superstites
1315 2466 1498 2530 quidem
1528 2466 1590 2511 lui
1620 2482 1848 2516 venerere,
1877 2465 1951 2511 sed
1989 2481 2138 2511 tamen
2166 2464 2297 2511 sana-

468 2538 578 2583 biles
594 2569 605 2588 ‚
632 2536 689 2581 de
714 2534 873 2599 quibus
899 2534 944 2578 in
971 2533 1077 2578 hoc:
1102 2532 1203 2577 Alia
1226 2530 1335 2577 verb
1353 2547 1582 2595 nequeunt
1612 2548 1693 2576 nec
1714 2529 1850 2594 opera
1871 2547 1951 2576 nec
1974 2529 2198 2576 medicina
2223 2529 2295 2574 ul·-

468 2602 509 2648 lfi
529 2601 723 2663 corrigi,
743 2605 787 2645 «Sc
810 2599 912 2644 hinc
935 2597 1046 2642 fiunt
1071 2595 1324 2643 affeffiones
1342 2614 1436 2642 non
1456 2596 1595 2642 modo
1624 2595 1684 2640 lui
1704 2612 1902 2641 venereae
1925 2593 2166 2659 superstites
2183 2626 2197 2647 ,
2219 2593 2300 2641 sed

471 2666 606 2714 etiam
630 2665 818 2711 omnino
838 2661 1101 2709 insanabiles
1119 2695 1130 2714 ‚
1151 2661 1206 2707 de
1232 2660 1392 2723 quibus
1412 2661 1459 2706 in
1484 2663 1670 2723 fi’qiiente
1691 2665 1838 2725 Capite
1873 2676 2066 2723 agemus.

521 2730 632 2776 Ideo
658 2729 768 2774 mihi
795 2728 938 2773 visum
969 2728 1027 2772 est
1054 2726 1140 2772 hoc
1164 2741 1478 2788 argumentum
1500 2724 1743 2770 accuratius
1767 2726 1950 2770 tractare
1969 2758 1981 2776 ‚
2005 2723 2126 2786 quod
2148 2722 2302 2787 explou'

473 2812 616 2840 ratum
644 2793 831 2839 habeam
856 2790 1011 2856 quanti
1038 2790 1202 2835 referat
1220 2792 1266 2835 in
1287 2789 1510 2835 medicina
1530 2788 1789 2853 syphiliticis
1816 2788 2022 2835 facienda
2055 2787 2171 2852 prius
2197 2787 2300 2833 nost

471 2859 516 2906 se
535 2894 548 2913 ,
574 2857 683 2924 quid
710 2857 766 2904 de
784 2856 962 2920 singulis
988 2855 1136 2901 morbi
1157 2854 1462 2914 symptomatis
1492 2853 1773 2899 sentiendum
1800 2852 1851 2897 sit
1882 2869 2013 2916 arque
2036 2852 2298 2916 praesagien-

472 2924 582 2971 dum
601 2958 614 2977 ,
643 2922 777 2987 quam
806 2920 1137 2983 hydrargyrofis
1157 2919 1421 2966 adhibeatur
1441 2936 1453 2969 3
1475 2936 1577 2965 nam
1595 2953 1608 2971 ‚
1638 2933 1686 2963 ut
1719 2918 1779 2963 ait
1807 2918 1964 2965 Celsus
1981 2952 1994 2970 ,
2015 2918 2112 2965 Lib.
2135 2937 2170 2979 5.
2203 2931 2296 2979 cap,

473 2997 541 3035 26.
569 3004 650 3034 art.
677 3006 707 3033 1.
728 2994 840 3033 Ante
858 2991 987 3033 omnia
993 2987 1100 3044 scire
1118 2986 1318 3033 Medicus
1341 2985 1453 3030 debet
1482 3003 1563 3047 qim
1583 2982 1826 3042 insanabilia
1843 2984 1956 3041 fim3
1980 2983 2030 3030 ὠ
2049 3000 2129 3045 quae
2161 2982 2204 3026 di
2244 2982 2300 3024 ci-

472 3057 549 3101 lem
578 3056 821 3100 curationem
848 3052 1021 3097 habeam
1038 3089 1053 3105 ‚
1081 3067 1161 3112 qua
1185 3054 1486 3113 promptiorem.
1516 3048 1588 3107 Est
1622 3051 1723 3094 enim
1745 3048 1953 3111 prudentis
1978 3047 2144 3092 hominis
2162 3082 2177 3097 ,
2202 3045 2297 3106 pri-

472 3119 577 3163 mimz
610 3135 694 3162 eam
713 3154 727 3169 ,
748 3120 816 3178 qui
847 3117 1015 3174 servari
1044 3133 1119 3159 non
1141 3114 1260 3177 potest
1280 3151 1293 3165 ,
1314 3131 1390 3158 non
1417 3119 1610 3173 attingere
1631 3151 1645 3165 ,
1689 3130 1759 3158 nec
1774 3111 1911 3170 snbire
1931 3113 2100 3175 speciem
2130 3113 2211 3162 ejus
2252 3119 2300 3151 ut

472 3183 616 3243 occisi,
637 3198 747 3246 quem
760 3182 844 3242 fhrs
863 3180 981 3243 ipfius
1000 3182 1194 3226 interemit
1214 3198 1227 3222 .·
1249 3178 1414 3225 Deinde
1435 3176 1504 3225 ubi
1519 3180 1670 3241 gravis
1687 3177 1901 3237 memsfine
1925 3170 2036 3223 certd
2061 3187 2191 3217 tamen
2210 3169 2302 3240 des-‚3

2072 3249 2228 3298 peram
