2477 3643
697 112 1027 159 anaal.
1093 110 1354 158 Capu-r
1416 115 1515 157 XI.
1926 121 1984 186 63

160 192 370 259 *gionibus
393 192 532 258 magis
552 193 805 259 temperatis
827 208 917 239 tam
938 193 1050 240 male
1071 193 1354 240 conveniant.
1379 213 1400 229 τε
1421 191 1554 240 Nihil
1572 225 1586 244 ‚
1611 190 1761 256 inquit
1778 228 1791 246 ,
1811 194 1945 244 facile
1961 194 1988 237 ι’·

161 259 413 323 reperiatur
445 259 684 306 mulierum
722 257 944 322 profluvio
978 259 1118 322 magis
1150 256 1469 305 monstrificum
1500 274 1512 310 ;
1550 257 1755 304 acescunt
1790 259 1937 324 super-
1957 282 1984 300 ‹-

160 339 297 371 ventu
324 325 459 370 musta
480 356 492 376 ,
520 323 793 370 sterilescunt
837 325 955 368 tache
993 323 1145 388 fruges
1164 356 1177 375 ‚
1214 323 1468 369 moriuntur
1499 319 1626 367 insita
1646 356 1659 375 ,
1689 339 1935 371 exuruntur
1958 347 1984 366 κ

157 388 395 435 hortorum
429 389 630 452 germina
661 423 673 441 ‚
714 393 760 433 δέ
791 385 957 434 frustus
988 386 1406 451 arborum,quibus
1436 386 1640 433 insedere
1659 420 1672 439 ,
1693 387 1908 434 decidunt
1927 409 1937 434 ι
1959 410 1985 428 τι

160 453 453 516 Speculorum
476 452 626 516 fulgor
654 452 858 517 adspectu
894 452 990 517 ipso
1023 452 1259 500 hebetatur
1276 486 1289 505 ,
1335 452 1448 514 acies
1476 450 1589 498 ferri
1623 452 1937 515 praestringitur
1960 473 1986 492 <c

158 517 396 581 eborisque
431 518 550 564 nitor
569 553 582 571 ,
604 518 718 565 alvei
739 517 886 581 apium
915 518 1197 564 emoriuntur
1215 549 1228 570 ,
1261 533 1314 563 aes
1344 517 1477 564 etiam
1504 534 1553 562 ac
1579 514 1750 563 ferrum
1778 517 1939 582 rubigo
1959 537 1986 555 ‹-

158 584 363 647 protinus
384 584 570 647 corripit
590 616 602 635 ,
627 583 832 646 odorque
854 581 976 629 dirus
1003 587 1104 629 ae'ra
1128 601 1140 636 3
1169 587 1214 628 &
1233 582 1280 627 in
1301 581 1469 628 rabiem
1488 597 1679 644 aguntur
1697 583 1864 645 gustato
1886 601 1940 629 eo
1961 602 1985 620 ‹-

160 664 314 700 canes‚
333 663 467 711 atque
483 647 716 694 insanabili
740 663 916 694 veneno
937 647 1105 694 morsus
1120 646 1317 693 inficitur
1336 667 1345 692 z
1366 648 1491 706 Quin
1509 651 1556 693 &
1575 645 1845 693 bituminum
1873 646 1940 694 se-
1960 665 1986 683 τ·

159 729 273 774 quax
289 712 489 776 alioquin
514 730 563 758 ac
592 713 711 759 lenta
729 729 885 758 natura
899 711 946 756 in
965 712 1062 758 lacu
1092 711 1251 766 Judaeae
1271 745 1283 764 ,
1317 713 1392 775 qui
1424 729 1610 757 vocatur
1640 711 1906 776 Asphaltites
1924 746 1935 764 ,
1958 727 1984 746 ⁰·

160 792 281 822 certo
298 792 502 842 tempore
533 778 635 823 anni
654 777 935 842 supernatans
960 777 1116 840 nequit
1130 775 1211 822 fibi
1228 776 1359 823 avelli
1392 776 1447 822 ad
1475 794 1657 823 omnem
1682 779 1934 824 contactum
1956 795 1982 813 ⁴·

157 840 384 888 adhaerens
417 842 709 906 praeterquam
740 841 816 888 filo
843 841 966 904 quod
1002 842 1089 889 tale
1116 843 1234 888 virus
1261 841 1500 888 infecerit:
1526 842 1669 887 Etiam
1696 840 1898 887 formicis
1918 876 1930 894 ,
1955 860 1982 878 «ε

158 906 337 952 animali
368 907 556 953 minimo
575 940 586 958 ,
608 905 743 954 ineffe
771 906 943 954 sensum
971 910 1062 968 ejus
1094 906 1273 958 ferunt,
1305 905 1526 969 abjicique
1548 907 1730 970 gustatas
1757 905 1937 970 fruges,
1957 924 1983 942 ‘⁶

158 987 242 1017 nec
273 971 419 1035 postea
440 971 594 1035 repeti.
618 992 640 1008 ‹-

221 1037 318 1087 Jam
352 1037 462 1082 verb
491 1035 520 1081 si
557 1051 677 1081 tanta
708 1033 758 1079 sit
788 1034 1059 1080 menstrualis
1091 1032 1311 1097 sanguinis
1351 1033 1590 1081 virulentia
1621 1033 1669 1079 in
1696 1033 1984 1081 calidioribus

163 1098 454 1162 regionibus,
485 1100 670 1146 minime
710 1115 854 1144 tutum
884 1098 969 1144 elle
1006 1099 1142 1145 debet
1178 1099 1232 1144 ad
1264 1098 1471 1145 mulieres
1508 1098 1573 1145 ibi
1609 1099 1823 1146 accedere
1845 1133 1858 1152 ,
1882 1103 1986 1146 cum

158 1166 496 1211 menstruantur.
530 1165 639 1211 Sane
666 1165 831 1209 constat
863 1163 908 1208 in
936 1162 1017 1208 hac
1045 1164 1186 1209 nostra
1215 1163 1391 1227 Europa
1410 1198 1422 1216 ,
1448 1181 1543 1227 quae
1570 1164 1709 1226 magis
1740 1179 1985 1227 temperata

158 1229 249 1279 est,
280 1227 309 1273 si
352 1247 453 1275 cum
498 1228 771 1275 menstruatis
804 1244 871 1273 res
908 1226 1152 1280 habeatur,
1191 1226 1399 1272 balanum
1435 1233 1483 1274 ὃς
1520 1228 1781 1292 praeputium
1811 1228 1984 1275 leviore

157 1291 359 1355 phlogofi
390 1309 462 1338 aut
490 1292 796 1357 superficiariis
825 1291 1030 1355 pustulis,
1051 1309 1145 1355 quae
1173 1306 1322 1337 tamen
1350 1291 1481 1338 brevi
1502 1287 1690 1344 cessant,
1720 1291 1985 1356 plerumque

157 1353 288 1402 affici.
320 1356 502 1416 Quanti>
531 1358 739 1420 graviora
767 1372 876 1419 ergo
899 1355 952 1401 iis
971 1356 1232 1421 impendere
1255 1356 1532 1403 credendum
1559 1358 1618 1403 est
1634 1390 1647 1409 ‚
1666 1374 1778 1420 quos
1803 1357 1851 1402 in
1879 1357 1987 1403 cali-

159 1420 290 1468 diore
319 1426 364 1468 &
391 1424 593 1468 aestuante
623 1421 800 1469 climate
833 1419 1008 1466 misceri
1042 1438 1142 1467 cum
1186 1419 1384 1466 foeminis
1424 1438 1517 1467 non
1584 1421 1723 1472 udet,
1756 1420 1864 1467 dum
1899 1422 1987 1469 illis

160 1502 331 1533 mentes
353 1489 449 1532 aCku
468 1486 612 1532 fluunt
630 1485 782 1532 natura
802 1486 1006 1532 acerrimi
1029 1492 1072 1532 &
1090 1484 1210 1549 quasi
1230 1484 1376 1533 virosi.
1407 1486 1516 1533 ideo
1537 1439 1687 1531 fiii-san
1706 1484 1871 1532 fastum
1892 1489 1950 1533 est
1970 1521 1983 1539 ,

158 1566 208 1595 ut
238 1551 411 1597 Medici
441 1550 610 1597 Arabes
629 1586 640 1604 ,
667 1551 744 1614 qui
784 1551 990 1612 regiones
1025 1551 1262 1597 calidiores
1296 1549 1583 1602 incolebant,
1621 1551 1755 1614 quam
1773 1553 1917 1597 Graeci
1939 1557 1986 1597 δε

161 1615 308 1660 Latini
328 1649 340 1667 ,
362 1620 408 1661 &
428 1616 559 1680 primi
579 1621 624 1661 &
647 1614 753 1680 saepe
774 1613 1056 1662 dilleruerint
1087 1615 1144 1662 de
1168 1616 1344 1678 pustulis
1365 1620 1410 1661 &
1432 1614 1650 1662 ulceribus
1670 1615 1805 1678 virgae
1832 1616 1989 1663 oriun-

159 1678 228 1725 dis
246 1697 299 1726 ex
319 1680 442 1727 coitu
461 1698 562 1727 cum
579 1680 697 1740 foedci
717 1683 880 1727 muliere
895 1719 907 1734 ,
920 1679 1008 1726 hoc
1028 1681 1087 1726 est
1105 1698 1209 1726 cum
1228 1680 1413 1726 muliere
1433 1680 1697 1726 menstruata
1714 1698 1725 1732 3
1741 1678 1849 1725 sicut
1866 1682 1987 1727 enim

156 1744 276 1808 apud
302 1747 327 1797 J
332 1745 476 1791 udaeos
493 1779 507 1796 ,
538 1745 592 1790 sic
622 1744 739 1808 apud
759 1743 928 1790 Arabes
949 1745 1085 1790 etiam
1104 1778 1116 1796 ,
1144 1745 1220 1807 qui
1254 1748 1339 1802 jam
1358 1760 1452 1790 tum
1481 1760 1607 1791 erant
1641 1744 1951 1791 Mahumetani
1971 1779 1985 1798 ,

163 1810 430 1856 menstruata
465 1810 622 1855 mulier
653 1826 735 1873 pro
767 1808 998 1855 immunda
1032 1807 1108 1855 seu
1142 1808 1262 1854 foeda
1296 1808 1559 1855 habebatur.
1600 1809 1726 1866 Quin
1758 1808 1851 1855 imb
1879 1809 1986 1856 ideo

159 1873 338 1919 videtur
357 1874 515 1927 Judaeis
535 1879 653 1937 Lege
679 1873 868 1920 vetitum
895 1873 979 1919 effe
997 1891 1133 1919 omne
1161 1891 1263 1919 cum
1286 1875 1561 1920 menstruatis
1589 1874 1911 1921 commercium
1940 1880 1988 1920 δε

161 1938 511 1984 contubernium
531 1972 543 1991 ,
582 1956 638 1985 ne
669 1955 835 1985 venere
870 1937 1178 1999 hujuscemodi
1205 1973 1218 1990 ,
1258 1956 1353 2002 quae
1389 1955 1492 1984 tunc
1523 1937 1784 2002 plerumque
1814 1939 1988 2003 impura

161 2018 255 2049 erat
274 2036 286 2054 ,
317 2001 360 2048 se
384 2002 738 2048 contaminando
758 2036 771 2054 ,
799 2019 954 2065 graves
973 2001 1151 2049 affectus
1180 2003 1287 2050 inde
1319 2002 1635 2049 contraherent
1664 2021 1676 2056 3
1705 2002 1836 2049 Mose
1860 2021 1989 2050 nem-

161 2083 217 2130 pe
235 2099 248 2118 ,
276 2082 353 2112 -aut
377 2066 522 2132 potius
549 2071 648 2114 Deo
678 2066 806 2130 Legis
832 2066 1040 2113 Mosaicae
1066 2070 1244 2114 auclore
1262 2101 1276 2120 ,
1295 2086 1350 2114 eo
1378 2067 1619 2114 interdicito
1646 2066 1754 2114 ficut
1782 2067 1876 2114 aliis
1894 2069 1989 2133 ple-

161 2129 308 2194 risque
329 2130 626 2179 israelitarum
651 2131 949 2178 incolumitati
979 2132 1164 2178 sollicite
1192 2133 1475 2196 providente.

226 2195 380 2241 Multis
399 2214 507 2259 ergo
528 2201 575 2243 δε
601 2195 859 2260 graviffimis
877 2195 1046 2242 morbis
1070 2197 1292 2259 indigena*
1323 2197 1474 2243 Insulae
1493 2195 1618 2242 Haiti
1634 2194 1751 2242 affici
1777 2194 1886 2242 olim
1905 2195 1988 2243 de·-

166 2258 362 2306 buerunt
380 2294 392 2312 ‚
417 2260 494 2306 ubi
513 2278 645 2307 nemo
661 2261 685 2306 a
703 2262 978 2307 menstruatis
996 2261 1255 2307 mulieribus
1276 2262 1317 2307 se
1338 2260 1598 2307 continebat
1614 2294 1626 2312 ,
1662 2261 1740 2307 ubi
1762 2261 1848 2307 viri
1880 2260 1986 2307 libi-

160 2324 270 2371 dine
291 2326 559 2389 impotentes
587 2326 633 2370 in
657 2343 868 2371 venerem
889 2325 1070 2371 obviam
1089 2326 1334 2372 belluarum
1366 2327 1452 2371 ritu
1483 2324 1724 2388 agebantur
1744 2352 1758 2377 ⁵
1787 2324 1864 2371 ubi
1885 2343 1987 2371 mu·-

161 2388 293 2435 lieres
308 2423 320 2441 ,
339 2407 433 2452 quae
455 2389 800 2454 impudiciffimae
820 2406 945 2436 erant
962 2423 974 2442 ,
992 2390 1112 2437 viros
1137 2388 1383 2454 promiscue
1401 2389 1695 2436 admittebant
1713 2423 1726 2442 ,
1747 2405 1793 2435 ut
1810 2390 1986 2436 testatur

162 2453 410 2500 Gonsalvus
438 2454 692 2501 Fernandez
722 2454 777 2500 ab
797 2454 982 2501 Oviedo
1002 2489 1015 2507 ,
1042 2455 1198 2515 Histor.
1223 2456 1440 2502 Indicarum
1459 2493 1473 2508 ,
1502 2454 1598 2500 Lib.
1621 2473 1653 2516 5.
1680 2458 1810 2519 capue
1832 2476 1863 2515 3⁴
1893 2454 1986 2501 imo

160 2517 347 2564 eosdem
380 2523 426 2563 &
460 2519 603 2582 plures
635 2524 681 2565 &
710 2518 1008 2584 impudentius
1039 2520 1345 2583 provocabant
1372 2519 1725 2566 menstruationis
1753 2534 1954 2583 tempore
1972 2553 1985 2572 ‚

163 2581 264 2628 cuni
293 2600 397 2628 tunc
431 2583 724 2630 incalescente
763 2599 892 2630 utero
925 2583 1114 2630 libidine
1147 2586 1285 2648 magis
1318 2583 1562 2630 insanirent
1591 2583 1812 2648 pecudum
1841 2601 1984 2630 more.

165 2647 292 2705 Quid
318 2647 452 2710 igitur
475 2648 638 2693 mirum
665 2648 786 2694 varia
806 2682 818 2700 ,
847 2649 1177 2711 hermogenem,
1209 2651 1326 2696 acria
1354 2650 1598 2694 multorum
1627 2648 1829 2694 virorum
1857 2647 1988 2694 semi-

164 2728 222 2756 na
252 2712 338 2756 una
369 2710 551 2757 confusa
569 2746 581 2764 ,
619 2730 718 2758 cum
757 2714 975 2759 acerrimo
1001 2719 1045 2758 &
1066 2714 1291 2760 virulento
1318 2715 1539 2760 menstruo
1566 2712 1778 2776 sanguine
1814 2713 1951 2759 mixta
1971 2746 1985 2765 ,

164 2776 282 2821 intra
314 2791 487 2822 uterum
516 2778 764 2823 :estuantem
797 2782 842 2823 δε
875 2777 1046 2824 olidum
1077 2776 1440 2843 spurciffiniarum
1477 2778 1710 2824 mulierum
1746 2778 1940 2824 coercita
1970 2810 1984 2828 ‚

163 2839 292 2885 mora
309 2872 321 2890 ,
348 2839 757 2902 heterogeneitate‚
786 2842 934 2889 calore
963 2843 1050 2889 loci
1071 2842 1198 2888 brevi
1219 2838 1529 2907 computruiffe
1547 2876 1560 2893 ,
1588 2860 1636 2888 ac
1664 2842 1805 2906 prima
1836 2840 1986 2886 morbi

165 2903 349 2951 venerei
382 2903 564 2950 seminia
595 2906 858 2951 constituiffe
878 2939 889 2957 ‚
923 2924 1017 2969 quae
1042 2907 1090 2951 in
1117 2908 1252 2961 alios,
1287 2907 1317 2952 fi
1347 2907 1425 2970 qui
1451 2905 1601 2952 forsan
1637 2905 1987 2952 continentiores

167 2983 297 3015 erant
318 3000 330 3020 ,
358 2969 626 3030 contagione
651 2969 937 3016 dimanavere
957 2983 971 3015 ἒ

227 3031 458 3096 Propofitae
488 3035 744 3094 conjec'kurae
766 3031 887 3079 favet
900 3032 1190 3079 consideratio
1218 3049 1473 3080 caeterarum
1498 3033 1729 3096 regionum
1744 3035 1985 3088 Americae,

167 3095 329 3143 Africae
359 3102 405 3143 ὃς
439 3095 540 3141 Afiae
562 3130 574 3149 ,
610 3097 666 3143 de
694 3097 854 3160 quibus
879 3098 1154 3161 praecedente
1187 3099 1328 3162 capite
1359 3099 1524 3145 distum
1551 3098 1637 3144 fuit
1667 3105 1712 3146 &
1744 3100 1821 3145 ubi
1849 3099 1986 3163 suspi-

168 3160 241 3210 cio
268 3163 328 3210 est
356 3161 547 3210 totidem
578 3162 686 3210 alios
712 3162 794 3210 luis
821 3179 1018 3210 venerea:
1051 3160 1177 3211 focos
1208 3163 1449 3228 antiquitus
1480 3162 1665 3213 latuisse.
1711 3164 1832 3227 Cuffl
1866 3164 1987 3213 enim

2032 3048 2099 3086 Cui
2112 3050 2259 3101 opinio-

2032 3103 2066 3140 ni
2080 3101 2180 3139 favet
2196 3117 2262 3139 no«

2034 3167 2092 3192 tus
2118 3154 2264 3195 vivendi
