2477 3643
638 131 1565 181 annnIV.CAx’v·rIV.
1889 149 1988 203 ‘325

152 219 271 273 tibus
299 217 498 268 articulis
516 216 634 264 scalae
655 215 937 263 affinitatum.
968 216 1214 265 Posteriora
1235 214 1344 263 verb
1368 213 1423 261 ab
1443 212 1674 262 effeetibus
1691 217 1855 264 caeteris
1872 253 1884 271 ,
1908 219 1987 283 qui

156 288 268 334 fiunt
295 286 408 335 vitio
437 299 698 332 caeterorum
720 283 958 328 humorum
978 282 1121 329 minus
1143 278 1342 328 affinium
1359 313 1372 333 ‚
1393 286 1437 326 &
1457 298 1570 345 quos
1600 280 1880 344 exposuimus
1897 284 1988 330 ibi-

159 352 263 399 dem
285 348 599 415 posterioribus
620 348 815 394 articulis
835 347 1144 413 descriptionis
1160 346 1375 410 ejusdem.

221 418 292 462 De
320 413 518 478 utrisque
553 414 678 459 caute
705 413 1032 460 advertendum
1066 415 1125 460 est
1154 415 1201 458 in
1231 413 1317 458 hoc
1345 409 1506 458 ordine
1535 409 1989 458 demonstrativorum

159 478 410 542 signorum,
439 496 532 542 quae
566 477 730 541 singula
756 479 810 524 ab
835 477 1064 524 effectibus
1092 492 1352 542 repetuntur
1371 509 1384 528 ,
1413 475 1640 541 praesenti&
1666 474 1895 538 signorum
1916 477 1989 540 sy·-

160 545 381 608 philidem
399 544 586 607 quidem
604 544 729 605 argui
744 577 756 596 ‚
776 544 881 607 quia
901 543 1046 607 posito
1065 542 1223 590 effer-stu
1246 540 1418 588 causam
1440 544 1547 605 poni
1569 541 1788 588 necei'sum
1819 544 1877 588 est
1905 560 1917 596 3
1947 560 1990 590 at

164 609 274 655 vero
304 608 501 656 absentia
533 607 798 655 eorumdem
827 607 1092 672 syphilidem
1115 608 1299 654 minime
1321 607 1529 660 excludi,
1559 608 1664 670 quia
1696 606 1832 668 positi
1864 608 1991 655 causa

162 672 436 737 consequens
466 691 558 718 non
585 675 643 720 est
663 671 868 720 effectum
890 672 1057 737 semper
1075 690 1183 737 poni
1203 707 1214 724 ,
1233 672 1335 725 cum
1355 672 1480 735 possit
1500 671 1631 718 causae
1653 670 1847 719 efficacia
1880 674 1992 719 mul-

161 738 304 802 tiplici
334 739 473 784 modo
491 738 688 785 inhiberi
708 772 721 791 ‚
743 738 922 785 retundi
942 772 953 789 ,
976 753 1050 783 aut
1080 738 1165 783 alio
1185 737 1366 784 diverti.
1400 738 1626 794 Quocirca
1647 737 1993 784 demonstrativa

161 802 281 865 signa
300 837 312 855 ,
331 802 360 848 fi
378 803 516 850 adsmt
534 837 547 855 ‚
567 805 647 850 luis
671 820 870 850 venereae
899 803 1171 849 existentiam
1205 801 1370 865 singula
1398 821 1480 866 pro
1501 801 1578 848 suo
1598 819 1783 865 quaeque
1803 803 1994 850 modulo

161 866 383 914 affirmant
402 887 413 922 ·,
435 885 599 932 negant
618 869 728 914 verb
748 868 932 913 minime
953 868 1055 913 licet
1075 866 1215 914 defint
1233 902 1245 920 ‚
1263 868 1292 912 fi
1313 865 1367 911 ab
1395 869 1489 912 aliis
1506 868 1747 914 indicetur.

226 934 362 996 Signa
381 926 574 980 univoca
600 933 672 979 seu
691 933 1099 998 pathognomonica
1118 967 1130 985 ,
1145 950 1238 996 quae
1256 933 1302 978 in
1323 931 1563 978 indicanda
1587 934 1660 979 lue
1682 933 1870 980 venerea
1888 952 1993 999 prat:—⁴

161 996 290 1062 cipua
314 996 413 1044 sunt
436 1005 482 1045 δε
507 998 742 1062 primaria,
763 1015 816 1044 ex
844 997 1004 1043 ordine
1036 996 1255 1060 {igillatim
1282 1015 1581 1062 proponemus
1600 1032 1612 1050 ,
1639 997 1888 1044 brevissime
1924 1016 1992 1046 ta-

162 1079 266 1109 men
284 1097 295 1115 ,
320 1062 394 1109 sed
423 1064 486 1109 ita
522 1079 569 1109 ur
595 1063 715 1108 nulla
736 1064 968 1108 omittatur
992 1063 1248 1108 cautionum
1265 1097 1277 1115 ,
1302 1081 1491 1126 quarum
1529 1062 1626 1108 usus
1644 1062 1730 1109 effe
1751 1062 1911 1110 debeat
1942 1065 1992 1112 in

161 1126 476 1190 distinguendo
498 1133 543 1174 &
563 1127 815 1173 aestimando
832 1126 953 1190 figno
973 1127 1177 1190 quolibet
1204 1128 1321 1173 istius
1335 1128 1526 1191 generis.
1548 1128 1728 1176 Deinde
1746 1130 1854 1175 vero
1872 1129 1993 1193 ligna

159 1193 387 1254 aequivoca
411 1193 529 1239 nude
557 1191 726 1238 tantum
752 1191 992 1239 referemus
1015 1191 1247 1239 brevitatis
1269 1193 1412 1239 studio
1433 1227 1445 1245 ,
1465 1192 1564 1238 cum
1593 1212 1646 1239 ex
1678 1194 1841 1239 tradita
1867 1196 1992 1242 aetio-

159 1256 281 1320 logii
305 1257 484 1304 abunde
503 1256 781 1321 perspicuum
800 1256 849 1302 sit
870 1291 881 1309 ‚
901 1257 1056 1320 quanti
1085 1257 1251 1320 fingula
1280 1258 1531 1304 aestimanda
1549 1258 1633 1304 elle
1651 1258 1898 1305 videantur.

227 1326 373 1368 Sion
394 1338 425 1368 Α
467 1339 761 1369 ωΝινοεΑ
801 1322 1992 1372 seuPATH00N0M0N10A.primurmlnfeetio

162 1404 264 1432 cum
287 1387 429 1433 altero
454 1386 571 1449 quafi
592 1406 646 1434 ex
663 1387 844 1434 traduce
865 1388 1195 1433 communicata
1217 1405 1506 1452 quocumque
1524 1387 1694 1441 modo,
1716 1389 1960 1436 concubitu
1976 1423 1991 1445 ,

164 1452 402 1499 laetatione
420 1485 433 1504 ,
464 1450 663 1499 suctione
680 1486 694 1505 ,
711 1452 953 1498 basiatione
969 1487 981 1503 ,
1008 1452 1248 1499 cubatione
1271 1458 1358 1499 &c-

224 1521 332 1562 Hoc
366 1517 550 1581 quidem
581 1517 752 1581 {ignum
773 1519 830 1564 est
851 1517 1088 1563 indubium
1123 1523 1171 1564 &
1199 1517 1352 1581 primae
1381 1533 1495 1564 notae
1528 1517 1702 1565 latentis
1730 1516 1992 1583 syphilidis,

160 1580 263 1628 cum
290 1597 336 1628 ut
357 1582 532 1644 vulgari
560 1582 701 1629 fertur
723 1582 909 1645 adagio,
934 1600 1069 1629 nemo
1098 1582 1176 1629 det
1203 1583 1329 1646 quod
1353 1601 1446 1630 non
1478 1583 1613 1629 habet
1631 1617 1644 1635 ,
1672 1584 1811 1630 modo
1844 1601 1995 1633 tamen

161 1647 408 1692 constiterit
427 1647 484 1693 de
506 1646 688 1693 sanitate
708 1647 999 1694 antecedente
1021 1648 1196 1694 alterius
1215 1666 1411 1711 quocum
1432 1665 1499 1694 res
1517 1647 1603 1693 fuit
1627 1654 1672 1694 &
1692 1649 1769 1711 qui
1789 1648 1832 1695 se
1856 1650 1998 1697 infec-

161 1726 258 1757 tum
283 1710 410 1758 fuiffe
429 1712 646 1774 queritur.
674 1712 762 1758 Sed
790 1712 837 1757 in
857 1730 910 1759 eo
930 1712 1116 1774 negotio
1138 1728 1205 1758 tot
1225 1712 1443 1776 praestigiae
1459 1746 1472 1765 ‚
1501 1728 1568 1758 tot
1594 1712 1767 1759 offuciae
1792 1713 1891 1760 sunt
1909 1750 1922 1768 ,
1947 1732 1997 1763 ut

162 1775 366 1823 nasutum
386 1794 479 1822 non
500 1795 637 1823 unum
657 1777 863 1823 noverim
880 1811 892 1830 ,
915 1777 985 1822 cui
1003 1775 1130 1823 fucus
1152 1777 1288 1824 fafitus
1306 1776 1443 1824 fuerit
1460 1811 1472 1830 ‚
1496 1777 1616 1840 quasi
1633 1777 1687 1823 ab
1713 1778 1808 1843 ipso
1840 1797 1998 1846 accep-

161 1858 230 1888 tus
249 1840 433 1888 morbus
455 1841 559 1888 esset
580 1876 593 1895 ‚
611 1842 689 1905 qui
708 1858 854 1888 tamen
882 1842 952 1888 vel
972 1841 1051 1887 usu
1065 1876 1078 1895 ‚
1095 1842 1174 1906 qui
1195 1860 1296 1888 cum
1313 1843 1392 1889 illo
1413 1842 1713 1890 intercefferat
1731 1878 1744 1896 ‚
1772 1844 1999 1909 antiquior

161 1922 259 1954 erat
278 1939 291 1959 ,
313 1907 385 1953 vel
413 1906 468 1953 ab
489 1907 577 1953 alio
598 1924 739 1971 nuper
762 1909 1026 1953 comraCtus.

222 1977 254 2017 S
260 1973 470 2018 ecnndnm.
507 1972 753 2019 Generatio
781 1972 973 2018 foetuum
995 1971 1308 2017 abortivorum
1326 2005 1339 2024 ,
1360 1972 1428 2017 vel
1451 1971 1527 2035 qui
1548 1971 1578 2018 fi
1600 1971 1856 2036 legitimum
1885 1990 1999 2021 tem-

160 2053 240 2100 pus
262 2036 493 2098 attigerint
512 2071 524 2089 ‚
546 2037 781 2101 squallidi,
812 2037 1048 2090 emaciari,
1066 2036 1271 2102 pustulofi
1289 2070 1302 2091 ,
1324 2037 1510 2083 ulcerosi
1525 2071 1539 2091 ,
1560 2038 1846 2103 {emi-putres
1864 2073 1877 2094 ,
1897 2040 1997 2087 nul-

162 2101 352 2148 lomodo
372 2102 529 2148 vitales
548 2103 791 2166 pariantur.

233 2167 428 2231 Simplex
455 2168 641 2230 quidem
666 2167 884 2213 indicium
919 2167 978 2212 est
994 2199 1007 2218 ,
1031 2164 1103 2213 seu
1121 2163 1292 2229 signum
1311 2165 1509 2212 secundae
1530 2183 1641 2213 notae
1660 2201 1672 2219 ,
1709 2167 1783 2215 sed
1804 2187 1997 2234 urgens,

164 2236 212 2278 δέ
230 2234 354 2294 quod
376 2232 403 2276 fi
427 2233 588 2294 pluries
617 2247 839 2297 repetatur
872 2231 961 2277 sine
986 2231 1112 2277 causei
1140 2230 1227 2277 ulla
1251 2230 1504 2281 manifesta,
1534 2250 1627 2295 qua:
1659 2232 1820 2280 foetum
1851 2252 1996 2283 matu-

164 2296 253 2344 rius
281 2297 548 2351 exturbare,
579 2313 653 2343 aut
683 2298 731 2343 in
764 2313 894 2343 utero
923 2313 1128 2342 materno
1156 2294 1416 2360 peffimdare
1445 2297 1617 2350 valeat,
1637 2297 1682 2343 in
1702 2296 1872 2360 signum
1892 2303 1998 2349 vere

164 2362 628 2426 pathognomonicum
655 2367 701 2408 &
723 2362 966 2406 univocum
991 2361 1213 2406 abiturum
1237 2362 1309 2406 est.
1343 2358 1460 2406 Cum
1491 2362 1613 2407 enim
1646 2363 1870 2426 contingit
1894 2384 1996 2429 par-

164 2442 234 2471 tus
254 2427 398 2488 plures
418 2428 533 2473 male
559 2426 674 2472 affici
692 2426 808 2489 quasi
831 2424 1109 2471 haereditaria
1132 2424 1396 2471 suoeeslione
1414 2459 1426 2477 ‚
1448 2425 1588 2488 liquet
1619 2425 1726 2474 inde
1756 2446 1994 2492 parentum

165 2491 431 2537 alterutrum
452 2491 506 2537 ad
525 2491 669 2537 minus
694 2489 907 2537 infectum
931 2490 1016 2537 esle
1038 2490 1204 2537 debere
1223 2524 1236 2542 ,
1266 2490 1388 2554 quod
1409 2492 1593 2554 quidem
1614 2509 1924 2555 argumentum
1947 2501 1995 2542 δε

164 2556 214 2602 in
246 2572 432 2603 matrem
450 2589 462 2608 ‚
497 2573 592 2618 quae
627 2555 758 2601 foetui
791 2556 1049 2601 alimoniam
1079 2555 1273 2618 suggerit
1301 2570 1399 2600 toto
1425 2556 1678 2618 gestationis
1699 2571 1927 2622 tempore,
1949 2565 1997 2606 &

164 2621 214 2668 in
237 2637 407 2686 patrem
426 2655 436 2672 ,
458 2622 535 2684 qui
560 2621 606 2666 in
630 2620 929 2684 generationis
953 2639 1090 2685 opere
1122 2620 1282 2685 primas
1310 2619 1515 2675 confert3
1536 2626 1581 2666 δε
1605 2620 1653 2666 in
1678 2636 1916 2685 utrumque
1941 2622 1998 2668 si·-

167 2688 260 2732 mul
279 2687 477 2733 validum
501 2687 558 2732 est
577 2719 591 2738 ,
621 2703 668 2732 ut
687 2686 763 2749 qui
785 2685 1107 2732 consuetudine
1126 2703 1342 2733 venereos
1364 2685 1548 2732 morbos
1574 2685 1771 2734 invicem
1795 2705 1998 2735 commu-

165 2751 316 2797 nicare
337 2752 505 2798 soleant
523 2785 534 2802 ,
555 2752 660 2797 licet
680 2768 828 2797 tamen
849 2769 941 2796 non
966 2750 1153 2815 semper.

160 2852 176 2857 ό
232 2820 435 2862 Tertium.
462 2815 682 2862 Morbosa
704 2815 949 2863 liberorum
969 2816 1171 2863 vitalium
1197 2815 1456 2876 constitutio
1471 2848 1484 2867 ,
1504 2815 1581 2878 qui
1600 2815 1797 2861 strumosi
1817 2850 1828 2869 ‚
1850 2816 1996 2863 rachi-

135 2929 145 2936 *
167 2879 246 2926 tici
267 2915 279 2932 ,
301 2880 426 2942 gibbi
445 2913 456 2931 ,
479 2880 640 2927 hectici
658 2915 670 2932 ‚
689 2880 941 2932 macilenti,
963 2880 1260 2927 marasmodes
1278 2881 1348 2928 vel
1371 2879 1520 2926 miseri
1539 2896 1638 2926 ante
1657 2880 1778 2926 diem
1798 2880 1967 2928 obeunt
1982 2915 1994 2935 ‚

162 2946 240 2992 ‘vel
264 2945 292 2990 fi
325 2944 527 3008 superent
542 2978 556 2996 ‚
581 2944 738 2990 statura
773 2945 986 2994 humiles,
1005 2944 1237 2991 delumbes
1256 2978 1269 2997 ,
1297 2945 1524 3007 capitones
1539 2977 1551 2996 ,
1577 2944 1641 2989 fili
1659 2977 1671 2995 ‚
1693 2945 1818 2996 vari,
1854 2946 1963 2992 varii
1984 2980 1996 2999 ,

168 3010 319 3074 valgi,
348 3026 610 3075 competnes
636 3042 651 3061 ‚
680 3008 926 3061 deartuati,
959 3009 1083 3056 varie
1118 3009 1292 3055 distorti
1322 3009 1419 3055 sunt
1451 3014 1498 3056 ὃ(
1530 3008 1736 3056 articulos
1763 3009 1997 3059 tuberosos

167 3075 357 3124 habent.

230 3140 348 3186 Istud
378 3139 593 3186 indicium
623 3155 723 3183 cum
753 3137 1029 3202 praecedente
1057 3136 1200 3185 ferme
1230 3137 1444 3185 convenit
1461 3171 1473 3189 ‚
1499 3141 1546 3183 ὅ(
1571 3139 1630 3184 est
1652 3138 1848 3199 ejusdem
1870 3156 1996 3190 notae.

167 3204 383 3259 ‚validum
404 3205 588 3270 quidem
604 3234 618 3257 ,
636 3202 665 3250 fi
685 3203 732 3251 in
751 3202 948 3268 pluribus
967 3203 1040 3253 vel
1056 3202 1108 3251 in
1121 3204 1286 3253 cunffis
1303 3203 1455 3254 liberis
1474 3218 1729 3314 repetaturs‚
1742 3210 1803 3275 ⁸&
1829 3205 1858 3252 fi
1887 3223 1999 3255 neu-

1653 3272 1679 3317 S
1737 3272 1770 3334 ij

2059 947 2170 1000 Signa
2187 952 2270 988 uni-

2041 1013 2135 1038 VOCa
2150 1015 2273 1039 ΠΠΠΚΞ·Ι

2040 1065 2085 1090 10
2107 1052 2246 1098 decenn,

2041 1332 2273 1368 PrimumJn-

2038 1380 2149 1418 fefflo
2188 1395 2272 1421 cum

2038 1436 2156 1472 altero
2183 1446 2226 1472 ex

2040 1486 2184 1523 traduce.
2201 1487 2275 1525 c6-‚

2042 1540 2241 1582 murificata.

2061 1983 2274 2020 Secundurm

2039 2033 2236 2071 Generatio

2039 2085 2174 2121 iterata
2188 2085 2269 2126 foe..

2041 2149 2144 2172 tuum
2159 2138 2269 2175 abor-

2041 2190 2119 2226 tivo
2126 2201 2206 2226 rum
2237 2196 2272 2229 &

2041 2238 2141 2277 semi*
2153 2254 2225 2296 pu-

2043 2293 2169 2339 trium,

2064 2841 2241 2877 Tertium.

2038 2891 2218 2929 Moxbosa

2036 2943 2237 2982 liberorum

2038 2995 2203 3033 vitalium

2039 3046 2261 3095 constitutit„
