<?xml version="1.0" encoding="UTF-8"?>
<!DOCTYPE html PUBLIC "-//W3C//DTD XHTML 1.0 Transitional//EN"
    "http://www.w3.org/TR/xhtml1/DTD/xhtml1-transitional.dtd">
<html xmlns="http://www.w3.org/1999/xhtml" xml:lang="en" lang="en">
 <head>
  <title>
</title>
<meta http-equiv="Content-Type" content="text/html;charset=utf-8" />
  <meta name='ocr-system' content='tesseract 3.04.00' />
  <meta name='ocr-capabilities' content='ocr_page ocr_carea ocr_par ocr_line ocrx_word'/>
</head>
<body>
  <div class='ocr_page' id='page_1' title='image "./demorbisvenereis00astr_0518.png"; bbox 0 0 2477 3643; ppageno 0'>
   <div class='ocr_carea' id='block_1_1' title="bbox 406 148 1870 213">
    <p class='ocr_par' dir='ltr' id='par_1_1' title="bbox 406 148 1870 213">
     <span class='ocr_line' id='line_1_1' title="bbox 406 148 1870 213; baseline 0.002 -13"><span class='ocrx_word' id='word_1_1' title='bbox 406 157 500 213; x_wconf 76' lang='lat'><strong>482.</strong></span> <span class='ocrx_word' id='word_1_2' title='bbox 760 151 1308 206; x_wconf 77' lang='lat' dir='ltr'>DEMORBIS</span> <span class='ocrx_word' id='word_1_3' title='bbox 1374 148 1870 206; x_wconf 74' lang='lat' dir='ltr'><strong>VENER&#39;Ets.</strong></span> 
     </span>
    </p>
   </div>
   <div class='ocr_carea' id='block_1_2' title="bbox 152 228 2273 1770">
    <p class='ocr_par' dir='ltr' id='par_1_2' title="bbox 181 228 2273 440">
     <span class='ocr_line' id='line_1_2' title="bbox 411 228 2273 302; baseline 0.003 -26"><span class='ocrx_word' id='word_1_4' title='bbox 411 255 438 276; x_wconf 74' lang='grc' dir='ltr'><em>η</em></span> <span class='ocrx_word' id='word_1_5' title='bbox 464 244 573 276; x_wconf 85' lang='lat' dir='ltr'><strong>tum.</strong></span> <span class='ocrx_word' id='word_1_6' title='bbox 603 228 696 295; x_wconf 83' lang='lat' dir='ltr'><strong>Ego</strong></span> <span class='ocrx_word' id='word_1_7' title='bbox 718 230 814 278; x_wconf 87' lang='lat' dir='ltr'><strong>vidi</strong></span> <span class='ocrx_word' id='word_1_8' title='bbox 833 230 1158 278; x_wconf 81' lang='lat' dir='ltr'>adolescentem</span> <span class='ocrx_word' id='word_1_9' title='bbox 1187 229 1465 277; x_wconf 81' lang='lat' dir='ltr'>laborantem</span> <span class='ocrx_word' id='word_1_10' title='bbox 1487 231 1662 279; x_wconf 83' lang='lat' dir='ltr'><strong>Gallico</strong></span> <span class='ocrx_word' id='word_1_11' title='bbox 1683 266 1696 287; x_wconf 91' lang='lat'>,</span> <span class='ocrx_word' id='word_1_12' title='bbox 1730 234 1777 280; x_wconf 90' lang='lat' dir='ltr'><strong>in</strong></span> <span class='ocrx_word' id='word_1_13' title='bbox 1808 251 1899 298; x_wconf 87' lang='lat' dir='ltr'><strong>quo</strong></span> <span class='ocrx_word' id='word_1_14' title='bbox 1931 232 2085 284; x_wconf 81' lang='lat' dir='ltr'><strong>omnia</strong></span> <span class='ocrx_word' id='word_1_15' title='bbox 2105 230 2273 302; x_wconf 78' lang='lat' dir='ltr'><strong>Regia.-</strong></span> 
     </span>
     <span class='ocr_line' id='line_1_3' title="bbox 416 294 1838 361; baseline 0.004 -22"><span class='ocrx_word' id='word_1_16' title='bbox 416 320 442 340; x_wconf 72' lang='grc' dir='ltr'><strong>υ</strong></span> <span class='ocrx_word' id='word_1_17' title='bbox 468 294 709 343; x_wconf 74' lang='lat' dir='ltr'><strong>infeliciter</strong></span> <span class='ocrx_word' id='word_1_18' title='bbox 734 313 916 361; x_wconf 82' lang='lat' dir='ltr'><strong>experta</strong></span> <span class='ocrx_word' id='word_1_19' title='bbox 935 295 1035 341; x_wconf 87' lang='lat' dir='ltr'><strong>sunt</strong></span> <span class='ocrx_word' id='word_1_20' title='bbox 1053 314 1064 348; x_wconf 81' lang='lat'>3</span> <span class='ocrx_word' id='word_1_21' title='bbox 1087 295 1333 359; x_wconf 83' lang='lat' dir='ltr'><strong>Empiricus</strong></span> <span class='ocrx_word' id='word_1_22' title='bbox 1351 295 1632 359; x_wconf 81' lang='lat' dir='ltr'>hydrargyro</span> <span class='ocrx_word' id='word_1_23' title='bbox 1651 298 1838 347; x_wconf 87' lang='lat' dir='ltr'><strong>curavit.</strong></span> 
     </span>
     <span class='ocr_line' id='line_1_4' title="bbox 181 359 2250 440; baseline 0.004 -35"><span class='ocrx_word' id='word_1_24' title='bbox 181 386 195 435; x_wconf 53' lang='grc' dir='ltr'>ί</span> <span class='ocrx_word' id='word_1_25' title='bbox 209 387 262 440; x_wconf 55' lang='lat' dir='ltr'><strong>a,</strong></span> <span class='ocrx_word' id='word_1_26' title='bbox 286 390 378 438; x_wconf 53' lang='lat' dir='ltr'><strong>Cap·</strong></span> <span class='ocrx_word' id='word_1_27' title='bbox 483 365 571 408; x_wconf 91' lang='lat' dir='ltr'><strong>IV.</strong></span> <span class='ocrx_word' id='word_1_28' title='bbox 611 366 767 407; x_wconf 80' lang='lat' dir='ltr'><strong>Sciatis</strong></span> <span class='ocrx_word' id='word_1_29' title='bbox 798 366 883 422; x_wconf 78' lang='lat' dir='ltr'><strong>(a)</strong></span> <span class='ocrx_word' id='word_1_30' title='bbox 917 376 1046 405; x_wconf 79' lang='lat' dir='ltr'><strong>autem</strong></span> <span class='ocrx_word' id='word_1_31' title='bbox 1064 398 1079 413; x_wconf 87' lang='lat'><em>,</em></span> <span class='ocrx_word' id='word_1_32' title='bbox 1112 360 1256 423; x_wconf 84' lang='lat' dir='ltr'><strong>inquit</strong></span> <span class='ocrx_word' id='word_1_33' title='bbox 1281 359 1499 424; x_wconf 84' lang='lat' dir='ltr'><strong>Fallopius</strong></span> <span class='ocrx_word' id='word_1_34' title='bbox 1518 393 1531 413; x_wconf 84' lang='lat'><em>‚</em></span> <span class='ocrx_word' id='word_1_35' title='bbox 1558 361 1668 424; x_wconf 71' lang='lat' dir='ltr'><strong>quod</strong></span> <span class='ocrx_word' id='word_1_36' title='bbox 1694 381 1771 409; x_wconf 88' lang='lat' dir='ltr'><strong>non</strong></span> <span class='ocrx_word' id='word_1_37' title='bbox 1790 363 1921 424; x_wconf 71' lang='lat' dir='ltr'><strong>solum</strong></span> <span class='ocrx_word' id='word_1_38' title='bbox 1948 368 2156 430; x_wconf 83' lang='lat' dir='ltr'><strong>Empirici</strong></span> <span class='ocrx_word' id='word_1_39' title='bbox 2173 366 2250 426; x_wconf 72' lang='lat' dir='ltr'><strong>fh·</strong></span> 
     </span>
    </p>

    <p class='ocr_par' dir='ltr' id='par_1_3' title="bbox 152 424 2260 1005">
     <span class='ocr_line' id='line_1_5' title="bbox 152 424 2253 494; baseline 0.002 -24"><span class='ocrx_word' id='word_1_40' title='bbox 152 455 173 490; x_wconf 87' lang='lat'>7</span> <span class='ocrx_word' id='word_1_41' title='bbox 182 453 221 486; x_wconf 81' lang='lat'><strong>9·</strong></span> <span class='ocrx_word' id='word_1_42' title='bbox 417 442 519 471; x_wconf 82' lang='lat' dir='ltr'><strong>nanc</strong></span> <span class='ocrx_word' id='word_1_43' title='bbox 545 428 767 471; x_wconf 61' lang='lat' dir='ltr'><strong>inunflione</strong></span> <span class='ocrx_word' id='word_1_44' title='bbox 793 424 866 481; x_wconf 66' lang='lat' dir='ltr'><strong>istd</strong></span> <span class='ocrx_word' id='word_1_45' title='bbox 886 463 898 478; x_wconf 93' lang='lat'><em>,</em></span> <span class='ocrx_word' id='word_1_46' title='bbox 916 426 991 483; x_wconf 73' lang='lat' dir='ltr'><strong>fied</strong></span> <span class='ocrx_word' id='word_1_47' title='bbox 1008 424 1184 471; x_wconf 77' lang='lat' dir='ltr'><strong>exhibito</strong></span> <span class='ocrx_word' id='word_1_48' title='bbox 1206 439 1368 488; x_wconf 78' lang='lat' dir='ltr'><strong>argento</strong></span> <span class='ocrx_word' id='word_1_49' title='bbox 1399 430 1504 471; x_wconf 83' lang='lat' dir='ltr'><strong>vivo</strong></span> <span class='ocrx_word' id='word_1_50' title='bbox 1523 441 1599 490; x_wconf 82' lang='lat' dir='ltr'><strong>per</strong></span> <span class='ocrx_word' id='word_1_51' title='bbox 1619 444 1687 481; x_wconf 86' lang='lat' dir='ltr'><strong>os,</strong></span> <span class='ocrx_word' id='word_1_52' title='bbox 1708 447 1783 475; x_wconf 85' lang='lat' dir='ltr'><strong>non</strong></span> <span class='ocrx_word' id='word_1_53' title='bbox 1812 431 1930 494; x_wconf 72' lang='lat' dir='ltr'><strong>quale</strong></span> <span class='ocrx_word' id='word_1_54' title='bbox 1949 429 1998 489; x_wconf 85' lang='lat' dir='ltr'><strong>est</strong></span> <span class='ocrx_word' id='word_1_55' title='bbox 2015 470 2030 484; x_wconf 84' lang='lat'><em>‚</em></span> <span class='ocrx_word' id='word_1_56' title='bbox 2045 431 2123 491; x_wconf 67' lang='grc' dir='ltr'><strong>[ἑά</strong></span> <span class='ocrx_word' id='word_1_57' title='bbox 2145 445 2253 494; x_wconf 79' lang='lat' dir='ltr'><strong>prae-</strong></span> 
     </span>
     <span class='ocr_line' id='line_1_6' title="bbox 421 489 2257 558; baseline 0.001 -21"><span class='ocrx_word' id='word_1_58' title='bbox 421 494 612 554; x_wconf 81' lang='lat' dir='ltr'><strong>cipitato;</strong></span> <span class='ocrx_word' id='word_1_59' title='bbox 647 490 696 536; x_wconf 61' lang='grc' dir='ltr'><strong>ὠ*</strong></span> <span class='ocrx_word' id='word_1_60' title='bbox 707 491 803 549; x_wconf 84' lang='lat' dir='ltr'><strong>sunt</strong></span> <span class='ocrx_word' id='word_1_61' title='bbox 825 489 1020 546; x_wconf 75' lang='lat' dir='ltr'><strong>Chimislae</strong></span> <span class='ocrx_word' id='word_1_62' title='bbox 1040 528 1054 543; x_wconf 89' lang='lat'><em>,</em></span> <span class='ocrx_word' id='word_1_63' title='bbox 1075 494 1145 552; x_wconf 86' lang='lat' dir='ltr'><strong>qui</strong></span> <span class='ocrx_word' id='word_1_64' title='bbox 1159 490 1397 553; x_wconf 82' lang='lat' dir='ltr'><strong>profitentur</strong></span> <span class='ocrx_word' id='word_1_65' title='bbox 1414 492 1607 552; x_wconf 78' lang='lat' dir='ltr'><strong>inveniffi·</strong></span> <span class='ocrx_word' id='word_1_66' title='bbox 1621 494 1778 553; x_wconf 81' lang='lat' dir='ltr'><strong>secreta</strong></span> <span class='ocrx_word' id='word_1_67' title='bbox 1797 532 1811 547; x_wconf 95' lang='lat'><em>,</em></span> <span class='ocrx_word' id='word_1_68' title='bbox 1844 493 2048 554; x_wconf 75' lang='lat' dir='ltr'><strong>&amp;facere</strong></span> <span class='ocrx_word' id='word_1_69' title='bbox 2065 498 2257 558; x_wconf 83' lang='lat' dir='ltr'><strong>praecipi-</strong></span> 
     </span>
     <span class='ocr_line' id='line_1_7' title="bbox 419 553 2252 624; baseline 0.002 -23"><span class='ocrx_word' id='word_1_70' title='bbox 419 569 546 601; x_wconf 80' lang='lat' dir='ltr'><strong>tatum</strong></span> <span class='ocrx_word' id='word_1_71' title='bbox 569 553 917 619; x_wconf 77' lang='lat' dir='ltr'><strong>praestanttffimum</strong></span> <span class='ocrx_word' id='word_1_72' title='bbox 940 568 1018 618; x_wconf 73' lang='lat' dir='ltr'><strong>pro</strong></span> <span class='ocrx_word' id='word_1_73' title='bbox 1049 554 1209 602; x_wconf 84' lang='lat' dir='ltr'><em>Morbo</em></span> <span class='ocrx_word' id='word_1_74' title='bbox 1240 557 1416 601; x_wconf 77' lang='lat' dir='ltr'><strong>Gallico.</strong></span> <span class='ocrx_word' id='word_1_75' title='bbox 1450 555 1629 603; x_wconf 81' lang='lat' dir='ltr'><strong>Deinde</strong></span> <span class='ocrx_word' id='word_1_76' title='bbox 1655 558 1868 622; x_wconf 79' lang='lat' dir='ltr'>proponit</span> <span class='ocrx_word' id='word_1_77' title='bbox 1892 559 1965 605; x_wconf 92' lang='lat' dir='ltr'><strong>ille</strong></span> <span class='ocrx_word' id='word_1_78' title='bbox 2002 558 2252 624; x_wconf 80' lang='lat' dir='ltr'>processum</span> 
     </span>
     <span class='ocr_line' id='line_1_8' title="bbox 418 617 2256 689; baseline 0.003 -24"><span class='ocrx_word' id='word_1_79' title='bbox 418 618 691 666; x_wconf 80' lang='lat' dir='ltr'><strong>conficiendi</strong></span> <span class='ocrx_word' id='word_1_80' title='bbox 718 617 1036 682; x_wconf 67' lang='lat' dir='ltr'><strong>praecipitatum</strong></span> <span class='ocrx_word' id='word_1_81' title='bbox 1058 619 1339 665; x_wconf 77' lang='lat' dir='ltr'><strong>Mercurium</strong></span> <span class='ocrx_word' id='word_1_82' title='bbox 1360 620 1544 666; x_wconf 83' lang='lat' dir='ltr'><strong>rubrum</strong></span> <span class='ocrx_word' id='word_1_83' title='bbox 1562 654 1574 673; x_wconf 86' lang='grc'>,</span> <span class='ocrx_word' id='word_1_84' title='bbox 1595 639 1731 685; x_wconf 89' lang='lat' dir='ltr'><strong>quem</strong></span> <span class='ocrx_word' id='word_1_85' title='bbox 1750 621 1957 670; x_wconf 79' lang='lat' dir='ltr'><strong>exhiberi</strong></span> <span class='ocrx_word' id='word_1_86' title='bbox 1975 625 2034 670; x_wconf 85' lang='lat' dir='ltr'><strong>ait</strong></span> <span class='ocrx_word' id='word_1_87' title='bbox 2059 624 2112 670; x_wconf 89' lang='lat' dir='ltr'><strong>ad</strong></span> <span class='ocrx_word' id='word_1_88' title='bbox 2135 641 2256 689; x_wconf 62' lang='lat' dir='ltr'><strong>pon„-</strong></span> 
     </span>
     <span class='ocr_line' id='line_1_9' title="bbox 422 683 2241 749; baseline 0.002 -19"><span class='ocrx_word' id='word_1_89' title='bbox 422 685 503 730; x_wconf 81' lang='lat' dir='ltr'><strong>dus</strong></span> <span class='ocrx_word' id='word_1_90' title='bbox 531 704 573 741; x_wconf 80' lang='lat'><strong>7.</strong></span> <span class='ocrx_word' id='word_1_91' title='bbox 602 700 842 746; x_wconf 85' lang='lat' dir='ltr'><strong>granorum</strong></span> <span class='ocrx_word' id='word_1_92' title='bbox 878 701 890 736; x_wconf 79' lang='lat'>3</span> <span class='ocrx_word' id='word_1_93' title='bbox 927 683 983 729; x_wconf 86' lang='lat' dir='ltr'><strong>acl</strong></span> <span class='ocrx_word' id='word_1_94' title='bbox 1007 683 1227 730; x_wconf 88' lang='lat' dir='ltr'><strong>summum</strong></span> <span class='ocrx_word' id='word_1_95' title='bbox 1255 701 1324 730; x_wconf 92' lang='lat'><strong>10.</strong></span> <span class='ocrx_word' id='word_1_96' title='bbox 1358 683 1434 732; x_wconf 87' lang='lat' dir='ltr'><strong>sed</strong></span> <span class='ocrx_word' id='word_1_97' title='bbox 1467 686 1580 731; x_wconf 72' lang='lat' dir='ltr'><strong>raro.</strong></span> <span class='ocrx_word' id='word_1_98' title='bbox 1629 689 1690 732; x_wconf 88' lang='lat' dir='ltr'><strong>At</strong></span> <span class='ocrx_word' id='word_1_99' title='bbox 1722 687 1850 749; x_wconf 74' lang='lat' dir='ltr'><strong>hujus</strong></span> <span class='ocrx_word' id='word_1_100' title='bbox 1884 685 2011 734; x_wconf 88' lang='lat' dir='ltr'><strong>usum</strong></span> <span class='ocrx_word' id='word_1_101' title='bbox 2043 689 2241 736; x_wconf 67' lang='lat' dir='ltr'><strong>damnat·</strong></span> 
     </span>
     <span class='ocr_line' id='line_1_10' title="bbox 420 748 2256 816; baseline 0.002 -20"><span class='ocrx_word' id='word_1_102' title='bbox 420 749 707 802; x_wconf 84' lang='lat' dir='ltr'><strong>Incommoda,</strong></span> <span class='ocrx_word' id='word_1_103' title='bbox 747 748 893 812; x_wconf 86' lang='lat' dir='ltr'><strong>inquit</strong></span> <span class='ocrx_word' id='word_1_104' title='bbox 911 781 924 800; x_wconf 87' lang='lat'>,</span> <span class='ocrx_word' id='word_1_105' title='bbox 942 748 1129 813; x_wconf 68' lang='lat' dir='ltr'><strong>subsequi</strong></span> <span class='ocrx_word' id='word_1_106' title='bbox 1145 751 1272 810; x_wconf 75' lang='lat' dir='ltr'><strong>fhlent</strong></span> <span class='ocrx_word' id='word_1_107' title='bbox 1308 767 1384 794; x_wconf 89' lang='lat' dir='ltr'><strong>non</strong></span> <span class='ocrx_word' id='word_1_108' title='bbox 1420 767 1555 815; x_wconf 72' lang='lat' dir='ltr'><strong>pauca</strong></span> <span class='ocrx_word' id='word_1_109' title='bbox 1584 769 1636 796; x_wconf 85' lang='lat' dir='ltr'><strong>ex</strong></span> <span class='ocrx_word' id='word_1_110' title='bbox 1669 754 1924 816; x_wconf 75' lang='lat' dir='ltr'><strong>assumptione</strong></span> <span class='ocrx_word' id='word_1_111' title='bbox 1949 755 2094 798; x_wconf 77' lang='lat' dir='ltr'><strong>talium</strong></span> <span class='ocrx_word' id='word_1_112' title='bbox 2127 773 2138 798; x_wconf 67' lang='grc' dir='ltr'><strong><em>ς</em></strong></span> <span class='ocrx_word' id='word_1_113' title='bbox 2164 756 2256 813; x_wconf 78' lang='lat' dir='ltr'><strong>fhl-</strong></span> 
     </span>
     <span class='ocr_line' id='line_1_11' title="bbox 420 812 2254 880; baseline 0.004 -22"><span class='ocrx_word' id='word_1_114' title='bbox 420 817 539 859; x_wconf 77' lang='lat' dir='ltr'><strong>vitur</strong></span> <span class='ocrx_word' id='word_1_115' title='bbox 566 817 668 858; x_wconf 82' lang='lat' dir='ltr'><strong>enim</strong></span> <span class='ocrx_word' id='word_1_116' title='bbox 692 815 814 858; x_wconf 78' lang='lat' dir='ltr'><strong>alvus</strong></span> <span class='ocrx_word' id='word_1_117' title='bbox 844 812 992 878; x_wconf 73' lang='lat' dir='ltr'><strong>copiose?</strong></span> <span class='ocrx_word' id='word_1_118' title='bbox 1012 852 1026 867; x_wconf 86' lang='lat'><em>,</em></span> <span class='ocrx_word' id='word_1_119' title='bbox 1061 818 1234 860; x_wconf 83' lang='lat' dir='ltr'><strong>vomitus</strong></span> <span class='ocrx_word' id='word_1_120' title='bbox 1268 830 1448 860; x_wconf 81' lang='lat' dir='ltr'><strong>movetur</strong></span> <span class='ocrx_word' id='word_1_121' title='bbox 1482 817 1779 878; x_wconf 81' lang='lat' dir='ltr'><strong>violentifflmus</strong></span> <span class='ocrx_word' id='word_1_122' title='bbox 1796 855 1810 870; x_wconf 87' lang='lat'><em>,</em></span> <span class='ocrx_word' id='word_1_123' title='bbox 1836 817 2056 880; x_wconf 51' lang='lat' dir='ltr'><strong>dysinteria</strong></span> <span class='ocrx_word' id='word_1_124' title='bbox 2090 818 2254 865; x_wconf 84' lang='lat' dir='ltr'><strong>induci-</strong></span> 
     </span>
     <span class='ocr_line' id='line_1_12' title="bbox 421 878 2260 944; baseline 0.004 -22"><span class='ocrx_word' id='word_1_125' title='bbox 421 891 490 922; x_wconf 70' lang='lat' dir='ltr'><strong>tur</strong></span> <span class='ocrx_word' id='word_1_126' title='bbox 508 915 522 930; x_wconf 91' lang='lat'><em>,</em></span> <span class='ocrx_word' id='word_1_127' title='bbox 548 882 751 941; x_wconf 82' lang='lat' dir='ltr'><strong>rumpitur</strong></span> <span class='ocrx_word' id='word_1_128' title='bbox 778 881 820 923; x_wconf 88' lang='lat' dir='ltr'><strong>in</strong></span> <span class='ocrx_word' id='word_1_129' title='bbox 846 881 1003 943; x_wconf 55' lang='lat' dir='ltr'><strong>pestore</strong></span> <span class='ocrx_word' id='word_1_130' title='bbox 1021 897 1145 925; x_wconf 73' lang='lat' dir='ltr'><strong>vena.</strong></span> <span class='ocrx_word' id='word_1_131' title='bbox 1173 878 1402 926; x_wconf 73' lang='lat' dir='ltr'><strong>Medicina</strong></span> <span class='ocrx_word' id='word_1_132' title='bbox 1426 881 1505 926; x_wconf 82' lang='lat' dir='ltr'><strong>haec</strong></span> <span class='ocrx_word' id='word_1_133' title='bbox 1532 894 1606 944; x_wconf 85' lang='lat' dir='ltr'><strong>pro</strong></span> <span class='ocrx_word' id='word_1_134' title='bbox 1630 884 1752 943; x_wconf 78' lang='lat' dir='ltr'><strong>astm&#39;s</strong></span> <span class='ocrx_word' id='word_1_135' title='bbox 1782 880 1832 928; x_wconf 74' lang='lat'><strong>&amp;⁶</strong></span> <span class='ocrx_word' id='word_1_136' title='bbox 1862 879 2015 940; x_wconf 75' lang='lat' dir='ltr'><strong>rusticis</strong></span> <span class='ocrx_word' id='word_1_137' title='bbox 2030 882 2222 942; x_wconf 73' lang='lat' dir='ltr'><strong>ftrvetur</strong></span> <span class='ocrx_word' id='word_1_138' title='bbox 2242 921 2260 939; x_wconf 82' lang='lat'><em>‚</em></span> 
     </span>
     <span class='ocr_line' id='line_1_13' title="bbox 421 941 1544 1005; baseline 0 -16"><span class='ocrx_word' id='word_1_139' title='bbox 421 956 544 1005; x_wconf 72' lang='lat' dir='ltr'><strong>atque</strong></span> <span class='ocrx_word' id='word_1_140' title='bbox 571 941 597 987; x_wconf 72' lang='grc' dir='ltr'><em>ὰ</em></span> <span class='ocrx_word' id='word_1_141' title='bbox 616 943 796 988; x_wconf 78' lang='lat' dir='ltr'><strong>thalamo</strong></span> <span class='ocrx_word' id='word_1_142' title='bbox 814 947 1044 989; x_wconf 80' lang='lat' dir='ltr'><strong>viventium</strong></span> <span class='ocrx_word' id='word_1_143' title='bbox 1064 944 1263 990; x_wconf 81' lang='lat' dir='ltr'><strong>hominum</strong></span> <span class='ocrx_word' id='word_1_144' title='bbox 1283 944 1544 990; x_wconf 73' lang='lat' dir='ltr'><strong>excludatur.</strong></span> 
     </span>
    </p>

    <p class='ocr_par' dir='ltr' id='par_1_4' title="bbox 423 1006 2263 1138">
     <span class='ocr_line' id='line_1_14' title="bbox 486 1006 2263 1075; baseline 0.003 -24"><span class='ocrx_word' id='word_1_145' title='bbox 486 1012 540 1055; x_wconf 91' lang='lat' dir='ltr'><strong>V.</strong></span> <span class='ocrx_word' id='word_1_146' title='bbox 586 1007 802 1072; x_wconf 86' lang='lat' dir='ltr'><strong>Fallopius</strong></span> <span class='ocrx_word' id='word_1_147' title='bbox 828 1008 973 1072; x_wconf 70' lang='lat' dir='ltr'><strong>postea</strong></span> <span class='ocrx_word' id='word_1_148' title='bbox 994 1006 1163 1073; x_wconf 80' lang='lat' dir='ltr'><strong>singula</strong></span> <span class='ocrx_word' id='word_1_149' title='bbox 1189 1009 1404 1073; x_wconf 82' lang='lat' dir='ltr'><strong>expendit</strong></span> <span class='ocrx_word' id='word_1_150' title='bbox 1429 1008 1725 1075; x_wconf 78' lang='lat' dir='ltr'>symptomata</span> <span class='ocrx_word' id='word_1_151' title='bbox 1746 1009 1896 1057; x_wconf 80' lang='lat' dir='ltr'><strong>morbi</strong></span> <span class='ocrx_word' id='word_1_152' title='bbox 1916 1027 1970 1057; x_wconf 83' lang='lat' dir='ltr'><strong>ex</strong></span> <span class='ocrx_word' id='word_1_153' title='bbox 1989 1009 2152 1058; x_wconf 80' lang='lat' dir='ltr'><strong>ordine</strong></span> <span class='ocrx_word' id='word_1_154' title='bbox 2169 1043 2183 1063; x_wconf 89' lang='lat'>,</span> <span class='ocrx_word' id='word_1_155' title='bbox 2212 1027 2263 1057; x_wconf 85' lang='lat' dir='ltr'><strong>ac</strong></span> 
     </span>
     <span class='ocr_line' id='line_1_15' title="bbox 423 1071 1674 1138; baseline 0 -19"><span class='ocrx_word' id='word_1_156' title='bbox 423 1071 624 1119; x_wconf 76' lang='lat' dir='ltr'><strong>remedia</strong></span> <span class='ocrx_word' id='word_1_157' title='bbox 644 1073 792 1136; x_wconf 84' lang='lat' dir='ltr'>topica</span> <span class='ocrx_word' id='word_1_158' title='bbox 811 1074 1022 1138; x_wconf 80' lang='lat' dir='ltr'><strong>proponit</strong></span> <span class='ocrx_word' id='word_1_159' title='bbox 1036 1107 1049 1126; x_wconf 86' lang='lat'><strong>,</strong></span> <span class='ocrx_word' id='word_1_160' title='bbox 1068 1092 1163 1138; x_wconf 83' lang='lat' dir='ltr'><strong>quae</strong></span> <span class='ocrx_word' id='word_1_161' title='bbox 1193 1074 1373 1136; x_wconf 81' lang='lat' dir='ltr'><strong>singulis</strong></span> <span class='ocrx_word' id='word_1_162' title='bbox 1396 1074 1674 1121; x_wconf 83' lang='lat' dir='ltr'><strong>medeantur.</strong></span> 
     </span>
    </p>

    <p class='ocr_par' dir='ltr' id='par_1_5' title="bbox 425 1137 2272 1770">
     <span class='ocr_line' id='line_1_16' title="bbox 494 1137 2265 1204; baseline 0.002 -22"><span class='ocrx_word' id='word_1_163' title='bbox 494 1137 635 1183; x_wconf 77' lang='lat' dir='ltr'><strong>Porro</strong></span> <span class='ocrx_word' id='word_1_164' title='bbox 664 1138 911 1184; x_wconf 85' lang='lat' dir='ltr'><strong>notandum</strong></span> <span class='ocrx_word' id='word_1_165' title='bbox 934 1141 991 1184; x_wconf 89' lang='lat' dir='ltr'><strong>est</strong></span> <span class='ocrx_word' id='word_1_166' title='bbox 1008 1138 1124 1185; x_wconf 88' lang='lat' dir='ltr'><strong>hunc</strong></span> <span class='ocrx_word' id='word_1_167' title='bbox 1144 1139 1328 1203; x_wconf 82' lang='lat' dir='ltr'><strong>Fallopii</strong></span> <span class='ocrx_word' id='word_1_168' title='bbox 1347 1142 1600 1185; x_wconf 68' lang='lat' dir='ltr'><strong>TratZ‘tatum</strong></span> <span class='ocrx_word' id='word_1_169' title='bbox 1621 1140 1712 1204; x_wconf 87' lang='lat' dir='ltr'>post</span> <span class='ocrx_word' id='word_1_170' title='bbox 1728 1139 1933 1185; x_wconf 71' lang='lat' dir='ltr'><strong>Austoris</strong></span> <span class='ocrx_word' id='word_1_171' title='bbox 1952 1154 2147 1185; x_wconf 87' lang='lat' dir='ltr'><strong>mortem</strong></span> <span class='ocrx_word' id='word_1_172' title='bbox 2168 1138 2265 1186; x_wconf 83' lang='lat' dir='ltr'><strong>edi-</strong></span> 
     </span>
     <span class='ocr_line' id='line_1_17' title="bbox 425 1200 2265 1268; baseline 0.001 -20"><span class='ocrx_word' id='word_1_173' title='bbox 425 1217 522 1248; x_wconf 86' lang='lat' dir='ltr'><strong>tum</strong></span> <span class='ocrx_word' id='word_1_174' title='bbox 537 1200 662 1248; x_wconf 80' lang='lat' dir='ltr'><strong>fuiffe</strong></span> <span class='ocrx_word' id='word_1_175' title='bbox 683 1204 851 1249; x_wconf 79' lang='lat' dir='ltr'><strong>Patavii</strong></span> <span class='ocrx_word' id='word_1_176' title='bbox 868 1204 914 1249; x_wconf 89' lang='lat' dir='ltr'><strong>in</strong></span> <span class='ocrx_word' id='word_1_177' title='bbox 929 1224 973 1261; x_wconf 87' lang='lat'><strong>4.</strong></span> <span class='ocrx_word' id='word_1_178' title='bbox 995 1222 1111 1250; x_wconf 80' lang='lat' dir='ltr'><strong>anno</strong></span> <span class='ocrx_word' id='word_1_179' title='bbox 1134 1222 1147 1249; x_wconf 88' lang='lat'>1</span> <span class='ocrx_word' id='word_1_180' title='bbox 1166 1212 1264 1263; x_wconf 84' lang='lat'>564.</span> <span class='ocrx_word' id='word_1_181' title='bbox 1287 1204 1421 1267; x_wconf 61' lang='lat' dir='ltr'><strong>opera</strong></span> <span class='ocrx_word' id='word_1_182' title='bbox 1442 1205 1561 1251; x_wconf 87' lang='lat' dir='ltr'><strong>Petri</strong></span> <span class='ocrx_word' id='word_1_183' title='bbox 1586 1204 1750 1268; x_wconf 81' lang='lat' dir='ltr'><strong>Angeli</strong></span> <span class='ocrx_word' id='word_1_184' title='bbox 1767 1205 1933 1267; x_wconf 80' lang='lat' dir='ltr'><strong>Agathi</strong></span> <span class='ocrx_word' id='word_1_185' title='bbox 1950 1239 1962 1257; x_wconf 86' lang='lat'><strong><em>,</em></strong></span> <span class='ocrx_word' id='word_1_186' title='bbox 1979 1204 2265 1258; x_wconf 83' lang='lat' dir='ltr'><strong>Matheratis.</strong></span> 
     </span>
     <span class='ocr_line' id='line_1_18' title="bbox 425 1266 2268 1333; baseline 0.002 -21"><span class='ocrx_word' id='word_1_187' title='bbox 425 1268 506 1331; x_wconf 88' lang='lat' dir='ltr'><strong>qui</strong></span> <span class='ocrx_word' id='word_1_188' title='bbox 531 1266 588 1313; x_wconf 92' lang='lat' dir='ltr'><strong>de</strong></span> <span class='ocrx_word' id='word_1_189' title='bbox 616 1266 692 1313; x_wconf 90' lang='lat' dir='ltr'><strong>suo</strong></span> <span class='ocrx_word' id='word_1_190' title='bbox 717 1268 894 1314; x_wconf 80' lang='lat' dir='ltr'><strong>addidit</strong></span> <span class='ocrx_word' id='word_1_191' title='bbox 930 1286 1022 1315; x_wconf 92' lang='lat' dir='ltr'><strong>non</strong></span> <span class='ocrx_word' id='word_1_192' title='bbox 1057 1271 1197 1316; x_wconf 73' lang='lat' dir='ltr'><strong>modo</strong></span> <span class='ocrx_word' id='word_1_193' title='bbox 1227 1268 1404 1315; x_wconf 81' lang='lat' dir='ltr'><strong>Scholia</strong></span> <span class='ocrx_word' id='word_1_194' title='bbox 1432 1270 1723 1333; x_wconf 71' lang='lat' dir='ltr'><strong>marginalia,</strong></span> <span class='ocrx_word' id='word_1_195' title='bbox 1758 1269 1832 1315; x_wconf 81' lang='lat' dir='ltr'><strong>secl</strong></span> <span class='ocrx_word' id='word_1_196' title='bbox 1862 1270 1997 1316; x_wconf 87' lang='lat' dir='ltr'><strong>etiam</strong></span> <span class='ocrx_word' id='word_1_197' title='bbox 2028 1270 2169 1315; x_wconf 83' lang='lat' dir='ltr'><strong>textui</strong></span> <span class='ocrx_word' id='word_1_198' title='bbox 2194 1270 2268 1315; x_wconf 87' lang='lat' dir='ltr'><strong>in·-</strong></span> 
     </span>
     <span class='ocr_line' id='line_1_19' title="bbox 429 1332 2264 1398; baseline 0.001 -19"><span class='ocrx_word' id='word_1_199' title='bbox 429 1332 567 1379; x_wconf 78' lang='lat' dir='ltr'><strong>seruit</strong></span> <span class='ocrx_word' id='word_1_200' title='bbox 585 1334 897 1380; x_wconf 82' lang='lat' dir='ltr'><strong>annotationes</strong></span> <span class='ocrx_word' id='word_1_201' title='bbox 919 1334 1060 1380; x_wconf 81' lang='lat' dir='ltr'><strong>varias</strong></span> <span class='ocrx_word' id='word_1_202' title='bbox 1094 1335 1264 1381; x_wconf 83' lang='lat' dir='ltr'><strong>uncinis</strong></span> <span class='ocrx_word' id='word_1_203' title='bbox 1286 1333 1508 1381; x_wconf 67' lang='lat' dir='ltr'><strong>distin-stas</strong></span> <span class='ocrx_word' id='word_1_204' title='bbox 1528 1368 1540 1387; x_wconf 89' lang='lat'>‚</span> <span class='ocrx_word' id='word_1_205' title='bbox 1575 1334 1734 1398; x_wconf 86' lang='lat' dir='ltr'><strong>quibus</strong></span> <span class='ocrx_word' id='word_1_206' title='bbox 1762 1335 1860 1380; x_wconf 74' lang='lat' dir='ltr'><strong>sane</strong></span> <span class='ocrx_word' id='word_1_207' title='bbox 1894 1335 2039 1380; x_wconf 87' lang='lat' dir='ltr'><strong>lucem</strong></span> <span class='ocrx_word' id='word_1_208' title='bbox 2070 1335 2264 1397; x_wconf 81' lang='lat' dir='ltr'><strong>aliquam</strong></span> 
     </span>
     <span class='ocr_line' id='line_1_20' title="bbox 426 1397 2267 1462; baseline 0.001 -19"><span class='ocrx_word' id='word_1_209' title='bbox 426 1397 624 1461; x_wconf 80' lang='lat' dir='ltr'><strong>Fallopio</strong></span> <span class='ocrx_word' id='word_1_210' title='bbox 663 1397 838 1462; x_wconf 67' lang='lat' dir='ltr'><strong>praefert</strong></span> <span class='ocrx_word' id='word_1_211' title='bbox 871 1400 919 1445; x_wconf 89' lang='lat' dir='ltr'><strong>in</strong></span> <span class='ocrx_word' id='word_1_212' title='bbox 947 1401 1173 1445; x_wconf 84' lang='lat' dir='ltr'><strong>nonnullis</strong></span> <span class='ocrx_word' id='word_1_213' title='bbox 1207 1398 1317 1445; x_wconf 84' lang='lat' dir='ltr'><strong>locis</strong></span> <span class='ocrx_word' id='word_1_214' title='bbox 1340 1432 1353 1450; x_wconf 88' lang='lat'>‚</span> <span class='ocrx_word' id='word_1_215' title='bbox 1391 1398 1468 1444; x_wconf 84' lang='lat' dir='ltr'><strong>sed</strong></span> <span class='ocrx_word' id='word_1_216' title='bbox 1503 1400 1665 1461; x_wconf 85' lang='lat' dir='ltr'><strong>quibus</strong></span> <span class='ocrx_word' id='word_1_217' title='bbox 1697 1400 1832 1446; x_wconf 89' lang='lat' dir='ltr'><strong>etiam</strong></span> <span class='ocrx_word' id='word_1_218' title='bbox 1861 1400 2018 1445; x_wconf 80' lang='lat' dir='ltr'><strong>acriter</strong></span> <span class='ocrx_word' id='word_1_219' title='bbox 2056 1399 2267 1445; x_wconf 85' lang='lat' dir='ltr'><strong>eumdem</strong></span> 
     </span>
     <span class='ocr_line' id='line_1_21' title="bbox 429 1462 2270 1528; baseline 0.002 -20"><span class='ocrx_word' id='word_1_220' title='bbox 429 1462 681 1509; x_wconf 83' lang='lat' dir='ltr'><strong>identidem</strong></span> <span class='ocrx_word' id='word_1_221' title='bbox 709 1463 949 1526; x_wconf 77' lang='lat' dir='ltr'><strong>redarguit.</strong></span> <span class='ocrx_word' id='word_1_222' title='bbox 983 1465 1054 1510; x_wconf 80' lang='lat' dir='ltr'><strong>Sic</strong></span> <span class='ocrx_word' id='word_1_223' title='bbox 1082 1483 1128 1511; x_wconf 83' lang='lat' dir='ltr'><strong>v.</strong></span> <span class='ocrx_word' id='word_1_224' title='bbox 1160 1482 1204 1528; x_wconf 81' lang='lat' dir='ltr'><strong>g.</strong></span> <span class='ocrx_word' id='word_1_225' title='bbox 1239 1464 1339 1510; x_wconf 68' lang='lat' dir='ltr'><strong>cum</strong></span> <span class='ocrx_word' id='word_1_226' title='bbox 1378 1463 1555 1510; x_wconf 75' lang='lat' dir='ltr'><strong>dixisset</strong></span> <span class='ocrx_word' id='word_1_227' title='bbox 1584 1464 1801 1527; x_wconf 88' lang='lat' dir='ltr'><strong>Fallopius</strong></span> <span class='ocrx_word' id='word_1_228' title='bbox 1835 1469 1944 1528; x_wconf 78' lang='lat' dir='ltr'><strong>Cap.</strong></span> <span class='ocrx_word' id='word_1_229' title='bbox 1967 1482 2024 1526; x_wconf 79' lang='lat'><strong>23.</strong></span> <span class='ocrx_word' id='word_1_230' title='bbox 2057 1466 2270 1528; x_wconf 74' lang='lat' dir='ltr'><strong>Htspanos</strong></span> 
     </span>
     <span class='ocr_line' id='line_1_22' title="bbox 429 1527 2270 1591; baseline 0 -17"><span class='ocrx_word' id='word_1_231' title='bbox 429 1529 637 1587; x_wconf 59' lang='lat' dir='ltr'><strong>induxisse</strong></span> <span class='ocrx_word' id='word_1_232' title='bbox 656 1530 911 1590; x_wconf 75' lang='lat' dir='ltr'><strong>tyrannidem</strong></span> <span class='ocrx_word' id='word_1_233' title='bbox 943 1533 984 1574; x_wconf 85' lang='lat' dir='ltr'><strong>in</strong></span> <span class='ocrx_word' id='word_1_234' title='bbox 1020 1532 1189 1574; x_wconf 72' lang='lat' dir='ltr'><strong>Italiam</strong></span> <span class='ocrx_word' id='word_1_235' title='bbox 1211 1567 1224 1582; x_wconf 92' lang='lat'><em>,</em></span> <span class='ocrx_word' id='word_1_236' title='bbox 1253 1531 1460 1574; x_wconf 75' lang='lat' dir='ltr'><strong>Gallicum</strong></span> <span class='ocrx_word' id='word_1_237' title='bbox 1478 1567 1492 1582; x_wconf 85' lang='lat'><em>‚</em></span> <span class='ocrx_word' id='word_1_238' title='bbox 1525 1530 1576 1578; x_wconf 64' lang='grc' dir='ltr'><strong>ό*</strong></span> <span class='ocrx_word' id='word_1_239' title='bbox 1601 1527 1731 1575; x_wconf 62' lang='lat' dir='ltr'><strong>barbae</strong></span> <span class='ocrx_word' id='word_1_240' title='bbox 1751 1532 1868 1590; x_wconf 69' lang='lat' dir='ltr'><strong>longa</strong></span> <span class='ocrx_word' id='word_1_241' title='bbox 1889 1531 1997 1589; x_wconf 63' lang='lat' dir='ltr'><strong>njum</strong></span> <span class='ocrx_word' id='word_1_242' title='bbox 2019 1567 2034 1582; x_wconf 92' lang='lat'><em>‚</em></span> <span class='ocrx_word' id='word_1_243' title='bbox 2071 1527 2270 1591; x_wconf 78' lang='lat' dir='ltr'><strong>Agathus</strong></span> 
     </span>
     <span class='ocr_line' id='line_1_23' title="bbox 432 1591 2271 1657; baseline -0.001 -18"><span class='ocrx_word' id='word_1_244' title='bbox 432 1593 495 1639; x_wconf 85' lang='lat' dir='ltr'><strong>ita</strong></span> <span class='ocrx_word' id='word_1_245' title='bbox 518 1594 692 1655; x_wconf 84' lang='lat' dir='ltr'><strong>reponit</strong></span> <span class='ocrx_word' id='word_1_246' title='bbox 721 1599 762 1638; x_wconf 86' lang='lat' dir='ltr'><strong>in</strong></span> <span class='ocrx_word' id='word_1_247' title='bbox 789 1595 1043 1639; x_wconf 70' lang='lat' dir='ltr'><strong>adnotatione</strong></span> <span class='ocrx_word' id='word_1_248' title='bbox 1069 1597 1244 1656; x_wconf 80' lang='lat' dir='ltr'><strong>margini</strong></span> <span class='ocrx_word' id='word_1_249' title='bbox 1273 1591 1435 1650; x_wconf 56' lang='lat' dir='ltr'><strong>aa‘jettd</strong></span> <span class='ocrx_word' id='word_1_250' title='bbox 1465 1614 1479 1637; x_wconf 88' lang='lat'><em>:</em></span> <span class='ocrx_word' id='word_1_251' title='bbox 1508 1592 1592 1638; x_wconf 70' lang='lat' dir='ltr'><strong>[mo</strong></span> <span class='ocrx_word' id='word_1_252' title='bbox 1619 1599 1711 1640; x_wconf 75' lang='lat' dir='ltr'><strong>Rex</strong></span> <span class='ocrx_word' id='word_1_253' title='bbox 1732 1594 1946 1657; x_wconf 75' lang='lat' dir='ltr'><strong>Philippus</strong></span> <span class='ocrx_word' id='word_1_254' title='bbox 1964 1631 1977 1646; x_wconf 93' lang='lat'><em>‚</em></span> <span class='ocrx_word' id='word_1_255' title='bbox 2001 1609 2121 1655; x_wconf 76' lang='lat' dir='ltr'><strong>atque</strong></span> <span class='ocrx_word' id='word_1_256' title='bbox 2149 1608 2271 1657; x_wconf 72' lang='lat' dir='ltr'><strong>pater</strong></span> 
     </span>
     <span class='ocr_line' id='line_1_24' title="bbox 434 1656 2272 1722; baseline 0.001 -19"><span class='ocrx_word' id='word_1_257' title='bbox 434 1660 611 1703; x_wconf 81' lang='lat' dir='ltr'><strong>Carolus</strong></span> <span class='ocrx_word' id='word_1_258' title='bbox 641 1675 785 1705; x_wconf 73' lang='lat' dir='ltr'><strong>veram</strong></span> <span class='ocrx_word' id='word_1_259' title='bbox 806 1663 938 1706; x_wconf 80' lang='lat' dir='ltr'><strong>conati</strong></span> <span class='ocrx_word' id='word_1_260' title='bbox 957 1662 1055 1720; x_wconf 83' lang='lat' dir='ltr'><strong>sunt</strong></span> <span class='ocrx_word' id='word_1_261' title='bbox 1083 1660 1273 1706; x_wconf 75' lang='lat' dir='ltr'><strong>inducere</strong></span> <span class='ocrx_word' id='word_1_262' title='bbox 1299 1658 1604 1706; x_wconf 70' lang='lat' dir='ltr'><strong>Monarchium</strong></span> <span class='ocrx_word' id='word_1_263' title='bbox 1623 1679 1637 1704; x_wconf 85' lang='grc'><strong>.-</strong></span> <span class='ocrx_word' id='word_1_264' title='bbox 1681 1661 1726 1706; x_wconf 93' lang='lat' dir='ltr'>O</span> <span class='ocrx_word' id='word_1_265' title='bbox 1758 1657 1909 1722; x_wconf 85' lang='lat' dir='ltr'><strong>lepida</strong></span> <span class='ocrx_word' id='word_1_266' title='bbox 1943 1656 2043 1704; x_wconf 75' lang='lat' dir='ltr'><strong>sane</strong></span> <span class='ocrx_word' id='word_1_267' title='bbox 2065 1657 2272 1705; x_wconf 86' lang='lat' dir='ltr'><strong>animad-</strong></span> 
     </span>
     <span class='ocr_line' id='line_1_25' title="bbox 436 1721 2053 1770; baseline 0.001 -1"><span class='ocrx_word' id='word_1_268' title='bbox 436 1721 582 1770; x_wconf 72' lang='lat' dir='ltr'><strong>versio</strong></span> <span class='ocrx_word' id='word_1_269' title='bbox 604 1729 617 1768; x_wconf 65' lang='grc' dir='ltr'>ὲ</span> <span class='ocrx_word' id='word_1_270' title='bbox 2051 1741 2053 1744; x_wconf 56' lang='lat'><em>⁴</em></span> 
     </span>
    </p>
   </div>
   <div class='ocr_carea' id='block_1_3' title="bbox 173 1847 2286 3210">
    <p class='ocr_par' dir='ltr' id='par_1_6' title="bbox 173 1847 2286 3210">
     <span class='ocr_line' id='line_1_26' title="bbox 222 1847 2279 1929; baseline 0.001 -32"><span class='ocrx_word' id='word_1_271' title='bbox 222 1869 364 1929; x_wconf 82' lang='lat'>1560·</span> <span class='ocrx_word' id='word_1_272' title='bbox 449 1856 466 1870; x_wconf 64' lang='lat'><strong>⁸</strong></span> <span class='ocrx_word' id='word_1_273' title='bbox 505 1855 671 1898; x_wconf 66' lang='lat' dir='ltr'><strong>Gnrt</strong></span> <span class='ocrx_word' id='word_1_274' title='bbox 692 1865 932 1898; x_wconf 61' lang='lat' dir='ltr'><strong>Latmus</strong></span> <span class='ocrx_word' id='word_1_275' title='bbox 976 1854 1430 1900; x_wconf 59' lang='lat' dir='ltr'><strong>Romnum-xus</strong></span> <span class='ocrx_word' id='word_1_276' title='bbox 1455 1884 1468 1904; x_wconf 93' lang='lat'>,</span> <span class='ocrx_word' id='word_1_277' title='bbox 1505 1847 1922 1914; x_wconf 70' lang='lat' dir='ltr'><strong>MonspeffulanuS&#39;,</strong></span> <span class='ocrx_word' id='word_1_278' title='bbox 1946 1866 2073 1899; x_wconf 86' lang='lat' dir='ltr'><strong>natus</strong></span> <span class='ocrx_word' id='word_1_279' title='bbox 2101 1848 2161 1899; x_wconf 88' lang='lat' dir='ltr'><strong>est</strong></span> <span class='ocrx_word' id='word_1_280' title='bbox 2195 1862 2279 1899; x_wconf 65' lang='lat' dir='ltr'><strong>ana&#39;</strong></span> 
     </span>
     <span class='ocr_line' id='line_1_27' title="bbox 441 1916 2276 1982; baseline -0.001 -18"><span class='ocrx_word' id='word_1_281' title='bbox 441 1933 503 1964; x_wconf 83' lang='lat' dir='ltr'><strong>no</strong></span> <span class='ocrx_word' id='word_1_282' title='bbox 530 1933 545 1961; x_wconf 91' lang='lat'>1</span> <span class='ocrx_word' id='word_1_283' title='bbox 564 1935 664 1978; x_wconf 88' lang='lat'>507.</span> <span class='ocrx_word' id='word_1_284' title='bbox 696 1921 745 1962; x_wconf 91' lang='lat' dir='ltr'><strong>In</strong></span> <span class='ocrx_word' id='word_1_285' title='bbox 763 1917 984 1963; x_wconf 87' lang='lat' dir='ltr'><strong>Facultate</strong></span> <span class='ocrx_word' id='word_1_286' title='bbox 1007 1917 1190 1963; x_wconf 68' lang='lat' dir='ltr'><strong>Medica</strong></span> <span class='ocrx_word' id='word_1_287' title='bbox 1217 1916 1577 1982; x_wconf 67' lang='lat' dir='ltr'><strong>Monspeffulana</strong></span> <span class='ocrx_word' id='word_1_288' title='bbox 1594 1917 1764 1962; x_wconf 67' lang='lat' dir='ltr'><strong>Dostor</strong></span> <span class='ocrx_word' id='word_1_289' title='bbox 1782 1933 1901 1962; x_wconf 83' lang='lat' dir='ltr'><strong>anno</strong></span> <span class='ocrx_word' id='word_1_290' title='bbox 1925 1935 1940 1962; x_wconf 88' lang='lat'>1</span> <span class='ocrx_word' id='word_1_291' title='bbox 1960 1930 2073 1981; x_wconf 70' lang='lat'>537.‘</span> <span class='ocrx_word' id='word_1_292' title='bbox 2095 1917 2276 1964; x_wconf 78' lang='lat' dir='ltr'><strong>Profes-</strong></span> 
     </span>
     <span class='ocr_line' id='line_1_28' title="bbox 447 1981 2274 2043; baseline 0 -16"><span class='ocrx_word' id='word_1_293' title='bbox 447 1981 518 2027; x_wconf 87' lang='lat' dir='ltr'><strong>sor</strong></span> <span class='ocrx_word' id='word_1_294' title='bbox 539 1981 706 2042; x_wconf 84' lang='lat' dir='ltr'><strong>Regius</strong></span> <span class='ocrx_word' id='word_1_295' title='bbox 737 1998 856 2025; x_wconf 84' lang='lat' dir='ltr'><strong>anno</strong></span> <span class='ocrx_word' id='word_1_296' title='bbox 886 1998 1024 2041; x_wconf 77' lang='lat'>1545.</span> <span class='ocrx_word' id='word_1_297' title='bbox 1058 1982 1365 2027; x_wconf 76' lang='lat' dir='ltr'><strong>cancellarius</strong></span> <span class='ocrx_word' id='word_1_298' title='bbox 1390 1982 1476 2027; x_wconf 87' lang='lat' dir='ltr'><strong>fuit</strong></span> <span class='ocrx_word' id='word_1_299' title='bbox 1503 1998 1622 2026; x_wconf 82' lang='lat' dir='ltr'><strong>anno</strong></span> <span class='ocrx_word' id='word_1_300' title='bbox 1650 1989 1791 2042; x_wconf 80' lang='lat'><em>1556.</em></span> <span class='ocrx_word' id='word_1_301' title='bbox 1817 1981 1951 2027; x_wconf 91' lang='lat' dir='ltr'><strong>Obiit</strong></span> <span class='ocrx_word' id='word_1_302' title='bbox 1983 1998 2100 2028; x_wconf 87' lang='lat' dir='ltr'><strong>anno</strong></span> <span class='ocrx_word' id='word_1_303' title='bbox 2135 1987 2274 2043; x_wconf 83' lang='lat'>1566.</span> 
     </span>
     <span class='ocr_line' id='line_1_29' title="bbox 173 2039 2276 2107; baseline 0 -16"><span class='ocrx_word' id='word_1_304' title='bbox 173 2039 409 2101; x_wconf 29' lang='lat' dir='ltr'><strong>(bi-Antoine</strong></span> <span class='ocrx_word' id='word_1_305' title='bbox 448 2046 584 2091; x_wconf 80' lang='lat' dir='ltr'><strong>aetatis</strong></span> <span class='ocrx_word' id='word_1_306' title='bbox 613 2044 693 2090; x_wconf 84' lang='lat' dir='ltr'><strong>suae</strong></span> <span class='ocrx_word' id='word_1_307' title='bbox 714 2062 779 2105; x_wconf 83' lang='lat'><strong>59.</strong></span> <span class='ocrx_word' id='word_1_308' title='bbox 807 2045 854 2089; x_wconf 89' lang='lat' dir='ltr'><strong>in</strong></span> <span class='ocrx_word' id='word_1_309' title='bbox 873 2048 1021 2106; x_wconf 79' lang='lat' dir='ltr'><strong>Regali</strong></span> <span class='ocrx_word' id='word_1_310' title='bbox 1039 2060 1165 2089; x_wconf 85' lang='lat' dir='ltr'><strong>monte</strong></span> <span class='ocrx_word' id='word_1_311' title='bbox 1183 2082 1198 2098; x_wconf 87' lang='lat'><em>,</em></span> <span class='ocrx_word' id='word_1_312' title='bbox 1223 2062 1315 2107; x_wconf 91' lang='lat' dir='ltr'><strong>quo</strong></span> <span class='ocrx_word' id='word_1_313' title='bbox 1335 2046 1519 2091; x_wconf 88' lang='lat' dir='ltr'><strong>nomine</strong></span> <span class='ocrx_word' id='word_1_314' title='bbox 1542 2061 1635 2089; x_wconf 90' lang='lat' dir='ltr'><strong>non</strong></span> <span class='ocrx_word' id='word_1_315' title='bbox 1673 2043 1753 2102; x_wconf 87' lang='lat' dir='ltr'><strong>(b)</strong></span> <span class='ocrx_word' id='word_1_316' title='bbox 1780 2047 2002 2091; x_wconf 82' lang='lat' dir='ltr'><strong>Montreal</strong></span> <span class='ocrx_word' id='word_1_317' title='bbox 2019 2084 2034 2100; x_wconf 81' lang='lat'><em>,</em></span> <span class='ocrx_word' id='word_1_318' title='bbox 2066 2061 2115 2092; x_wconf 90' lang='lat' dir='ltr'><strong>ut</strong></span> <span class='ocrx_word' id='word_1_319' title='bbox 2142 2045 2165 2091; x_wconf 69' lang='lat' dir='ltr'><strong>a</strong></span> <span class='ocrx_word' id='word_1_320' title='bbox 2186 2046 2276 2107; x_wconf 86' lang='lat' dir='ltr'><strong>(b)</strong></span> 
     </span>
     <span class='ocr_line' id='line_1_30' title="bbox 173 2092 2275 2183; baseline 0.002 -31"><span class='ocrx_word' id='word_1_321' title='bbox 173 2092 329 2183; x_wconf 44' lang='lat' dir='ltr'><strong>Tzffisss</strong></span> <span class='ocrx_word' id='word_1_322' title='bbox 352 2118 368 2180; x_wconf 55' lang='grc' dir='ltr'>ἔ</span> <span class='ocrx_word' id='word_1_323' title='bbox 450 2110 601 2157; x_wconf 86' lang='lat' dir='ltr'><strong>multis</strong></span> <span class='ocrx_word' id='word_1_324' title='bbox 620 2109 756 2155; x_wconf 86' lang='lat' dir='ltr'><strong>video</strong></span> <span class='ocrx_word' id='word_1_325' title='bbox 775 2141 788 2160; x_wconf 91' lang='lat'>,</span> <span class='ocrx_word' id='word_1_326' title='bbox 810 2107 886 2154; x_wconf 89' lang='lat' dir='ltr'><strong>sed</strong></span> <span class='ocrx_word' id='word_1_327' title='bbox 905 2112 1117 2154; x_wconf 77' lang='lat' dir='ltr'><strong>Realmont</strong></span> <span class='ocrx_word' id='word_1_328' title='bbox 1146 2108 1194 2154; x_wconf 89' lang='lat' dir='ltr'><strong>in</strong></span> <span class='ocrx_word' id='word_1_329' title='bbox 1214 2109 1406 2156; x_wconf 85' lang='lat' dir='ltr'><strong>Dioecefi</strong></span> <span class='ocrx_word' id='word_1_330' title='bbox 1427 2107 1656 2172; x_wconf 82' lang='lat' dir='ltr'><strong>Albigenfi</strong></span> <span class='ocrx_word' id='word_1_331' title='bbox 1685 2107 1877 2172; x_wconf 70' lang='lat' dir='ltr'><strong>intelligi</strong></span> <span class='ocrx_word' id='word_1_332' title='bbox 1902 2109 2038 2156; x_wconf 89' lang='lat' dir='ltr'><strong>debet</strong></span> <span class='ocrx_word' id='word_1_333' title='bbox 2054 2144 2067 2163; x_wconf 86' lang='lat'>‚</span> <span class='ocrx_word' id='word_1_334' title='bbox 2087 2111 2175 2174; x_wconf 63' lang='lat' dir='ltr'><strong>qua</strong></span> <span class='ocrx_word' id='word_1_335' title='bbox 2217 2110 2275 2158; x_wconf 87' lang='lat' dir='ltr'><strong>de</strong></span> 
     </span>
     <span class='ocr_line' id='line_1_31' title="bbox 174 2152 2280 2244; baseline -0.008 -7"><span class='ocrx_word' id='word_1_336' title='bbox 174 2152 410 2244; x_wconf 50' lang='lat' dir='ltr'><strong>ffuxligiig„</strong></span> <span class='ocrx_word' id='word_1_337' title='bbox 450 2192 497 2222; x_wconf 83' lang='lat' dir='ltr'><strong>re</strong></span> <span class='ocrx_word' id='word_1_338' title='bbox 525 2174 631 2222; x_wconf 89' lang='lat' dir='ltr'><strong>vide</strong></span> <span class='ocrx_word' id='word_1_339' title='bbox 658 2177 840 2220; x_wconf 88' lang='lat' dir='ltr'><strong>Petrum</strong></span> <span class='ocrx_word' id='word_1_340' title='bbox 874 2173 1094 2219; x_wconf 90' lang='lat' dir='ltr'><strong>Borellum</strong></span> <span class='ocrx_word' id='word_1_341' title='bbox 1113 2205 1126 2224; x_wconf 91' lang='lat'><em>,</em></span> <span class='ocrx_word' id='word_1_342' title='bbox 1154 2178 1402 2236; x_wconf 62' lang='lat' dir='ltr'><strong>Antiquitez</strong></span> <span class='ocrx_word' id='word_1_343' title='bbox 1429 2175 1478 2219; x_wconf 86' lang='lat' dir='ltr'><strong>de</strong></span> <span class='ocrx_word' id='word_1_344' title='bbox 1503 2172 1695 2232; x_wconf 62' lang='lat' dir='ltr'><strong>castres,</strong></span> <span class='ocrx_word' id='word_1_345' title='bbox 1725 2176 1832 2219; x_wconf 86' lang='lat' dir='ltr'><em>Liv.</em></span> <span class='ocrx_word' id='word_1_346' title='bbox 1863 2191 1901 2220; x_wconf 88' lang='lat'><strong>2.</strong></span> <span class='ocrx_word' id='word_1_347' title='bbox 1931 2175 2071 2239; x_wconf 77' lang='lat' dir='ltr'><strong>Chap.</strong></span> <span class='ocrx_word' id='word_1_348' title='bbox 2109 2192 2170 2222; x_wconf 87' lang='lat'><strong>21.</strong></span> <span class='ocrx_word' id='word_1_349' title='bbox 2201 2174 2280 2224; x_wconf 87' lang='lat' dir='ltr'><strong>sed</strong></span> 
     </span>
     <span class='ocr_line' id='line_1_32' title="bbox 175 2235 2159 2304; baseline -0.002 -16"><span class='ocrx_word' id='word_1_350' title='bbox 175 2252 233 2289; x_wconf 76' lang='lat' dir='ltr'><strong>des</strong></span> <span class='ocrx_word' id='word_1_351' title='bbox 248 2255 412 2287; x_wconf 75' lang='lat' dir='ltr'><strong>Hammes</strong></span> <span class='ocrx_word' id='word_1_352' title='bbox 448 2240 508 2289; x_wconf 82' lang='lat' dir='ltr'><strong>de</strong></span> <span class='ocrx_word' id='word_1_353' title='bbox 527 2258 582 2289; x_wconf 94' lang='lat' dir='ltr'><strong>eo</strong></span> <span class='ocrx_word' id='word_1_354' title='bbox 601 2240 727 2304; x_wconf 85' lang='lat' dir='ltr'><strong>plura</strong></span> <span class='ocrx_word' id='word_1_355' title='bbox 743 2239 791 2284; x_wconf 92' lang='lat' dir='ltr'><strong>in</strong></span> <span class='ocrx_word' id='word_1_356' title='bbox 809 2237 1004 2285; x_wconf 64' lang='lat' dir='ltr'><strong>Historia</strong></span> <span class='ocrx_word' id='word_1_357' title='bbox 1024 2237 1192 2286; x_wconf 86' lang='lat' dir='ltr'><strong>Scholae</strong></span> <span class='ocrx_word' id='word_1_358' title='bbox 1218 2239 1408 2285; x_wconf 87' lang='lat' dir='ltr'><strong>Medicae</strong></span> <span class='ocrx_word' id='word_1_359' title='bbox 1434 2237 1578 2284; x_wconf 88' lang='lat' dir='ltr'><strong>Mons</strong></span> <span class='ocrx_word' id='word_1_360' title='bbox 1571 2235 1801 2302; x_wconf 72' lang='lat' dir='ltr'><strong>pessulanae</strong></span> <span class='ocrx_word' id='word_1_361' title='bbox 1828 2256 1939 2285; x_wconf 82' lang='lat' dir='ltr'><strong>mox</strong></span> <span class='ocrx_word' id='word_1_362' title='bbox 1968 2239 2159 2287; x_wconf 62' lang='lat' dir='ltr'><strong>edenda.</strong></span> 
     </span>
     <span class='ocr_line' id='line_1_33' title="bbox 176 2301 1287 2352; baseline -0.001 -3"><span class='ocrx_word' id='word_1_363' title='bbox 176 2301 335 2341; x_wconf 72' lang='lat' dir='ltr'><strong>lllullres</strong></span> <span class='ocrx_word' id='word_1_364' title='bbox 369 2301 413 2335; x_wconf 78' lang='lat' dir='ltr'><strong>de</strong></span> <span class='ocrx_word' id='word_1_365' title='bbox 585 2309 656 2350; x_wconf 79' lang='lat' dir='ltr'><strong>De</strong></span> <span class='ocrx_word' id='word_1_366' title='bbox 677 2303 837 2352; x_wconf 84' lang='lat' dir='ltr'><em>Morbo</em></span> <span class='ocrx_word' id='word_1_367' title='bbox 856 2306 1003 2350; x_wconf 79' lang='lat' dir='ltr'><strong>Italico</strong></span> <span class='ocrx_word' id='word_1_368' title='bbox 1026 2303 1153 2349; x_wconf 79' lang='lat' dir='ltr'><strong>Liber</strong></span> <span class='ocrx_word' id='word_1_369' title='bbox 1171 2321 1287 2349; x_wconf 84' lang='lat' dir='ltr'><strong>unus.</strong></span> 
     </span>
     <span class='ocr_line' id='line_1_34' title="bbox 177 2352 2284 2431; baseline -0.003 -15"><span class='ocrx_word' id='word_1_370' title='bbox 177 2352 412 2396; x_wconf 47' lang='lat' dir='ltr'><strong>&amp;deshon-</strong></span> <span class='ocrx_word' id='word_1_371' title='bbox 507 2372 678 2417; x_wconf 87' lang='lat' dir='ltr'><strong>Prostat</strong></span> <span class='ocrx_word' id='word_1_372' title='bbox 703 2368 779 2415; x_wconf 89' lang='lat' dir='ltr'><strong>ille</strong></span> <span class='ocrx_word' id='word_1_373' title='bbox 802 2369 937 2416; x_wconf 90' lang='lat' dir='ltr'><strong>Liber</strong></span> <span class='ocrx_word' id='word_1_374' title='bbox 960 2369 1006 2414; x_wconf 91' lang='lat' dir='ltr'><strong>in</strong></span> <span class='ocrx_word' id='word_1_375' title='bbox 1025 2368 1306 2415; x_wconf 65' lang='lat' dir='ltr'><strong>Collestione</strong></span> <span class='ocrx_word' id='word_1_376' title='bbox 1328 2367 1502 2416; x_wconf 72' lang='lat' dir='ltr'><strong>Venetfi</strong></span> <span class='ocrx_word' id='word_1_377' title='bbox 1522 2401 1534 2419; x_wconf 91' lang='lat'>,</span> <span class='ocrx_word' id='word_1_378' title='bbox 1563 2366 1637 2413; x_wconf 86' lang='lat' dir='ltr'><strong>secl</strong></span> <span class='ocrx_word' id='word_1_379' title='bbox 1664 2365 1839 2413; x_wconf 83' lang='lat' dir='ltr'><strong>Editori</strong></span> <span class='ocrx_word' id='word_1_380' title='bbox 1861 2366 2025 2431; x_wconf 87' lang='lat' dir='ltr'><strong>placuit</strong></span> <span class='ocrx_word' id='word_1_381' title='bbox 2041 2370 2180 2415; x_wconf 88' lang='lat' dir='ltr'><strong>Luem</strong></span> <span class='ocrx_word' id='word_1_382' title='bbox 2201 2379 2284 2417; x_wconf 55' lang='lat' dir='ltr'><strong>vea·</strong></span> 
     </span>
     <span class='ocr_line' id='line_1_35' title="bbox 447 2431 2277 2498; baseline 0.002 -18"><span class='ocrx_word' id='word_1_383' title='bbox 447 2450 628 2481; x_wconf 86' lang='lat' dir='ltr'><strong>neream</strong></span> <span class='ocrx_word' id='word_1_384' title='bbox 647 2469 659 2488; x_wconf 92' lang='lat'>,</span> <span class='ocrx_word' id='word_1_385' title='bbox 685 2451 778 2480; x_wconf 90' lang='lat' dir='ltr'><strong>non</strong></span> <span class='ocrx_word' id='word_1_386' title='bbox 802 2437 992 2481; x_wconf 78' lang='lat' dir='ltr'><strong>Italicum</strong></span> <span class='ocrx_word' id='word_1_387' title='bbox 1011 2472 1026 2488; x_wconf 92' lang='lat'><em>,</em></span> <span class='ocrx_word' id='word_1_388' title='bbox 1051 2450 1098 2480; x_wconf 89' lang='lat' dir='ltr'><strong>ut</strong></span> <span class='ocrx_word' id='word_1_389' title='bbox 1135 2432 1191 2479; x_wconf 87' lang='lat' dir='ltr'><strong>ab</strong></span> <span class='ocrx_word' id='word_1_390' title='bbox 1222 2432 1318 2498; x_wconf 87' lang='lat' dir='ltr'><strong>ipso</strong></span> <span class='ocrx_word' id='word_1_391' title='bbox 1351 2432 1628 2480; x_wconf 87' lang='lat' dir='ltr'><strong>Rondeletio</strong></span> <span class='ocrx_word' id='word_1_392' title='bbox 1656 2432 1890 2479; x_wconf 87' lang='lat' dir='ltr'><strong>dicebatur</strong></span> <span class='ocrx_word' id='word_1_393' title='bbox 1907 2466 1921 2486; x_wconf 85' lang='lat'><em>,</em></span> <span class='ocrx_word' id='word_1_394' title='bbox 1955 2431 2032 2480; x_wconf 87' lang='lat' dir='ltr'><strong>sed</strong></span> <span class='ocrx_word' id='word_1_395' title='bbox 2066 2437 2277 2497; x_wconf 75' lang='lat' dir='ltr'><strong>Gallicum</strong></span> 
     </span>
     <span class='ocr_line' id='line_1_36' title="bbox 449 2498 1316 2563; baseline -0.005 -16"><span class='ocrx_word' id='word_1_396' title='bbox 449 2499 658 2547; x_wconf 78' lang='lat' dir='ltr'><em>Morbum</em></span> <span class='ocrx_word' id='word_1_397' title='bbox 679 2514 851 2545; x_wconf 85' lang='lat' dir='ltr'><strong>mutato</strong></span> <span class='ocrx_word' id='word_1_398' title='bbox 870 2499 1054 2547; x_wconf 88' lang='lat' dir='ltr'><strong>nomine</strong></span> <span class='ocrx_word' id='word_1_399' title='bbox 1078 2498 1316 2563; x_wconf 86' lang='lat' dir='ltr'><strong>appellare.</strong></span> 
     </span>
     <span class='ocr_line' id='line_1_37' title="bbox 511 2561 2286 2623; baseline -0.001 -12"><span class='ocrx_word' id='word_1_400' title='bbox 511 2564 586 2611; x_wconf 88' lang='lat' dir='ltr'><strong>Ad</strong></span> <span class='ocrx_word' id='word_1_401' title='bbox 630 2564 908 2611; x_wconf 87' lang='lat' dir='ltr'><strong>curationem</strong></span> <span class='ocrx_word' id='word_1_402' title='bbox 945 2564 1029 2611; x_wconf 87' lang='lat' dir='ltr'><strong>luis</strong></span> <span class='ocrx_word' id='word_1_403' title='bbox 1066 2561 1598 2623; x_wconf 82' lang='lat' dir='ltr'><strong>venereaeRondeletius</strong></span> <span class='ocrx_word' id='word_1_404' title='bbox 1630 2562 1781 2609; x_wconf 80' lang='lat' dir='ltr'><strong>laudat</strong></span> <span class='ocrx_word' id='word_1_405' title='bbox 1812 2561 2094 2609; x_wconf 64' lang='lat' dir='ltr'><strong>inunetiones</strong></span> <span class='ocrx_word' id='word_1_406' title='bbox 2140 2562 2286 2611; x_wconf 76' lang='lat' dir='ltr'><strong>varias</strong></span> 
     </span>
     <span class='ocr_line' id='line_1_38' title="bbox 450 2626 2282 2692; baseline -0.002 -15"><span class='ocrx_word' id='word_1_407' title='bbox 450 2630 764 2684; x_wconf 54' lang='lat' dir='ltr'><strong>mercuriales,</strong></span> <span class='ocrx_word' id='word_1_408' title='bbox 799 2630 983 2678; x_wconf 59' lang='lat' dir='ltr'><strong>decorita</strong></span> <span class='ocrx_word' id='word_1_409' title='bbox 1006 2630 1126 2677; x_wconf 88' lang='lat' dir='ltr'><strong>varia</strong></span> <span class='ocrx_word' id='word_1_410' title='bbox 1151 2629 1263 2692; x_wconf 85' lang='lat' dir='ltr'><strong>ligni</strong></span> <span class='ocrx_word' id='word_1_411' title='bbox 1286 2629 1420 2675; x_wconf 59' lang='lat' dir='ltr'><strong>saneti</strong></span> <span class='ocrx_word' id='word_1_412' title='bbox 1454 2627 1528 2674; x_wconf 88' lang='lat' dir='ltr'><strong>seu</strong></span> <span class='ocrx_word' id='word_1_413' title='bbox 1561 2628 1779 2680; x_wconf 81' lang='lat' dir='ltr'><strong>Guaiaci,</strong></span> <span class='ocrx_word' id='word_1_414' title='bbox 1815 2627 1973 2674; x_wconf 76' lang='lat' dir='ltr'><strong>Chinae</strong></span> <span class='ocrx_word' id='word_1_415' title='bbox 1993 2662 2006 2680; x_wconf 92' lang='lat'>,</span> <span class='ocrx_word' id='word_1_416' title='bbox 2043 2626 2282 2690; x_wconf 82' lang='lat' dir='ltr'><strong>Sarsae-pa-</strong></span> 
     </span>
     <span class='ocr_line' id='line_1_39' title="bbox 451 2691 2282 2759; baseline -0.002 -20"><span class='ocrx_word' id='word_1_417' title='bbox 451 2695 555 2740; x_wconf 86' lang='lat' dir='ltr'><strong>rillae</strong></span> <span class='ocrx_word' id='word_1_418' title='bbox 583 2713 595 2749; x_wconf 82' lang='lat'><em>3</em></span> <span class='ocrx_word' id='word_1_419' title='bbox 630 2695 837 2759; x_wconf 88' lang='lat' dir='ltr'><strong>syrupum</strong></span> <span class='ocrx_word' id='word_1_420' title='bbox 868 2695 1011 2742; x_wconf 64' lang='lat' dir='ltr'><strong>saneti</strong></span> <span class='ocrx_word' id='word_1_421' title='bbox 1030 2693 1253 2740; x_wconf 74' lang='lat' dir='ltr'><strong>Ambrosii</strong></span> <span class='ocrx_word' id='word_1_422' title='bbox 1284 2711 1338 2740; x_wconf 88' lang='lat' dir='ltr'><strong>ex</strong></span> <span class='ocrx_word' id='word_1_423' title='bbox 1372 2693 1560 2739; x_wconf 65' lang='lat' dir='ltr'><strong>decoeto</strong></span> <span class='ocrx_word' id='word_1_424' title='bbox 1588 2695 1714 2739; x_wconf 89' lang='lat' dir='ltr'><strong>milio</strong></span> <span class='ocrx_word' id='word_1_425' title='bbox 1747 2711 1758 2746; x_wconf 80' lang='lat'><em>3</em></span> <span class='ocrx_word' id='word_1_426' title='bbox 1792 2691 1946 2756; x_wconf 85' lang='lat' dir='ltr'><strong>pilulas</strong></span> <span class='ocrx_word' id='word_1_427' title='bbox 1977 2691 2239 2738; x_wconf 82' lang='lat' dir='ltr'><strong>Barbarossae</strong></span> <span class='ocrx_word' id='word_1_428' title='bbox 2259 2701 2282 2746; x_wconf 78' lang='lat'><strong>&#39;3</strong></span> 
     </span>
     <span class='ocr_line' id='line_1_40' title="bbox 207 2757 2281 2824; baseline -0.001 -20"><span class='ocrx_word' id='word_1_429' title='bbox 207 2776 257 2823; x_wconf 59' lang='lat' dir='ltr'><strong>(c)</strong></span> <span class='ocrx_word' id='word_1_430' title='bbox 285 2775 327 2812; x_wconf 65' lang='lat'><strong>1„</strong></span> <span class='ocrx_word' id='word_1_431' title='bbox 341 2772 410 2813; x_wconf 68' lang='lat' dir='ltr'><strong>fine</strong></span> <span class='ocrx_word' id='word_1_432' title='bbox 451 2758 544 2804; x_wconf 71' lang='lat' dir='ltr'><strong>imo</strong></span> <span class='ocrx_word' id='word_1_433' title='bbox 570 2759 659 2824; x_wconf 87' lang='lat' dir='ltr'><strong>ipsa</strong></span> <span class='ocrx_word' id='word_1_434' title='bbox 677 2777 859 2823; x_wconf 90' lang='lat' dir='ltr'><strong>quoque</strong></span> <span class='ocrx_word' id='word_1_435' title='bbox 879 2759 1130 2822; x_wconf 83' lang='lat' dir='ltr'><strong>suffumigia</strong></span> <span class='ocrx_word' id='word_1_436' title='bbox 1150 2776 1203 2805; x_wconf 84' lang='lat' dir='ltr'><strong>ex</strong></span> <span class='ocrx_word' id='word_1_437' title='bbox 1225 2757 1473 2804; x_wconf 86' lang='lat' dir='ltr'><strong>cinnabrio.</strong></span> <span class='ocrx_word' id='word_1_438' title='bbox 1505 2762 1674 2822; x_wconf 89' lang='lat' dir='ltr'><strong>Sponte</strong></span> <span class='ocrx_word' id='word_1_439' title='bbox 1695 2775 1844 2804; x_wconf 89' lang='lat' dir='ltr'><strong>tamen</strong></span> <span class='ocrx_word' id='word_1_440' title='bbox 1860 2757 2097 2803; x_wconf 87' lang='lat' dir='ltr'><strong>confitetur</strong></span> <span class='ocrx_word' id='word_1_441' title='bbox 2118 2760 2197 2816; x_wconf 88' lang='lat' dir='ltr'><strong>(c)</strong></span> <span class='ocrx_word' id='word_1_442' title='bbox 2215 2775 2281 2802; x_wconf 79' lang='lat' dir='ltr'><strong>ar-</strong></span> 
     </span>
     <span class='ocr_line' id='line_1_41' title="bbox 186 2821 2275 2889; baseline 0.001 -23"><span class='ocrx_word' id='word_1_443' title='bbox 186 2827 297 2866; x_wconf 73' lang='lat' dir='ltr'><strong>Libri.</strong></span> <span class='ocrx_word' id='word_1_444' title='bbox 447 2840 607 2889; x_wconf 78' lang='lat' dir='ltr'><strong>gentum</strong></span> <span class='ocrx_word' id='word_1_445' title='bbox 635 2829 784 2871; x_wconf 72' lang='lat' dir='ltr'><strong>vivum</strong></span> <span class='ocrx_word' id='word_1_446' title='bbox 803 2826 872 2886; x_wconf 80' lang='lat' dir='ltr'><strong>effe</strong></span> <span class='ocrx_word' id='word_1_447' title='bbox 902 2825 1126 2870; x_wconf 82' lang='lat' dir='ltr'><strong>antidotum</strong></span> <span class='ocrx_word' id='word_1_448' title='bbox 1145 2822 1195 2870; x_wconf 68' lang='lat'><strong>&amp;¹</strong></span> <span class='ocrx_word' id='word_1_449' title='bbox 1215 2822 1390 2869; x_wconf 63' lang='lat' dir='ltr'><strong>maxim&amp;</strong></span> <span class='ocrx_word' id='word_1_450' title='bbox 1405 2824 1741 2868; x_wconf 76' lang='lat' dir='ltr'><strong>accommodatum</strong></span> <span class='ocrx_word' id='word_1_451' title='bbox 1767 2821 1981 2868; x_wconf 82' lang='lat' dir='ltr'><strong>remedium</strong></span> <span class='ocrx_word' id='word_1_452' title='bbox 2001 2826 2060 2867; x_wconf 80' lang='lat' dir='ltr'><strong>ad</strong></span> <span class='ocrx_word' id='word_1_453' title='bbox 2076 2822 2275 2868; x_wconf 84' lang='lat' dir='ltr'><strong>Morbum</strong></span> 
     </span>
     <span class='ocr_line' id='line_1_42' title="bbox 454 2886 1942 2953; baseline -0.003 -18"><span class='ocrx_word' id='word_1_454' title='bbox 454 2891 646 2937; x_wconf 81' lang='lat' dir='ltr'><strong>Italicum</strong></span> <span class='ocrx_word' id='word_1_455' title='bbox 662 2929 675 2944; x_wconf 92' lang='lat'><em>,</em></span> <span class='ocrx_word' id='word_1_456' title='bbox 705 2894 802 2952; x_wconf 82' lang='lat' dir='ltr'><strong>quia</strong></span> <span class='ocrx_word' id='word_1_457' title='bbox 843 2906 1088 2953; x_wconf 83' lang='lat' dir='ltr'><strong>quocumque</strong></span> <span class='ocrx_word' id='word_1_458' title='bbox 1114 2889 1226 2934; x_wconf 91' lang='lat' dir='ltr'><strong>modo</strong></span> <span class='ocrx_word' id='word_1_459' title='bbox 1249 2886 1547 2944; x_wconf 78' lang='lat' dir='ltr'><strong>administretur</strong></span> <span class='ocrx_word' id='word_1_460' title='bbox 1566 2926 1581 2941; x_wconf 91' lang='lat'><em>‚</em></span> <span class='ocrx_word' id='word_1_461' title='bbox 1609 2887 1785 2933; x_wconf 81' lang='lat' dir='ltr'><strong>morbum</strong></span> <span class='ocrx_word' id='word_1_462' title='bbox 1811 2901 1942 2932; x_wconf 73' lang='lat' dir='ltr'><strong>curat.</strong></span> 
     </span>
     <span class='ocr_line' id='line_1_43' title="bbox 525 2949 2277 3017; baseline -0.004 -16"><span class='ocrx_word' id='word_1_463' title='bbox 525 2955 666 3001; x_wconf 76' lang='lat' dir='ltr'><strong>Porro</strong></span> <span class='ocrx_word' id='word_1_464' title='bbox 691 2955 940 3001; x_wconf 90' lang='lat' dir='ltr'><strong>notandum</strong></span> <span class='ocrx_word' id='word_1_465' title='bbox 961 2956 1020 3001; x_wconf 90' lang='lat' dir='ltr'><strong>est</strong></span> <span class='ocrx_word' id='word_1_466' title='bbox 1036 2955 1060 3000; x_wconf 73' lang='lat' dir='ltr'><strong>a</strong></span> <span class='ocrx_word' id='word_1_467' title='bbox 1079 2952 1356 3000; x_wconf 89' lang='lat' dir='ltr'><strong>Rondeletio</strong></span> <span class='ocrx_word' id='word_1_468' title='bbox 1382 2954 1694 3017; x_wconf 82' lang='lat' dir='ltr'><strong>purgationem</strong></span> <span class='ocrx_word' id='word_1_469' title='bbox 1712 2951 1883 2997; x_wconf 89' lang='lat' dir='ltr'><strong>laudari</strong></span> <span class='ocrx_word' id='word_1_470' title='bbox 1902 2951 1947 2997; x_wconf 90' lang='lat' dir='ltr'><strong>in</strong></span> <span class='ocrx_word' id='word_1_471' title='bbox 1967 2949 2058 3015; x_wconf 68' lang='lat' dir='ltr'><strong>ipsa</strong></span> <span class='ocrx_word' id='word_1_472' title='bbox 2077 2949 2277 2996; x_wconf 87' lang='lat' dir='ltr'><strong>linimen-</strong></span> 
     </span>
     <span class='ocr_line' id='line_1_44' title="bbox 231 3013 2279 3092; baseline -0.003 -28"><span class='ocrx_word' id='word_1_473' title='bbox 231 3037 305 3084; x_wconf 54' lang='grc' dir='ltr'><strong>(Α)</strong></span> <span class='ocrx_word' id='word_1_474' title='bbox 325 3044 414 3092; x_wconf 82' lang='lat' dir='ltr'>Cap.</span> <span class='ocrx_word' id='word_1_475' title='bbox 455 3033 606 3065; x_wconf 83' lang='lat' dir='ltr'><strong>torum</strong></span> <span class='ocrx_word' id='word_1_476' title='bbox 635 3020 1032 3067; x_wconf 83' lang='lat' dir='ltr'><strong>administratione.</strong></span> <span class='ocrx_word' id='word_1_477' title='bbox 1051 3046 1075 3063; x_wconf 67' lang='grc' dir='ltr'><strong>,ι</strong></span> <span class='ocrx_word' id='word_1_478' title='bbox 1099 3020 1185 3076; x_wconf 84' lang='lat' dir='ltr'><strong>(d)</strong></span> <span class='ocrx_word' id='word_1_479' title='bbox 1205 3019 1294 3065; x_wconf 82' lang='lat' dir='ltr'><strong>Istis</strong></span> <span class='ocrx_word' id='word_1_480' title='bbox 1325 3017 1534 3064; x_wconf 88' lang='lat' dir='ltr'><strong>omnibus</strong></span> <span class='ocrx_word' id='word_1_481' title='bbox 1551 3052 1563 3071; x_wconf 89' lang='lat'>,</span> <span class='ocrx_word' id='word_1_482' title='bbox 1597 3022 1729 3081; x_wconf 82' lang='lat' dir='ltr'><strong>inquit</strong></span> <span class='ocrx_word' id='word_1_483' title='bbox 1748 3055 1763 3071; x_wconf 85' lang='lat'><em>,</em></span> <span class='ocrx_word' id='word_1_484' title='bbox 1779 3016 1885 3062; x_wconf 91' lang='lat' dir='ltr'><strong>utile</strong></span> <span class='ocrx_word' id='word_1_485' title='bbox 1907 3016 1992 3062; x_wconf 89' lang='lat' dir='ltr'><strong>erit</strong></span> <span class='ocrx_word' id='word_1_486' title='bbox 2013 3014 2040 3059; x_wconf 86' lang='lat' dir='ltr'>fi</span> <span class='ocrx_word' id='word_1_487' title='bbox 2061 3032 2152 3060; x_wconf 87' lang='lat' dir='ltr'><strong>non</strong></span> <span class='ocrx_word' id='word_1_488' title='bbox 2171 3013 2279 3059; x_wconf 87' lang='lat' dir='ltr'><strong>fluat</strong></span> 
     </span>
     <span class='ocr_line' id='line_1_45' title="bbox 189 3082 2277 3149; baseline -0.004 -19"><span class='ocrx_word' id='word_1_489' title='bbox 189 3094 244 3130; x_wconf 84' lang='lat' dir='ltr'><strong>De</strong></span> <span class='ocrx_word' id='word_1_490' title='bbox 260 3107 415 3143; x_wconf 78' lang='lat' dir='ltr'><strong>unguen·</strong></span> <span class='ocrx_word' id='word_1_491' title='bbox 457 3109 482 3125; x_wconf 72' lang='grc' dir='ltr'><strong>υ</strong></span> <span class='ocrx_word' id='word_1_492' title='bbox 512 3086 634 3130; x_wconf 82' lang='lat' dir='ltr'><strong>alvus</strong></span> <span class='ocrx_word' id='word_1_493' title='bbox 651 3118 664 3136; x_wconf 89' lang='lat'>‚</span> <span class='ocrx_word' id='word_1_494' title='bbox 693 3083 900 3148; x_wconf 87' lang='lat' dir='ltr'><strong>syrupum</strong></span> <span class='ocrx_word' id='word_1_495' title='bbox 925 3085 1167 3131; x_wconf 84' lang='lat' dir='ltr'><strong>laxativum</strong></span> <span class='ocrx_word' id='word_1_496' title='bbox 1198 3082 1480 3149; x_wconf 66' lang='lat' dir='ltr'><strong>praescribere</strong></span> <span class='ocrx_word' id='word_1_497' title='bbox 1500 3116 1513 3134; x_wconf 89' lang='lat'>,</span> <span class='ocrx_word' id='word_1_498' title='bbox 1537 3084 1608 3129; x_wconf 94' lang='lat' dir='ltr'><strong>vel</strong></span> <span class='ocrx_word' id='word_1_499' title='bbox 1641 3088 1871 3146; x_wconf 83' lang='lat' dir='ltr'><strong>Apozema</strong></span> <span class='ocrx_word' id='word_1_500' title='bbox 1905 3083 2149 3144; x_wconf 63' lang='lat' dir='ltr'><strong>(purgum)</strong></span> <span class='ocrx_word' id='word_1_501' title='bbox 2186 3095 2277 3140; x_wconf 86' lang='lat' dir='ltr'><strong>quo</strong></span> 
     </span>
     <span class='ocr_line' id='line_1_46' title="bbox 183 3140 2276 3210; baseline -0.004 -16"><span class='ocrx_word' id='word_1_502' title='bbox 183 3147 243 3182; x_wconf 57' lang='grc' dir='ltr'><strong>δῖ’*</strong></span> <span class='ocrx_word' id='word_1_503' title='bbox 459 3173 483 3191; x_wconf 76' lang='grc' dir='ltr'><strong>υ</strong></span> <span class='ocrx_word' id='word_1_504' title='bbox 504 3150 635 3194; x_wconf 88' lang='lat' dir='ltr'><strong>initio</strong></span> <span class='ocrx_word' id='word_1_505' title='bbox 661 3148 720 3194; x_wconf 84' lang='lat' dir='ltr'><strong>usi</strong></span> <span class='ocrx_word' id='word_1_506' title='bbox 754 3148 912 3194; x_wconf 68' lang='lat' dir='ltr'><strong>sumus„</strong></span> <span class='ocrx_word' id='word_1_507' title='bbox 947 3155 1053 3195; x_wconf 79' lang='lat' dir='ltr'><strong>Haec</strong></span> <span class='ocrx_word' id='word_1_508' title='bbox 1074 3150 1199 3196; x_wconf 86' lang='lat' dir='ltr'><strong>enim</strong></span> <span class='ocrx_word' id='word_1_509' title='bbox 1219 3148 1451 3195; x_wconf 83' lang='lat' dir='ltr'><strong>evacuatio</strong></span> <span class='ocrx_word' id='word_1_510' title='bbox 1474 3147 1663 3210; x_wconf 86' lang='lat' dir='ltr'><strong>impedit</strong></span> <span class='ocrx_word' id='word_1_511' title='bbox 1687 3145 2022 3193; x_wconf 83' lang='lat' dir='ltr'><strong>effumationern</strong></span> <span class='ocrx_word' id='word_1_512' title='bbox 2053 3143 2106 3187; x_wconf 89' lang='lat' dir='ltr'><strong>ad</strong></span> <span class='ocrx_word' id='word_1_513' title='bbox 2141 3158 2188 3186; x_wconf 90' lang='lat' dir='ltr'><strong>os</strong></span> <span class='ocrx_word' id='word_1_514' title='bbox 2207 3174 2220 3192; x_wconf 90' lang='lat'>,</span> <span class='ocrx_word' id='word_1_515' title='bbox 2251 3140 2276 3186; x_wconf 66' lang='lat' dir='ltr'><strong>a.</strong></span> 
     </span>
    </p>
   </div>
   <div class='ocr_carea' id='block_1_4' title="bbox 460 3204 2277 3277">
    <p class='ocr_par' dir='ltr' id='par_1_7' title="bbox 460 3204 2277 3277">
     <span class='ocr_line' id='line_1_47' title="bbox 460 3204 2277 3277; baseline -0.006 -18"><span class='ocrx_word' id='word_1_516' title='bbox 460 3234 484 3255; x_wconf 73' lang='grc' dir='ltr'><strong><em>υ</em></strong></span> <span class='ocrx_word' id='word_1_517' title='bbox 503 3215 590 3277; x_wconf 64' lang='lat' dir='ltr'><strong>qua</strong></span> <span class='ocrx_word' id='word_1_518' title='bbox 621 3214 769 3262; x_wconf 79' lang='lat' dir='ltr'><strong>ulcera</strong></span> <span class='ocrx_word' id='word_1_519' title='bbox 786 3214 876 3262; x_wconf 84' lang='lat' dir='ltr'><strong>oris</strong></span> <span class='ocrx_word' id='word_1_520' title='bbox 894 3218 939 3262; x_wconf 72' lang='grc' dir='ltr'><strong>δε</strong></span> <span class='ocrx_word' id='word_1_521' title='bbox 959 3214 1161 3263; x_wconf 85' lang='lat' dir='ltr'><strong>dentium</strong></span> <span class='ocrx_word' id='word_1_522' title='bbox 1182 3212 1334 3262; x_wconf 87' lang='lat' dir='ltr'><strong>sordes</strong></span> <span class='ocrx_word' id='word_1_523' title='bbox 1352 3229 1628 3276; x_wconf 75' lang='lat' dir='ltr'><strong>proveniunt</strong></span> <span class='ocrx_word' id='word_1_524' title='bbox 1652 3230 1666 3266; x_wconf 79' lang='lat'><em>3</em></span> <span class='ocrx_word' id='word_1_525' title='bbox 1694 3211 1751 3261; x_wconf 80' lang='lat' dir='ltr'><strong>ab</strong></span> <span class='ocrx_word' id='word_1_526' title='bbox 1770 3208 2057 3258; x_wconf 85' lang='lat' dir='ltr'><strong>effumatione</strong></span> <span class='ocrx_word' id='word_1_527' title='bbox 2076 3211 2121 3251; x_wconf 85' lang='lat'>&amp;</span> <span class='ocrx_word' id='word_1_528' title='bbox 2141 3204 2277 3261; x_wconf 62' lang='lat' dir='ltr'><strong>sorde</strong></span> 
     </span>
    </p>
   </div>
  </div>
 </body>
</html>
