2477 3643
668 117 1653 188 annn1V.CAr·tr·i-X1‡
1905 153 2004 208 '490

165 202 422 278 percrebuit
457 209 557 257 usus
577 228 713 257 comae
737 211 960 258 adscititiae
975 245 987 264 ,
1010 214 1144 277 vulgo
1179 220 1384 278 Perruque
1407 255 1420 269 ‚
1439 215 1525 279 qual
1547 217 1746 266 calvities
1764 221 2001 272 abscondi-

2051 243 2153 296 petia
2179 249 2212 284 δι
2241 254 2290 281 e·

169 292 267 324 tur:
295 279 352 322 Ar
374 275 401 321 si
420 269 605 321 barbam
628 309 639 327 ,
668 275 894 340 supercilia
926 310 937 329 ‚
970 279 1161 324 maxime
1189 279 1296 325 vero
1329 280 1430 326 cilia
1456 281 1682 328 adoriatur
1700 317 1712 335 ,
1742 302 1835 330 non
1865 292 2004 355 turpis
2047 303 2111 350 jus
2132 297 2259 337 causae.

136 339 139 342 ”
170 341 312 386 modo
331 346 376 385 &
396 338 552 386 odiosa
571 341 630 385 est
646 374 656 391 ,
673 340 747 386 sed
767 342 901 387 etiam
918 342 1088 406 probro
1109 345 1222 389 verti
1247 343 1372 390 solet.

232 406 473 451 Statuimus
503 405 630 468 supra
664 411 773 469 Cap.
811 428 840 466 3.
879 415 916 461 §.
956 424 990 451 2.
1024 409 1100 453 no.
1124 429 1166 464 4.
1192 409 1435 472 alopeciam
1467 410 1633 470 triplici
1653 413 1779 458 causa
1812 413 1999 470 induci,

170 485 341 534 nempe·
361 478 420 514 10.
446 469 492 516 Si
511 485 664 515 tenues
682 470 851 516 fibrillae
866 504 877 522 ‚
897 471 1057 534 quibus
1078 473 1221 535 capilli
1245 479 1289 518 &
1311 474 1387 544 pili
1406 477 1627 527 constant,
1643 478 1932 541 praecidantur
1951 483 1998 527 in

164 535 326 580 mediis
347 534 565 596 glandulis
580 534 668 581 sive
686 536 886 598 capitulis
904 569 915 587 ‚
934 535 1069 582 illaesis
1088 552 1234 583 tamen
1261 540 1413 601 primis
1437 539 1655 587 radiculis.
1694 550 1755 587 ιο,
1784 544 1827 588 Si
1847 545 1997 608 prima:
2021 544 2024 549 “

156 597 249 644 illae
278 599 508 652 radiculae,
527 599 647 645 unde
679 599 756 664 pili
786 605 831 646 δε
863 599 1009 664 capilli
1038 601 1284 664 pullulant,
1321 604 1523 651 erofione
1545 607 1833 671 extirpentur.
1868 618 1929 669 3⁰.
1953 613 1997 658 Si

163 663 384 726 glandulae
404 664 476 710 seu
498 664 714 728 capitula,
737 665 783 710 in
799 664 958 729 quibus
994 665 1248 711 radicantur
1269 669 1415 731 capilli
1439 675 1484 715 &
1505 671 1580 734 pili
1603 671 1656 717 ab
1676 673 1896 719 ulceribus
1916 693 1995 720 cu-

162 742 258 774 tem
290 728 629 793 depascentibus
661 729 991 794 pess'undentur.
1050 734 1277 778 Harumce
1303 732 1532 779 causarum
1562 734 1753 783 secunda
1787 743 1831 783 Sc
1864 740 1994 786 tertia

159 792 516 845 irremediabiles
537 794 636 840 sunt
652 828 663 845 ‚
685 794 900 857 siquidem
931 809 1075 858 partes
1101 797 1333 858 organicas
1366 796 1496 845 semel
1519 799 1751 848 desti-ustas
1783 804 1993 852 remediis

157 859 327 905 restitui
344 857 596 905 inauditum
617 860 676 906 est
691 893 703 912 ,
724 858 918 921 ideoque
937 858 1076 922 prima
1092 859 1181 906 sola
1195 863 1253 906 est
1269 861 1338 907 cui
1357 863 1627 910 medicinam
1648 865 1795 914 facere
1814 869 1959 914 liccat.

219 925 494 988 Praecipuum
520 923 723 969 omnium
740 940 835 986 quae
864 924 1072 970 noverim
1100 925 1225 986 hujus
1245 925 1451 990 alopecia:
1483 930 1731 976 remedium
1752 934 1837 985 est,
1854 931 1883 978 ii
1902 934 1991 997 pri-

160 1004 233 1032 ma
269 988 593 1035 renascentium
633 988 827 1052 pilorum
856 1004 929 1033 aut
950 989 1210 1052 capillorum
1237 990 1400 1054 lanugo
1427 992 1677 1041 identidem
1699 996 1922 1051 rafitetur3
1943 1015 1991 1045 ut

156 1053 280 1097 enim
301 1052 419 1114 sylva
437 1053 585 1099 caedua
604 1053 785 1117 opacior
805 1053 854 1098 fit
872 1086 884 1105 ,
905 1052 1005 1098 cuin
1038 1052 1185 1118 saepius
1214 1056 1394 1101 caeditur
1412 1089 1424 1107 ,
1443 1057 1498 1102 sic
1526 1059 1784 1122 capillitium
1812 1067 1857 1108 ὃς
1884 1063 1984 1109 bar—

154 1115 258 1162 bam
285 1117 489 1165 densiora
508 1118 605 1166 fieri
628 1115 797 1164 necesse
817 1119 876 1164 est
892 1151 903 1168 ‚
919 1116 952 1163 st
971 1117 1078 1181 saepe
1096 1119 1362 1166 tondeantur
1377 1154 1389 1172 ,
1404 1122 1618 1183 quoniam
1637 1124 1803 1173 scilicet
1817 1127 1984 1192 limpha

153 1183 365 1235 nutritia‚
389 1184 495 1229 dum
515 1183 562 1229 in
593 1182 690 1246 ipsis
709 1182 971 1246 capillorum
995 1183 1246 1246 pilorumve
1268 1184 1475 1230 radiculis
1503 1202 1595 1233 rota
1626 1207 1858 1239 coercetur
1889 1194 1982 1242 fre-

153 1248 311 1310 quenti
344 1247 543 1301 rasione,
565 1248 748 1311 capillos
780 1246 991 1293 detonsos
1022 1252 1068 1292 δε
1095 1248 1270 1299 idcirco
1292 1249 1523 1298 breviores
1553 1254 1692 1316 magis
1718 1258 1858 1303 nutrit
1876 1292 1888 1311 ,
1911 1277 1983 1305 ca-

148 1310 371 1375 pillosque
393 1313 607 1377 plurimos
622 1346 636 1364 ,
656 1313 733 1376 qui
752 1310 998 1375 lanuginofi
1020 1311 1117 1358 sunt
1136 1319 1183 1359 <Sc
1203 1314 1278 1360 vix
1302 1313 1562 1379 conspicui,
1579 1319 1684 1381 quia
1704 1322 1984 1375 nutrimento

149 1375 503 1431 defraudantur,
538 1378 761 1442 explicat,
781 1382 827 1423 &
862 1395 918 1424 eo
954 1379 1082 1441 pasto
1115 1378 1202 1424 una
1236 1378 1483 1445 eademque
1513 1383 1649 1447 opera
1679 1385 1860 1450 capillos
1887 1405 1983 1436 tum

148 1441 373 1489 craffiores
394 1459 488 1489 rum
507 1441 732 1490 densiores
751 1440 901 1489 efficit.

204 1506 385 1553 Poffunt
407 1523 557 1554 tamen
576 1542 587 1560 ‚
607 1507 637 1553 fi
657 1509 718 1554 ita
734 1507 886 1554 lubeat
906 1541 917 1560 ‚
938 1507 1092 1555 omnia
1112 1509 1417 1557 remediorum
1440 1527 1605 1574 genera
1631 1511 1860 1579 usurpari,
1884 1535 1984 1584 quaev

143 1571 282 1634 vulgo
321 1574 565 1619 creduntur
598 1573 652 1618 ad
686 1573 879 1637 pilorum
920 1574 1241 1637 capillorumve
1277 1578 1668 1638 regenerationem
1706 1579 1856 1629 facere
1881 1603 1893 1637 3
1931 1602 1979 1633 ut

141 1653 337 1700 quorum
361 1637 459 1683 usus
474 1671 486 1690 ‚
507 1637 535 1682 si
556 1638 644 1683 fine
662 1638 969 1683 emolumento
989 1638 1040 1683 fit
1056 1671 1069 1690 ,
1095 1655 1137 1684 at
1153 1639 1385 1685 certiffime
1402 1640 1492 1688 fine
1512 1641 1678 1688 damno
1698 1639 1871 1693 futurus
1890 1651 1974 1701 est3

143 1700 394 1761 cujusmodi
420 1701 516 1747 sunt
553 1710 614 1746 10.
643 1703 838 1747 Decocra
856 1701 1074 1748 foliorum
1095 1704 1339 1757 marrubii,
1359 1706 1592 1759 abrotani,
1610 1708 1815 1756 verbenae
1834 1745 1847 1763 ,
1868 1731 1980 1760 cen-

142 1767 286 1812 taurei
306 1800 318 1819 ,
335 1766 598 1830 capillorum
618 1766 794 1812 veneris
808 1799 819 1819 ‚
837 1766 1094 1829 lupinorum
1110 1801 1122 1819 ,
1143 1767 1347 1814 fabarum
1362 1774 1449 1815 διες.
1464 1770 1626 1834 quibus
1644 1791 1740 1836 pars
1759 1774 1954 1824 fovetur⁰

206 1840 270 1877 20.
299 1831 473 1877 Lixivia
502 1832 526 1878 ὲ
567 1830 793 1877 cineribus
828 1833 1034 1876 testarum
1064 1849 1229 1877 nucum
1265 1834 1570 1896 juglandium,
1600 1838 1670 1883 vel
1709 1840 1974 1890 nucleorum

137 1896 477 1959 amygdalarum
504 1914 755 1941 amararum
775 1929 787 1947 ‚
812 1895 961 1942 echini
990 1898 1198 1943 terrestris
1221 1914 1293 1944 aut
1319 1900 1509 1953 marini,
1537 1919 1668 1965 apum
1689 1936 1701 1954 ,
1726 1905 1862 1951 muris
1887 1907 1974 1953 do«

137 1961 307 2007 mestici
327 1966 417 2006 &c-
432 1960 592 2024 quibus
618 1979 715 2024 pars
736 1959 891 2023 glabra
914 1960 1124 2006 abluitur.

208 2034 269 2086 30.
292 2025 547 2072 Linimenta
565 2043 665 2070 cum
687 2025 959 2089 pinguedine
979 2024 1061 2070 urfi
1077 2059 1088 2075 ‚
1107 2025 1329 2080 cuniculi,
1348 2026 1471 2092 talpae
1487 2062 1500 2083 ‚
1523 2029 1647 2078 cervi
1666 2034 1753 2077 δίς.
1774 2032 1844 2080 vel
1865 2034 1975 2082 0130

137 2088 315 2138 laurino
331 2125 344 2145 ,
358 2090 618 2156 juniperino
638 2096 725 2136 δίε.
747 2089 908 2156 quibus
927 2107 1025 2157 pars
1043 2090 1253 2137 illinitur„

547 2242 586 2292 §-
620 2236 746 2281 XII.
794 2235 1256 2283 DEPRESSIO
1326 2236 1526 2282 NASI'.

198 2351 241 2394 X
257 2354 274 2396 1
290 2353 323 2396 Ι.
357 2350 565 2398 Tandem
589 2351 669 2397 usu
701 2352 827 2399 venir
855 2350 1098 2415 aliquando
1116 2384 1127 2402 ‚
1152 2366 1201 2396 ut
1232 2350 1397 2396 malum
1419 2352 1730 2413 aegrotantium
1753 2355 1927 2402 incuriz'i
1944 2390 1967 2410 ‚-

133 2427 210 2459 aut
239 2416 542 2479 imprudentia
579 2416 857 2462 medentium·
893 2415 1020 2462 altius
1052 2415 1143 2462 sese
1174 2414 1396 2461 insinuans
1423 2419 1654 2479 organicas
1689 2436 1833 2483 partes
1866 2439 1958 2467 non

132 2496 292 2541 paucas
318 2496 573 2544 corrumpat
595 2485 638 2526 δε
660 2480 890 2542 pessundet
915 2480 1195 2546 irreparabili
1213 2480 1312 2526 labe
1333 2500 1343 2526 :
1365 2480 1435 2526 Sic
1463 2483 1600 2529 modo
1621 2482 1858 2547 spongiofis
1878 2504 1957 2532 na-

138 2543 259 2588 rium
286 2544 445 2590 offibus
472 2546 590 2590 carie
623 2543 754 2591 exefis
780 2547 951 2592 corruit
978 2563 1071 2592 tota
1103 2544 1189 2590 nasi
1223 2547 1583 2599 concamerari-o,
1615 2552 1660 2593 δε
1691 2548 1962 2612 deprimitur*

133 2608 407 2655 acrorinium
426 2628 438 2663 3
456 2610 595 2656 modo
622 2610 776 2657 dentes
795 2610 950 2656 cariofi.
976 2610 1160 2657 alveolis
1188 2610 1401 2656 excidunt
1418 2629 1429 2662 3
1447 2611 1585 2657 modo
1605 2612 1737 2658 uvula
1766 2612 1853 2662 five
1878 2633 1957 2661 co·

132 2669 313 2719 lumella
331 2673 526 2720 ulcerata
557 2674 870 2739 suppuratione
901 2675 1141 2721 absumitur
1159 2693 1170 2728 ·,
1191 2675 1329 2721 modo
1349 2672 1434 2720 ossa
1454 2675 1645 2739 palatina
1662 2710 1675 2730 ‚
1702 2695 1796 2741 quae
1829 2680 1954 2726 colu-

130 2737 272 2782 mellae
294 2739 485 2803 appofita
505 2738 604 2785 funt
621 2773 633 2790 ‚
650 2740 698 2784 in
719 2740 822 2786 mali
844 2740 1119 2786 consortium
1137 2739 1324 2785 veniunt
1343 2744 1387 2785 &
1410 2739 1668 2787 dilabuntur
1689 2745 1835 2798 carie3
1855 2763 1954 2792 mo-

129 2799 193 2848 do
222 2803 402 2849 tandem
429 2803 542 2850 ossea
567 2804 700 2869 palati
726 2802 877 2851 fornix
905 2806 1020 2851 carie
1046 2805 1101 2850 ad
1125 2822 1250 2850 nares
1268 2803 1403 2867 usque
1426 2804 1680 2869 perforatur
1706 2813 1794 2854 &c.

199 2874 260 2909 1⁰.
288 2868 333 2911 Si
357 2869 532 2914 narium
559 2871 890 2915 concameratio
907 2870 1166 2915 'conciderit
1191 2868 1346 2914 ossium
1378 2870 1522 2921 carie,
1542 2887 1961 2937 quantumcumque

131 2928 387 2977 offensionis
406 2933 511 2978 inde
529 2934 711 2979 accedat
737 2933 785 2976 in
814 2933 1103 2979 deformitate
1131 2931 1288 2984 faciei,
1313 2932 1423 2979 forti
1456 2935 1604 2980 animo
1629 2935 1866 2983 ferendum
1890 2934 1972 2983 est*

125 2994 430 3042 infortunium
448 3030 462 3048 ‚
487 2998 559 3043 cui
591 2996 763 3042 mederi
795 3001 882 3057 jam
910 2996 1095 3062 amplius
1115 2996 1344 3043 nonlicet.
1371 2998 1638 3045 Cavendum
1667 2999 1952 3048 solummodo

126 3077 191 3108 ne
213 3061 324 3126 quid
357 3061 515 3108 ulceris
548 3062 594 3107 in
627 3062 806 3108 occulto
836 3062 968 3108 lateat
983 3095 1001 3115 „
1029 3060 1221 3123 ideoque
1248 3062 1422 3107 narium
1449 3063 1666 3111 interiora
1698 3065 1954 3114 identidem-

130 3127 321 3174 eluenda
340 3125 438 3172 funt
458 3127 571 3190 aqua
590 3125 797 3173 thermali
816 3126 993 3190 quavis,
1006 3143 1054 3172 ut
1074 3125 1338 3172 Balerucana
1351 3160 1363 3179 ,
1379 3128 1623 3191 Baregienfi
1639 3163 1650 3180 ‚
1668 3131 1948 3179 Bor·bonien·=·

129 3191 162 3238 si
184 3197 273 3240 &c.
296 3209 390 3258 quae
412 3192 570 3258 spiritu
594 3210 672 3258 per
695 3208 821 3239 nares
848 3192 897 3239 in
925 3210 974 3240 os
1005 3191 1292 3246 adducenda,
1324 3207 1397 3241 aut
1418 3209 1471 3242 ex
1493 3212 1573 3244 ore
1589 3212 1668 3260 per
1684 3213 1810 3247 nares
1829 3196 1957 3252 foras-2

1614 3258 1737 3314 §.ff

2041 945 2131 991 Quo
2152 950 2269 987 mod&

2038 998 2142 1048 poffit
2160 1003 2268 1052 capil-

2033 1049 2154 1088 lorum
2179 1066 2241 1090 re—

2033 1102 2254 1144 nascentium

2031 1158 2259 1207 regermina-

2031 1218 2085 1242 tio
2101 1221 2261 1259 promo-

2031 1272 2118 1303 ven.

2035 2367 2128 2405 XH-
2153 2372 2238 2408 Dea

2006 2420 2136 2468 pressio
2149 2423 2237 2469 nasi,

2004 2471 2106 2509 casus
2144 2473 2236 2510 dcu-

2004 2523 2096 2561 rium
2122 2551 2133 2569 ,
2165 2538 2235 2563 co*

2002 2574 2154 2614 lumellae
2187 2591 2235 2615 a·

2001 2628 2133 2671 miffio,
2146 2632 2231 2679 jac-

2001 2690 2086 2716 tura.>
2100 2681 2231 2723 ollium

2001 2734 2217 2782 palai-inerit,
