2477 3643
687 128 1652 180 Linnrt1v.CAvui·1X.
1924 158 2007 202 975

245 207 442 260 Demum
464 223 557 257 non
582 206 740 258 desunt
759 208 837 274 qui
853 208 1034 257 duriore
1055 207 1177 257 sedae
1213 209 1265 257 ue
1288 207 1435 257 inutili
1456 209 1638 258 consilio
1658 209 1878 262 firmiores
1896 216 2014 266 cica-

181 275 312 326 trices
341 273 527 322 internis
547 273 826 322 maxillarum
855 272 1147 321 commistim-is
1172 290 1200 321 o
1238 273 1385 322 ducias
1421 273 1622 322 incisuris
1648 273 1920 332 scarificent,
1951 300 2008 330 eo

182 339 350 388 scilicet
364 338 449 388 fine
470 354 518 386 ut
537 338 713 386 maxilla
733 336 920 386 inferior
937 337 1106 386 facilius
1124 339 1299 387 moveri
1318 337 1443 405 poffit
1461 338 1607 405 3quas1
1626 340 1735 389 verb
1754 340 2010 394 durioribus

179 405 271 453 oris
296 402 575 453 cicatricibus
594 403 756 450 malum
777 402 1064 451 induceretur
1080 437 1093 455 ,
1109 402 1233 468 quod
1260 404 1283 450 a
1303 404 1499 452 rewmstis
1526 403 1810 471 crispatisque
1835 406 2011 455 muscu-

176 468 326 517 lorum
347 467 674 516 mansoriorum
694 467 952 516 tendinibus
974 468 1102 515 unice
1119 467 1309 531 pendet,
1325 467 1524 517 incifisve
1547 468 1827 518 cicatricibus
1856 471 2010 536 super-

179 533 359 582 ficiariis
376 532 559 580 morbus
579 533 720 580 curari
738 532 903 597 poss'et,
929 533 1001 580 cui
1035 532 1260 580 medicina
1280 531 1434 580 efficax
1466 534 1672 582 adhiberi
1693 535 1814 584 nulla
1838 537 2012 587 ratione

177 600 346 664 potest,
369 596 446 643 nisi
464 595 660 645 sediione
680 597 915 644 tendinum
934 631 945 650 ‚
963 615 1096 660 quam
1117 613 1287 644 tentare
1308 597 1530 663 piaculum
1552 598 1688 648 foret.

242 659 471 722 Quorsum
492 679 602 726 ergo
621 663 932 726 aegrotantium
960 662 1131 709 animos
1162 662 1285 708 inani
1313 662 1383 727 spe
1415 662 1573 712 frustra
1599 680 1688 711 tam
1719 663 1796 712 diu
1823 665 1982 716 lastare
1995 701 2016 725 ,v

176 743 252 774 aut
265 727 389 791 quod
409 731 530 791 pejus
545 762 557 780 ,
575 729 702 775 novis
718 727 902 775 miseriis
917 727 1095 772 illorum
1113 726 1308 774 miserias
1324 728 1529 791 quotidie
1549 730 1775 777 cumulare
1793 743 1805 777 Ξ
1823 732 2009 784 Discant

174 792 360 840 tandem
380 793 421 839 se
439 793 762 839 immedicabili
790 791 952 838 morbo
971 791 1164 838 detineri
1182 826 1192 844 ‚
1213 810 1260 838 ac
1281 791 1459 838 dimissa
1479 812 1570 840 non
1588 795 1828 842 frustrane&
1842 798 2007 852 modo,

174 852 253 904 sed
271 858 406 905 etiam
425 858 671 921 periculosa
689 857 912 903 medicinzi
938 874 989 902 ea
1017 855 1095 901 fibi
1117 873 1273 920 parent
1298 857 1548 904 levamenta
1564 877 1682 922 ‚quae
1711 860 1869 924 poffint
1893 881 2007 909 con-

173 921 368 974 ducere,
388 939 483 986 quae
512 940 674 970 nocere
697 939 790 968 non
820 921 991 987 possint.
1020 920 1139 966 Cum
1160 919 1392 968 solidiores
1411 922 1532 968 cibos
1561 941 1643 970 nec
1673 924 1895 973 devorare
1919 945 2002 974 nec

172 988 401 1034 masticare
429 1004 616 1050 queant,
638 987 953 1050 liquidioribus
978 1001 1154 1031 utantur
1172 985 1360 1032 admistis
1380 1004 1456 1050 per
1487 988 1643 1034 rimam
1666 989 1753 1052 quzi
1779 1006 1897 1054 patet
1922 1010 2000 1045 os,

172 1050 245 1097 vel
274 1069 351 1115 per
373 1069 470 1098 eam
487 1070 620 1115 quam
643 1050 750 1097 facit
769 1052 876 1098 dens
901 1068 1011 1096 unus
1043 1049 1144 1095 data
1173 1051 1309 1113 opera
1341 1050 1514 1097 evulsus
1530 1070 1540 1105 ;
1558 1070 1702 1116 eoque
1727 1054 1939 1109 artificio,
1967 1055 1998 1102 si

171 1132 268 1161 non
289 1117 475 1163 delicate
494 1150 507 1168 ,
529 1132 571 1162 at
588 1115 738 1163 saltem
758 1115 931 1181 placide
948 1115 1086 1160 vitam
1104 1114 1352 1160 traducant.
1383 1119 1453 1162 De
1472 1132 1629 1163 caerero
1649 1119 1793 1164 durum
1812 1117 1889 1167 sed
1909 1120 1999 1166 im-

170 1180 440 1227 medicabile
470 1179 771 1226 infortunium
794 1179 905 1228 forti
934 1179 1079 1228 ferant
1112 1178 1263 1226 animo
1289 1213 1302 1234 ,
1330 1195 1377 1226 ut
1406 1185 1492 1243 (a)
1531 1183 1661 1228 levius
1690 1183 1770 1245 fiat
1793 1182 2004 1248 patientiefi

170 1246 372 1309 quicquid
389 1249 587 1309 corrigere
605 1245 654 1304 cst
672 1247 799 1307 nefhs.

721 1448 1202 1505 CAPUT
1320 1453 1480 1514 IX.

157 1573 243 1626 De
277 1567 579 1644 Inforttmiis
602 1608 618 1630 ,
649 1587 751 1640 quae
785 1572 839 1621 in
856 1573 1076 1642 parciore
1106 1567 1448 1642 hydrargyrosi
1471 1570 1725 1628 interdum
1746 1572 2005 1640 accidunt,

715 1643 774 1702 ὠ
803 1644 862 1696 de
896 1643 1172 1702 eorumdem
1205 1646 1472 1701 medicind.

250 1765 286 1810 A
309 1781 347 1810 M
384 1764 511 1829 supra
543 1766 796 1814 monuimus
818 1773 926 1832 Cap.
949 1786 989 1826 7.
1024 1777 1056 1824 §.
1080 1785 1117 1814 2.
1145 1767 1298 1814 omnia
1316 1768 1496 1816 mitiora
1522 1768 1606 1817 effe
1637 1776 1684 1818 &
1710 1770 1932 1837 pacatiora
1950 1772 1999 1818 in

277 1829 449 1877 arciore
468 1830 845 1894 hydrargyroseos
864 1832 1260 1880 administratione.
1280 1832 1398 1879 Cum
1414 1835 1536 1881 enim
1555 1838 1805 1884 Mercurius
1826 1837 2000 1884 minore

204 1849 518 1958 osiinungatur
535 1929 547 1948 ‚
564 1896 777 1942 tumultus
796 1897 843 1942 in
864 1897 1077 1960 sanguine
1092 1931 1103 1949 ‚
1121 1896 1151 1942 si
1173 1899 1269 1961 quis
1292 1898 1390 1951 fiat,
1408 1900 1557 1946 minor
1577 1900 1683 1948 inde
1706 1900 1880 1947 futurus
1908 1903 1967 1948 est
1985 1921 1998 1956 3

169 1965 217 2010 «Sc
247 1959 347 2005 cum
376 1960 656 2007 inuncstiones
677 1961 956 2024 longioribus
976 1962 1222 2008 intervallis
1244 1979 1497 2027 repetantur
1520 1998 1531 2016 ‚
1552 1966 1857 2029 impendentia
1886 1967 2002 2013 mala

203 2024 415 2071 raevidere
436 2030 481 2069 δε
509 2024 697 2088 praevisis
717 2027 817 2072 ante
836 2043 1075 2073 occurrere
1094 2025 1264 2073 facilius
1281 2030 1353 2074 est.
1389 2029 1500 2076 Inde
1521 2045 1671 2077 tamen
1690 2031 1834 2094 putari
1859 2031 2001 2078 nolim

160 2043 251 2140 >{iac
275 2089 494 2135 methodo
512 2090 560 2134 in
579 2090 772 2137 curanda
794 2090 865 2137 lue
887 2090 1078 2138 venerea
1096 2092 1393 2154 navigationis
1411 2093 1587 2140 cursum
1614 2096 1756 2141 teneri
1776 2094 1894 2158 quasi
1922 2114 2001 2161 per

163 2171 294 2202 mare
313 2154 545 2217 pacificum
562 2187 574 2206 ,
597 2156 721 2217 quod
747 2156 960 2220 procellas
988 2156 1126 2201 nullas
1152 2157 1403 2220 experiatur
1419 2192 1430 2210 ,
1446 2158 1569 2221 quod
1589 2159 1709 2204 nulla
1731 2159 1898 2206 viderit
1924 2179 2002 2208 un-

166 2236 305 2283 quam
325 2218 556 2282 naufragia
573 2237 585 2271 ·,
606 2219 823 2283 siquidem
843 2220 932 2266 haec
958 2218 1050 2285 ipsa
1066 2221 1306 2267 methodus
1327 2219 1401 2267 sua
1420 2240 1602 2286 quoque
1621 2222 1783 2287 patitur
1803 2222 2004 2272 infortu-

161 2286 270 2336 nia,
291 2301 484 2347 quorum
519 2283 603 2330 alia
636 2285 822 2344 quidem
850 2285 964 2349 parit
997 2286 1307 2348 :egrotantium
1339 2286 1665 2350 imprudentia,
1701 2288 1779 2351 qui
1808 2289 2002 2337 Medicis

164 2347 460 2396 ‚monentibus
496 2365 669 2395 morem
700 2367 792 2394 non
825 2364 985 2412 gerunt
1005 2367 1016 2401 ·‚
1039 2355 1082 2395 ὃς
1105 2348 1192 2394 haec
1213 2349 1316 2395 huic
1347 2351 1564 2397 methodo
1595 2369 1695 2397 cum
1727 2354 2002 2416 praecedente

167 2414 433 2478 plerumque
453 2413 709 2458 communia
730 2413 855 2459 sunt:
878 2413 977 2458 Alia
1006 2413 1116 2459 verb
1144 2414 1351 2461 accidunt
1379 2416 1667 2462 Medicorum
1691 2416 1864 2463 incuria
1880 2451 1893 2470 ,
1923 2419 2002 2481 qui

163 2476 260 2524 sese
286 2474 512 2540 aegrosque
541 2475 739 2523 frustrari
775 2477 915 2524 solent
953 2511 965 2531 ‚
1003 2476 1110 2524 dum
1141 2496 1216 2543 per
1253 2497 1456 2526 errorem
1479 2480 1751 2529 medicinam
1785 2481 2004 2546 imparem

165 2541 337 2593 morbo
354 2539 568 2587 adhibent
585 2560 597 2595 3
614 2546 658 2587 δε
676 2559 726 2589 ea
743 2541 846 2588 huic
863 2542 1081 2589 methodo
1097 2544 1214 2607 quasi
1228 2541 1409 2610 propria
1432 2544 1543 2591 sunt.

156 2670 213 2739 ’4.
260 2675 297 2719 Ι.
345 2671 445 2718 DE
506 2671 1172 2719 INFORTUNIIS
1233 2675 1441 2718 HU'IC
1501 2675 1997 2728 METHODO

484 2750 624 2780 CUM
695 2751 1144 2783 PRAECEDENTE
1196 2754 1695 2785 COMMUNIBUS·

232 2865 267 2908 Ι.
300 2865 582 2926 AEgrotantes
599 2897 611 2916 ‚
633 2863 734 2910 cum
749 2865 796 2911 in
816 2866 897 2913 hac
916 2865 1133 2913 methodo
1148 2866 1202 2911 ab
1221 2866 1551 2913 exulceratione
1567 2865 1652 2912 oris
1674 2871 1718 2913 ὃς
1738 2866 1994 2915 salivatione

167 2927 390 2973 immunes
416 2945 578 2974 noxam
601 2930 766 2974 nullam
787 2932 1007 2994 patiantur
1026 2963 1038 2983 ,
1059 2930 1190 2977 taedet
1218 2932 1479 2995 plerumque
1510 2931 1556 2976 in
1578 2931 1783 2977 cubiculo
1809 2933 1992 2979 conclu-

168 2992 238 3038 sos
257 2991 410 3038 tandin
426 2992 633 3039 detineri.
658 2994 1022 3041 Conniventibus
1043 2994 1191 3058 itaque
1206 3028 1217 3046 ,
1240 2995 1310 3041 vel
1330 2995 1480 3042 saltem
1500 2994 1865 3043 dissimulantibus
1887 3001 1992 3045 Me-

162 3056 281 3114 dicis
298 3072 444 3104 amant
469 3074 544 3122 per
565 3056 723 3104 urbem
743 3059 921 3123 vagari,
948 3059 1095 3125 ignari
1127 3059 1349 3110 malorum
1376 3078 1472 3133 quat
1493 3060 1575 3110 fibi
1603 3058 1777 3126 possunt
1806 3079 1993 3128 parere,

222 3196 306 3247 La)
338 3197 476 3234 Horat·
504 3194 571 3233 od.
596 3208 656 3242 24.
675 3197 754 3236 Lib.
772 3210 799 3236 x.

2049 1775 2275 1830 Hydrargy-

2048 1829 2135 1866 rosis
2161 1843 2251 1880 par-

2046 1880 2124 1919 cior
2153 1882 2215 1922 sua

2049 1947 2197 1987 quoque
2213 1948 2280 1987 pa-

2050 1988 2138 2023 titur
2154 1986 2278 2030 ihfoxq

2050 2041 2163 2090 cunia,

2100 2861 2129 2900 1.
2152 2862 2274 2904 Febris

2043 2913 2185 2954 advenit
2213 2922 2250 2955 &

2041 2977 2148 3017 caput
2170 2968 2274 3007 intu-

2040 3020 2190 3065 mescit,
2220 3021 2247 3059 fi

2040 3072 2272 3131 aegtivagenr
