2477 3643
242 1692 299 1735 fal
328 1689 431 1731 Vels-

205 1743 312 1781 chius
355 1747 393 1780 in

204 1797 411 1839 Prafiitione

205 1850 255 1886 ad
268 1849 433 1896 observa-

205 1904 313 1937 tiones
331 1905 370 1936 M
377 1914 437 1937 ar-

204 1953 285 1988 celli
301 1958 438 1991 Cuma.

206 2006 258 2044 m}

239 2567 294 2613 (b)
314 2566 436 2604 Mete·

209 2619 330 2659 klinus
353 2622 390 2655 in

206 2673 377 2712 Lindenio

205 2733 384 2761 renovato.

209 2792 434 2836 Bailc2Dic-

207 2848 291 2882 tion.
317 2845 434 2882 criti-v

209 2910 286 2948 que-

266 2978 401 3023 1497-

204 3233 262 3286 (c)
298 3233 442 3290 J0sct¹1

473 159 576 215 2426
696 200 699 203 ,
835 151 945 220 DE
1011 151 1064 198 M
1097 150 1141 199 O
1172 150 1273 197 RB
1304 151 1322 195 1
1355 149 1381 196 S
1434 141 1552 197 ‘'V-‘E
1583 150 1632 197 N
1664 144 1943 201 EREIS.

467 244 617 277 'vat-rie
638 267 652 286 ‚
690 225 793 278 nam
830 241 1111 296 compertum
1134 228 1204 277 est
1225 225 1560 274 'Historicotum
1596 226 1850 275 testimonio
1883 240 2057 295 partein
2089 226 2325 299 copiarum

485 300 762 343 Venetarum
795 294 819 342 a
850 292 1144 343 Foronovana
1172 290 1318 358 pugna
1346 290 1562 356 suppetias
1590 291 1714 339 ivisse
1746 292 1981 341 Ludovi-co
2009 293 2183 345 §fortia
2215 300 2319 347 Me-

470 360 807 408 diolanenfium
829 358 945 406 Duci
966 357 1217 405 Novariam
1237 355 1460 404 obsidenti
1481 364 1496 412 )
1534 376 1558 396 e·
1582 356 1884 405 Dominorum
1906 358 2316 410 Mediolanensium

469 451 509 470 ¹>2,
531 425 676 490 plures
704 426 946 488 armigeros
969 427 1015 469 <Sc
1038 421 1256 485 pedestres
1296 439 1349 469 ex
1380 418 1646 468 ebullitione
1674 420 1915 471 humorum
1949 441 2021 471 me
2050 424 2205 474 vidisse
2228 436 2318 474 'at-

481 515 506 534 ‚‚
529 492 661 537 testor
689 490 777 554 pati
803 492 949 553 plures
975 487 1160 552 pustulas
1189 487 1235 533 in
1258 485 1373 534 facie
1402 492 1446 534 ὃς
1473 502 1552 550 per
1581 499 1727 532 totum
1752 505 1911 552 corpus
1929 523 1942 543 ,
1974 494 2021 536 δε
2049 489 2322 556 incipientes

459 579 508 599 -υ
529 570 827 602 communiter
857 552 935 599 sub
969 553 1194 617 praeputio
1235 554 1307 599 vel
1337 567 1461 598 extra
1490 550 1782 614 praeputium,
1815 552 1922 602 sicut
1947 571 2139 617 granum
2170 557 2319 610 milii,

484 645 510 663 υ
533 636 606 666 aut
628 619 755 683 super
778 620 1020 665 castaneam
1050 625 1062 675 ζ
1084 617 1276 663 balanum
1297 622 1308 678 )
1335 634 1437 662 cum
1457 616 1636 679 aliquali
1655 617 1827 680 pruritu
1846 620 2065 681 patientis.
2102 619 2323 684 Aliquan-

482 709 509 728 ,ι
529 685 588 731 do
606 683 849 749 incipiebat
865 683 1031 747 pustula
1053 700 1137 727 una
1158 682 1205 728 in
1230 682 1417 728 modum
1436 680 1631 728 vesicula:
1652 699 1796 745 parvae
1814 682 1903 730 sine
1920 685 2081 732 dolore
2095 718 2108 737 ‚
2121 683 2198 732 sed
2215 702 2321 734 cum

482 773 508 794 s»
531 750 732 813 pruritu3
754 748 976 795 fricabant
999 753 1041 794 &
1064 747 1171 793 inde
1199 746 1481 795 ulcerabatur
1511 762 1722 809 tanquam
1753 745 1944 795 formica
1975 749 2199 797 corrofiva
2217 785 2231 803 ‚
2269 756 2320 799 &

480 836 506 858 υ
527 816 621 880 post
653 815 824 879 aliquot
854 813 947 860 dies
965 812 1255 859 incurrebant
1285 813 1332 857 in
1362 812 1567 875 angustiis
1594 827 1777 875 propter
1798 812 1978 860 dolores
2009 814 2057 860 in
2090 813 2281 863 brachiis
2303 849 2318 870 ,

480 903 506 921 υ
526 879 727 926 cruribus
742 914 754 932 ,
778 878 968 944 pedibus
991 897 1092 924 cum
1117 879 1293 942 pustulis
1313 878 1499 940 magnis.
1538 880 1710 924 Omnes
1735 876 1907 924 Medici
1928 879 2060 942 periti
2080 895 2180 925 cum
2196 879 2322 929 diffi⁴²³

481 969 507 987 υ
530 945 693 991 cultate
720 945 949 990 curabant.
987 947 1081 1007 Ego
1113 961 1214 990 cum
1243 942 1505 990 flebotomia
1535 942 1579 989 in
1612 941 1802 1005 saphena
1821 975 1832 994 ,
1860 943 2102 1006 aliquando
2132 943 2177 990 in
2203 944 2319 992 basi-2

478 1033 506 1053 υ
526 1010 610 1056 lica
641 1009 943 1074 procedebam
971 1027 1072 1055 cum
1098 1008 1406 1071 digerentibus
1425 1043 1437 1060 ,
1466 1006 1756 1072 purgantibus
1780 1041 1791 1059 ‚
1824 1008 2006 1054 tandem
2035 1008 2320 1058 unctionibus

482 1097 509 1117 υ
530 1075 577 1121 in
599 1076 708 1121 locis
727 1072 975 1121 necessariis
992 1107 1004 1126 ‚
1029 1080 1072 1120 {Ec
1093 1073 1316 1121 durabant
1337 1074 1509 1138 pustulae
1530 1071 1657 1136 super
1678 1071 1915 1136 perso-nam
1937 1090 2148 1139 tanquam
2165 1073 2319 1140 lepro-

482 1166 507 1185 2⁸
529 1138 618 1186 sam
637 1174 650 1193 ,
680 1140 948 1186 variolosam
965 1174 977 1192 ‚
1003 1157 1081 1203 per
1108 1157 1269 1185 annum
1301 1144 1345 1185 δε
1375 1139 1469 1202 plus
1497 1136 1586 1183 sine
1610 1137 1858 1184 medicinis,
1968 1146 1974 1152 '

543 1209 773 1268 Leguntur
799 1205 972 1252 ibidem
1001 1205 1172 1268 aliquot
1202 1204 1290 1250 alise
1307 1203 1659 1251 Observationes
1678 1237 1689 1255 ‚
1721 1220 1816 1266 quae
1845 1203 1897 1248 ad
1927 1203 2047 1250 luem
2077 1221 2315 1251 veneream

481 1270 669 1334 perinde
697 1272 950 1335 pertinent,
968 1286 1016 1316 ut
1045 1270 1177 1316 carici
1205 1269 1521 1333 pudendorum
1555 1266 1631 1313 seu
1662 1267 1989 1315 ulcusculorum
2016 1287 2315 1316 venereorum

481 1335 617 1399 virgae
641 1335 825 1382 articulis
849 1354 920 1381 21.
942 1355 1018 1394 70.
1041 1354 1114 1395 72.
1138 1355 1215 1395 73.
1236 1354 1312 1396 75.
1344 1332 1602 1380 Phimoseos
1620 1349 1692 1378 aut
1711 1333 2071 1399 paraphimoseos
2089 1369 2102 1389 ,
2131 1338 2317 1381 articulis

486 1416 558 1447 20.
595 1420 665 1458 24.
704 1400 897 1447 Demum
917 1401 1152 1446 bubonum
1174 1417 1473 1446 venereorum
1490 1432 1502 1450 ,
1520 1401 1704 1444 articulis
1723 1418 1766 1456 7.
1795 1417 1867 1463 53.
1889 1418 1964 1461 54.

548 1465 768 1529 Equidem
797 1467 942 1513 nullus
972 1466 1134 1511 dubito
1163 1465 1270 1527 quin
1301 1483 1352 1511 ea
1373 1465 1544 1511 mentio
1574 1462 1809 1510 bubonum
1840 1481 2139 1510 venereorum
2157 1497 2170 1516 ‚
2197 1481 2313 1528 quos

482 1530 724 1577 Marcellus
745 1532 974 1577 Cumanus
994 1531 1016 1576 a
1043 1530 1083 1577 se
1107 1528 1366 1576 observatos
1392 1529 1529 1575 refert
1545 1562 1557 1581 ‚
1580 1527 1785 1574 videatur
1808 1529 1951 1592 prima
1968 1527 2119 1575 fronte
2145 1546 2245 1574 cum
2264 1530 2318 1576 iis

481 1613 681 1660 pugnare
699 1629 710 1647 ‚
737 1613 831 1659 quae
861 1595 987 1660 supra
1014 1596 1130 1641 dieta
1158 1594 1257 1640 sunt
1286 1594 1384 1640 Lib.
1411 1611 1440 1639 1.
1463 1599 1573 1658 Cap.
1598 1610 1656 1638 12.
1679 1593 1882 1641 ssuboues
1907 1611 2123 1641 venereos
2149 1592 2319 1641 scilicet

482 1677 575 1706 non
602 1660 717 1726 prius
735 1661 849 1707 visos
870 1660 994 1707 fuisse
1012 1661 1146 1724 quam
1165 1660 1282 1706 circa
1309 1676 1475 1704 annum
1511 1675 1644 1720 1530.
1674 1659 1760 1704 Sed
1787 1659 2043 1705 advertatur
2062 1659 2198 1705 velim
2228 1666 2280 1716 (a
2301 1666 2319 1719 )

472 1726 796 1787 'Observationes
824 1728 1035 1774 Marcelli
1062 1726 1120 1770 aa!
1148 1743 1260 1770 oram
1290 1729 1327 1770 C
1331 1725 1518 1786 hirnrgiae
1544 1726 1656 1768 Petri
1684 1723 1732 1769 de
1761 1722 1998 1787 Argelatd‚
2028 1723 2110 1786 quc}
2131 1723 2318 1769 utebatur

472 1793 744 1852 familiariter
762 1832 775 1846 ‚
796 1793 1021 1854 adscriptas
1031 1791 1147 1851 fuisse
1165 1789 1252 1836 sine
1273 1788 1471 1853 apposito
1492 1804 1610 1833 auno
1631 1793 1675 1834 ὃ(
1695 1788 1769 1835 die
1787 1823 1798 1841 ,
1824 1788 1853 1834 fi
1875 1805 2077 1852 quartam
2096 1789 2319 1853 excipias,

483 1875 576 1923 quae
598 1857 734 1904 modo
754 1857 941 1903 adducta
959 1857 1017 1902 est
1036 1874 1047 1909 ·,
1071 1861 1116 1901 &
1135 1855 1243 1901 inde
1261 1853 1500 1917 descriptas
1521 1851 1606 1900 effe
1626 1852 1649 1898 a
1670 1855 1870 1917 Georgio
1891 1854 2175 1917 Hieronymo
2191 1851 2319 1900 Vels-
2367 1869 2371 1872 ⁴

484 1922 588 1968 chio
607 1956 618 1973 ‚
637 1926 677 1967 in
693 1927 804 1977 cnjus
825 1939 962 1967 manus
975 1920 1077 1967 tiber
1092 1923 1159 1966 ille
1177 1920 1322 1978 aerefiw
1333 1933 1579 1983 pervenerat
1598 1957 1612 1971 ‚
1628 1918 1863 1982 editosque
1885 1921 2085 1982 Augustae
2106 1917 2318 1965 Vindeli-

484 2004 642 2033 corum
660 2003 776 2031 anno
799 1992 931 2031 1668.
951 1985 1071 2030 unde
1093 2000 1186 2030 tum
1215 1984 1406 2048 primum
1430 1983 1670 2029 Marcellus
1698 1984 1897 2029 innotuit
1919 1984 2037 2031 Orbi
2061 1983 2282 2029 litterario
2301 2016 2316 2036 ,

484 2051 533 2098 in
547 2068 636 2116 quo
660 2050 787 2096 antea
805 2049 1043 2113 planiffime
1070 2049 1361 2110 ignorabatur
1384 2048 1640 2105 :Quocirca
1670 2047 1770 2095 cum
1802 2048 1923 2094 nulla
1953 2048 2127 2093 ratione
2147 2047 2317 2111 liqueat

519 2134 576 2162 uo
602 2132 719 2161 anno
747 2113 915 2177 scriptae
942 2114 1021 2162 fint
1041 2113 1246 2160 Auctoris
1266 2113 1382 2158 illius
1402 2111 1754 2159 Observationes
1772 2144 1782 2162 ,
1810 2111 2047 2177 praesertim
2066 2112 2206 2158 modo
2226 2113 2319 2160 lau-

484 2133 596 2228 datae
614 2215 623 2231 ‚
655 2179 733 2226 ubi
759 2179 815 2227 de
840 2178 1098 2225 bubonibus
1126 2177 1329 2224 venereis
1356 2177 1527 2223 mentio
1551 2175 1629 2228 fit,
1659 2176 1853 2224 alienum
1883 2194 1974 2223 non
2002 2176 2149 2224 videri
2178 2176 2319 2243 scripn

486 2262 549 2293 tas
577 2245 662 2293 effe
687 2246 780 2310 post
805 2262 971 2291 annum
1001 2262 1013 2289 1
1033 2263 1048 2306 ς
1065 2262 1135 2305 30.
1158 2241 1258 2289 cum
1286 2258 1503 2306 repugnet
1529 2240 1796 2288 nullomodo
1815 2241 2080 2288 Marcellum
2098 2275 2111 2294 ,
2140 2243 2218 2306 qui
2245 2247 2318 2303 ju·-

486 2312 612 2358 venis
644 2312 777 2357 castra
808 2309 1074 2374 sequebatur
1107 2325 1227 2354 anno
1268 2325 1402 2369 ¹495·
1435 2309 1552 2353 inter
1581 2306 1710 2352 vivos
1740 2304 1866 2353 fuisse
1899 2324 2016 2353 anno
2057 2324 2190 2366 ¹530·
2221 2306 2316 2354 imo

482 2377 593 2424 vero
615 2375 778 2422 tardius
798 2394 807 2422 t
833 2380 897 2424 Ac
919 2373 1111 2440 proinde
1128 2390 1181 2419 ex
1196 2372 1281 2419 illis
1304 2372 1506 2419 Marcelli
1525 2370 1931 2420 observationibus
1947 2405 1959 2423 ‚
1981 2371 2058 2417 ubi
2078 2371 2316 2419 bubonum

483 2458 786 2488 venereorum
808 2440 980 2487 mentio
997 2438 1112 2485 facta
1129 2439 1189 2485 est
1206 2472 1218 2491 ,
1254 2436 1365 2483 nihil
1395 2437 1641 2500 quidquam
1661 2434 1780 2502 posse
1800 2435 1952 2502 colligi
1970 2469 1983 2490 ,
2014 2435 2139 2501 quod
2153 2436 2206 2484 iis
2234 2436 2318 2490 ade,

482 2505 684 2555 versetur
702 2522 797 2570 quae
815 2505 931 2553 dicka
951 2504 1048 2551 sunt
1067 2502 1194 2569 supra
1215 2502 1309 2550 Lib.
1333 2519 1362 2547 1.
1382 2508 1491 2566 Cap.
1512 2518 1570 2548 12.

543 2571 685 2620 Porro
702 2586 852 2619 autem
877 2570 1202 2636 qualecumque
1223 2567 1439 2627 judicium
1466 2565 1636 2614 feratur
1655 2566 1712 2614 de
1733 2564 1991 2613 bubonibus
2010 2565 2241 2619 venereis,
2270 2580 2315 2614 at

482 2638 604 2686 certe
625 2639 790 2685 constat
809 2636 962 2684 saltem
982 2634 1172 2683 verbum
1193 2649 1247 2679 ne
1266 2650 1402 2678 unum
1420 2631 1604 2697 quidem
1619 2632 1664 2680 in
1683 2631 1770 2678 illis
1788 2630 1994 2678 Marcelli
2010 2631 2313 2679 Observatio-

483 2703 613 2750 nibus
639 2720 790 2750 extare
818 2700 874 2749 de
916 2695 1188 2766 gonorrhoee‘i
1213 2696 1402 2743 venerea
1421 2730 1433 2749 ,
1473 2695 1592 2743 unde
1628 2696 1809 2743 videtur
1842 2695 2023 2760 egregie
2054 2695 2312 2744 confirmari

481 2785 577 2832 quae
606 2769 687 2813 loco
707 2765 833 2831 supra
863 2768 1030 2814 laudato
1049 2764 1107 2812 de
1125 2761 1296 2828 epocha³
1325 2759 1606 2826 gonorrhoeae
1631 2778 1831 2809 venereae
1858 2760 2051 2826 primum
2090 2759 2310 2809 nascentis

483 2831 705 2900 proposita
726 2831 838 2878 sunt.

545 2967 625 3012 Νι
647 2980 672 3009 c
694 2977 894 3010 OLAUs
932 2964 1341 3008 Lsomcx-:Nus
1365 2989 1378 3008 ‚
1412 2955 1703 3009 vicentinus,
1738 2970 1864 3002 natus
1898 2955 1982 3018 (b)
2011 2972 2131 3003 anno
2171 2957 2309 3013 142&

479 3028 760 3076 Medicinam
779 3026 981 3074 Ferratiae
1009 3025 1184 3091 publice
1216 3021 1428 3090 professus
1447 3023 1506 3069 est
1525 3031 1600 3069 60.
1635 3038 1772 3069 annos
1800 3026 1843 3068 ὃς
1873 3021 2057 3086 amplius
2075 3054 2088 3074 ,
2116 3015 2307 3088 primus-

480 3111 568 3158 que
592 3093 712 3140 varia
731 3091 1013 3159 Hippocratis
1031 3097 1077 3139 ὃς
1096 3089 1254 3138 Galeni
1273 3091 1427 3155 Opera
1446 3088 1602 3135 Latine
1621 3087 1937 3153 interpretatus
1954 3088 2306 3133 Commentariis

480 3157 728 3206 illustravit·⁹

546 3228 593 3271 A
620 3229 702 3287 (c)
731 3220 911 3288 pueritia?
925 3257 942 3276 ,
975 3218 1051 3267 imb
1073 3217 1105 3277 a,
1126 3218 1334 3271 cunabulis
1359 3219 1452 3282 ipfis
1475 3217 1535 3266 ad
1554 3235 1622 3286 30.
1642 3232 1792 3265 annum
1818 3213 1949 3263 morbo
1969 3211 2178 3263 Comitiali
2194 3208 2298 3266 ade&
