2477 3643
621 124 1595 180 LrisiznILCAPUTIII¹
1900 118 1963 192 ’ἣ

144 230 215 266 tur
231 233 244 270 3
263 214 294 261 si
314 213 425 260 citra
443 209 758 276 gonorrhoeam
779 215 823 256 ὃς
845 208 1068 256 ulcuscula
1089 242 1101 263 ‚
1122 208 1271 257 semen
1291 210 1363 255 vel
1386 208 1617 255 seminales
1647 207 1856 258 humores
1874 247 1887 267 ,
1916 216 1967 265 in

144 297 257 345 quos
282 277 630 324 concumbentes
653 275 808 321 mutub
826 273 1146 339 colliquescunt
1161 308 1173 327 ‚
1200 274 1410 338 contagio
1434 291 1629 320 venereo
1658 275 1800 320 multo
1818 277 1966 342 inqui..

148 360 310 393 nentur
326 376 338 394 ‚
360 342 481 389 tanto
500 340 670 388 facilius
687 340 793 386 inde
811 340 1068 404 contagium
1083 339 1487 386 communicabitur
1503 340 1668 385 ca’teris
1682 339 1872 402 paribus,
1891 363 1967 408 po„

148 407 353 456 tissimum
373 407 401 452 si
423 424 475 453 ex
498 405 703 470 spurcitie
720 406 933 452 haerenres
954 405 1165 451 virulenti
1190 405 1389 450 humoris
1409 404 1587 467 guttulae
1608 404 1654 448 in
1675 404 1809 450 illotis
1830 411 1966 470 parti,

148 474 228 520 bus
247 468 615 536 computrescant.
657 478 722 517 20.
758 473 819 515 Ex
837 471 1050 533 qualitate
1079 469 1279 527 eiusdem
1308 469 1482 516 seminii
1500 503 1512 521 ,
1545 468 1664 515 unde
1688 469 1807 515 virus
1840 490 1968 520 caete..

147 539 206 586 ris
228 536 404 602 paribus
425 535 548 581 tanto
575 534 744 581 facilius
772 535 1105 600 promptiusque
1128 534 1262 581 debet
1292 533 1573 597 introgredi,
1593 535 1762 597 quanto
1797 540 1970 586 tenuius

146 604 247 650 erit.
264 603 383 648 Hinc
401 600 429 646 si
449 601 567 646 virus
587 599 748 646 subtile
763 634 775 652 ‚
789 616 1024 663 penetrans
1039 634 1051 651 ,
1069 598 1295 646 fervidum
1312 599 1449 646 fuerit
1468 617 1520 645 ex
1541 601 1729 645 naturali
1747 600 1970 666 sanguinis

147 667 328 713 acrioris
359 666 498 718 vitio,
525 683 577 711 ex
606 664 850 711 immodica
883 664 1082 729 corporis
1110 665 1343 726 jactatione
1374 669 1420 709 δε
1451 661 1818 711 excandescentia
1841 708 1852 725 ‚
1876 687 1971 733 quat

148 731 440 777 concubitum
463 730 705 795 praecedat,
731 747 784 776 ex
803 730 1041 793 impotenti
1064 747 1217 776 amore
1234 763 1246 781 ‚
1268 745 1341 775 aut
1370 728 1580 776 salaciore
1609 729 1799 777 libidine
1819 767 1831 786 ,
1862 735 1971 782 inde

148 797 273 842 tanto
305 794 552 860 expeditius
577 794 852 857 celeriusque
869 812 946 858 per
966 793 1126 840 obvios
1149 811 1281 857 poros
1301 796 1348 840 in
1367 793 1518 840 sanum
1547 794 1876 862 introrumpet,
1903 816 1973 845 at-

147 879 236 926 que
262 860 377 907 adeo
407 861 675 922 contagione
697 859 820 905 tanto
838 858 998 905 certius
1017 858 1213 905 nocebit.
1969 902 1972 904 .

215 934 276 986 30.
306 925 406 971 Pari
432 926 605 971 ratione
623 924 907 971 conditiones
932 942 985 971 ex
1013 939 1136 988 parte
1162 923 1252 969 sani
1286 922 1360 970 seu
1395 924 1650 990 accipientis
1681 926 1973 976 desumendas

148 989 234 1037 effe
255 1009 307 1038 ex
326 989 501 1036 duobus
522 989 737 1053 capitibus
757 1007 768 1042 3
798 996 858 1033 10.
881 993 1060 1053 Nempe
1077 1006 1130 1035 ex
1151 988 1324 1034 textura
1340 990 1473 1053 partis
1490 1024 1502 1043 ,
1522 991 1609 1054 qua
1629 990 1747 1037 virus
1772 992 1971 1040 admitti-

149 1070 248 1108 tur,
275 1073 369 1119 quae
396 1054 426 1099 fi
455 1054 596 1101 rarior
619 1088 630 1106 ,
654 1054 833 1100 mollior
854 1086 867 1106 3
897 1055 1036 1116 magis
1056 1053 1290 1117 spongiosa
1307 1086 1319 1105 ‚
1346 1070 1419 1099 aut
1444 1061 1567 1101 erosa
1583 1090 1593 1107 ,
1619 1057 1808 1102 cuticula
1827 1058 1969 1105 denu-

149 1119 252 1165 data
271 1154 283 1171 3
307 1120 455 1166 ulcere
484 1118 626 1164 saucia
652 1118 702 1164 sit
718 1152 729 1170 3
750 1118 885 1164 debet
908 1118 1012 1164 ideo
1031 1119 1196 1164 caeteris
1213 1117 1390 1182 paribus
1412 1121 1534 1165 tanto
1554 1121 1731 1167 uberius
1750 1140 1973 1171 venenum

145 1184 378 1230 imbibere.
401 1183 511 1230 Inde
530 1185 589 1229 est
611 1183 732 1246 quod
752 1183 844 1228 lues
865 1182 1098 1229 celerrime
1119 1182 1404 1228 contrahatur
1418 1218 1430 1235 ,
1452 1183 1480 1230 si
1501 1185 1681 1231 balanus
1709 1188 1753 1231 in
1773 1188 1877 1234 viris
1898 1207 1974 1234 na-

149 1249 247 1295 tura
274 1249 415 1295 rarior
432 1282 445 1300 ‚
474 1246 653 1294 defecstu
674 1247 773 1293 satis
805 1247 957 1310 rigidae
984 1247 1220 1293 erectionis
1247 1247 1428 1294 mollior
1446 1282 1458 1300 ,
1483 1267 1557 1294 aur
1592 1250 1793 1297 erofione
1820 1253 1974 1316 quavis

146 1312 444 1378 superficiaria
463 1311 628 1357 saucius
647 1310 696 1357 sit
716 1330 727 1364 3
749 1311 779 1356 fi
801 1311 848 1356 in
873 1310 1068 1357 foeminis
1087 1312 1257 1375 vaginae
1278 1328 1353 1358 aut
1372 1313 1780 1379 vulvae·li1perficies
1802 1319 1943 1364 laxior
1958 1353 1973 1372 ‚

148 1379 289 1424 rarior
310 1411 324 1430 3
355 1376 486 1424 nimis
513 1376 746 1441 spongiosa
765 1410 778 1428 ,
807 1392 880 1422 aut
912 1377 1164 1423 exulcerata
1192 1376 1361 1430 fuerit3
1393 1377 1424 1423 fi
1450 1378 1497 1423 in
1524 1395 1715 1443 utroque
1743 1380 1843 1428 sexu
1870 1402 1975 1431 ure-

148 1442 278 1495 thra3
309 1443 505 1506 prostatae
521 1474 533 1494 3
565 1440 758 1488 vesiculae
784 1439 1026 1488 seminariae
1046 1459 1099 1488 ex
1117 1442 1231 1488 male
1251 1442 1398 1488 curata
1422 1445 1692 1506 gonorrhoefi
1713 1446 1797 1492 sint
1830 1448 1975 1495 adhuc

150 1507 358 1554 ulcerosae
378 1541 390 1559 3
417 1504 613 1568 fungosae
631 1539 643 1557 ,
670 1522 744 1551 aut
762 1505 957 1553 fistulosae
977 1540 988 1557 3
1013 1511 1101 1552 &a
1129 1515 1190 1552 2⁰.
1224 1510 1287 1553 Ex
1315 1506 1456 1571 spatio
1489 1511 1701 1574 temporis
1718 1545 1730 1563 ,
1758 1530 1849 1575 quo
1877 1531 1976 1577 pars

148 1589 328 1618 veneno
348 1570 592 1635 ingressuro
614 1570 825 1631 objicitur
844 1605 856 1623 3
887 1589 990 1616 narn
1011 1572 1101 1635 quo
1126 1571 1378 1618 diuturnius
1402 1572 1539 1620 fuerit
1555 1608 1567 1627 ,
1588 1576 1641 1622 eu
1656 1595 1834 1640 quoque
1852 1577 1977 1625 futu-

151 1654 249 1682 rum
270 1638 328 1683 est
349 1653 396 1682 ut
417 1635 582 1682 caeteris
603 1635 778 1697 paribus
798 1635 979 1682 uberior
1008 1636 1267 1682 admittatur
1285 1639 1449 1684 veneni
1469 1641 1702 1701 quantitas.
1729 1642 1850 1688 Hinc
1870 1643 1978 1690 ideo

151 1701 234 1747 luis
256 1701 467 1764 contagio
483 1699 752 1765 potiffimum
780 1700 966 1746 obnoxii
1000 1700 1123 1752 sunt,
1144 1702 1221 1764 qui
1239 1702 1283 1748 in
1307 1720 1516 1749 venerem
1546 1704 1697 1769 segnes
1728 1707 1800 1753 vel
1818 1706 1976 1771 frigidi

151 1783 261 1830 opus
284 1765 409 1811 tarde
439 1765 683 1812 conficiunt
700 1798 712 1816 ,
742 1780 814 1825 aut
842 1766 919 1829 qui
941 1783 987 1811 re
1005 1767 1179 1829 peradisi
1199 1767 1297 1812 vasa
1314 1784 1404 1813 non
1430 1767 1584 1814 eluunt
1616 1776 1661 1816 δὲ
1689 1770 1943 1836 abstergunt
1958 1807 1973 1826 ‚

150 1831 367 1896 praecipue
387 1829 417 1876 si
436 1830 639 1893 longiore
666 1830 879 1894 praeputio
907 1830 1088 1876 balanus
1113 1831 1350 1895 obtegatur
1378 1832 1426 1878 in
1445 1833 1552 1879 viris
1567 1868 1579 1886 3
1600 1852 1671 1882 aut
1692 1837 1721 1882 si
1742 1836 1976 1884 latioribus

149 1896 363 1960 pterygiis
397 1894 553 1941 ostium
591 1894 761 1957 vaginae
800 1894 1061 1941 occludatur
1095 1896 1142 1940 in
1178 1896 1467 1951 mulieribus,
1496 1898 1699 1965 adeoque
1723 1900 1977 1951 nidulantes

149 1960 388 2025 superstitis
409 1959 607 2023 contagii
626 1959 807 2021 guttula:
825 1959 1090 2024 pertinacius
1111 1961 1400 2008 retineantur.

212 2033 279 2083 40.
312 2027 599 2089 Quapropter
620 2023 649 2068 fi
671 2024 822 2069 omnia
850 2024 931 2070 sint
962 2026 1080 2089 paria
1104 2043 1156 2072 ex
1186 2042 1307 2090 parte
1333 2026 1487 2073 infesti
1518 2028 1590 2075 vel
1620 2028 1789 2077 infestae
1808 2065 1821 2085 3
1855 2032 1973 2096 peri-

151 2089 250 2143 cula
276 2089 558 2153 contagionis
585 2088 730 2134 futura
758 2089 843 2136 effe
866 2090 1060 2137 invicem
1082 2090 1127 2135 in
1148 2092 1318 2138 ratione
1337 2092 1503 2139 direesta
1536 2094 1848 2143 conditionum
1880 2116 1974 2161 quae

151 2154 249 2201 sunt
270 2172 320 2201 ex
342 2170 464 2219 parte
490 2154 696 2200 sanorum
724 2154 793 2199 vel
821 2153 1022 2202 sanarum
1044 2175 1054 2207 3
1078 2154 1106 2200 fi
1128 2156 1237 2202 vero
1257 2158 1411 2204 omnia
1435 2158 1555 2222 paria
1582 2159 1749 2206 fuerint
1774 2179 1828 2208 ex
1849 2179 1974 2227 parte

150 2219 243 2266 sani
264 2219 336 2266 vel
356 2219 464 2265 sanae
483 2253 495 2271 ,
514 2219 712 2282 pericula
729 2218 887 2265 eadem
905 2219 1051 2266 futura
1077 2221 1162 2267 esse
1182 2221 1298 2269 inter
1329 2220 1372 2268 se
1405 2223 1454 2268 in
1482 2223 1656 2270 ratione
1676 2225 1841 2273 diretsta
1862 2246 1973 2273 con-

150 2285 375 2330 ditionum
393 2302 487 2347 quae
506 2283 606 2328 sunt
627 2301 679 2329 ex
699 2299 822 2348 parte
842 2283 1109 2331 insectorum
1130 2285 1201 2332 vel
1227 2285 1489 2333 infectarum
1508 2307 1518 2341 3
1539 2288 1720 2335 demum
1754 2290 1785 2336 si
1819 2296 1976 2341 cuneta

150 2349 233 2394 sint
253 2348 475 2412 utrimque
492 2348 678 2412 imparia
693 2381 705 2399 3
728 2349 1007 2411 contagionis
1031 2350 1224 2413 pericula
1244 2350 1392 2398 futura
1423 2351 1509 2399 esse
1528 2353 1575 2399 in
1594 2354 1766 2402 ratione
1785 2374 1975 2421 compo-

152 2412 228 2458 fitfi
255 2430 308 2458 ex
334 2412 580 2459 rationibus
601 2412 779 2458 directis
798 2447 810 2464 ‚
832 2428 924 2459 tuin
947 2415 1261 2461 conditionum
1279 2434 1373 2479 quae
1404 2415 1502 2463 sunt
1534 2436 1586 2465 ex
1615 2435 1740 2481 parte
1767 2421 1973 2469 sanorum

149 2492 227 2523 aut
245 2476 557 2530 sanarum3tum
575 2477 886 2523 conditionum
900 2497 994 2542 quae
1006 2478 1105 2525 sunt
1120 2498 1171 2526 ex
1187 2496 1310 2544 parte
1326 2480 1594 2529 infestorum
1609 2483 1678 2530 vel
1693 2485 1972 2533 iiifeetarum.

214 2549 275 2603 50.
313 2542 432 2586 Hinc
464 2558 572 2604 ergo
604 2542 816 2605 explicari
837 2544 1076 2590 commode
1108 2562 1185 2590 cur
1208 2545 1290 2591 sint
1310 2546 1383 2592 alii
1414 2548 1492 2610 qui
1515 2550 1770 2611 contagium
1808 2549 1971 2597 facilli-

151 2605 224 2651 me
246 2606 510 2651 contrahant
527 2606 595 2650 vel
616 2624 668 2652 ex
686 2606 897 2653 leviffima
919 2608 1147 2655 occasione
1165 2644 1177 2661 ‚
1209 2611 1283 2656 alii
1315 2612 1422 2658 vero
1448 2614 1525 2675 qui
1552 2612 1773 2660 difficilius
1797 2614 1897 2662 licet
1923 2618 1969 2663 in

153 2670 393 2717 discrimen
417 2670 634 2734 saepissime
658 2670 746 2716 sese
778 2673 1047 2731 conjiciant,
1074 2674 1147 2718 alii
1177 2674 1359 2721 demum
1393 2679 1470 2739 qui
1499 2676 1760 2724 difficillime
1792 2685 1838 2726 &
1873 2680 1968 2727 fere

150 2749 426 2797 numquam?
455 2738 549 2781 Cur
581 2734 764 2798 quidam
785 2736 944 2798 quibus
970 2737 1045 2783 diu
1069 2738 1286 2786 innocuus
1317 2742 1376 2787 est
1400 2743 1574 2788 veneris
1608 2741 1706 2789 usus
1739 2761 1840 2790 cum
1876 2763 1967 2792 ma-

152 2799 270 2844 xime
302 2800 612 2845 contaminatis
633 2833 644 2850 3
669 2800 876 2846 morbum
900 2802 1102 2849 celeriter
1130 2804 1384 2868 concipiant
1402 2839 1413 2857 ,
1434 2805 1464 2850 fi
1493 2824 1592 2852 cum
1620 2807 1713 2853 aliis
1736 2808 1875 2855 levius
1895 2812 1966 2855 in-

152 2862 276 2908 seetis
304 2864 566 2910 misceantur
602 2875 614 2908 ἓ
647 2866 740 2910 Cur
777 2867 1009 2918 nonnulli,
1036 2867 1113 2929 qui
1150 2886 1251 2913 cum
1286 2868 1460 2915 infedtis
1492 2888 1586 2916 rem
1616 2871 1691 2917 diu
1718 2872 1968 2920 habuerunt

152 2927 243 2973 fine
262 2928 377 2973 noxa
396 2962 408 2980 ,
434 2929 539 2974 dein
567 2944 715 2973 tamen
735 2929 899 2992 absque
927 2931 1014 2975 ulla
1037 2931 1186 2976 morbi
1207 2932 1450 2981 acceffione
1469 2934 1523 2979 ab
1541 2935 1710 2982 eisdem
1728 2937 1968 3000 aliquando

152 2993 400 3044 vitientur,
428 2992 598 3055 aliaque
623 2992 931 3054 hujuscemodi
961 2994 1148 3057 plutima
1179 2995 1456 3059 problemata
1474 3031 1486 3049 3
1515 2998 1568 3043 ad
1600 3017 1789 3063 quorum
1822 3019 1970 3049 tamen

150 3055 421 3102 solutionem
445 3056 559 3102 haud
588 3074 745 3120 parum
764 3057 873 3102 lucis
901 3058 1166 3110 conserent,
1196 3077 1290 3122 quae
1323 3061 1370 3106 in
1397 3061 1598 3125 sequenti
1629 3066 1771 3129 capite
1805 3085 1974 3131 propo-

153 3137 317 3167 nentur
355 3137 448 3167 tum
480 3121 537 3168 de
569 3121 941 3186 multiplicatione
975 3122 1150 3171 seminii
1174 3126 1356 3176 venerei
1385 3125 1518 3175 semel
1544 3126 1758 3195 suscepti,
1792 3147 1885 3178 tum
1915 3131 1973 3180 de

148 3185 536 3251 multiplicationis
553 3185 709 3235 modo.

2066 947 2186 984 Modo
2203 955 2249 991 eg

2015 1011 2116 1051 parte
2145 999 2220 1037 sani

2018 1057 2075 1088 len
2105 1053 2205 1088 acci-

2016 1103 2139 1155 pientis
2163 1116 2249 1142 tan—

2020 1169 2115 1194 tum.

2060 2052 2177 2089 Modo
2206 2067 2252 2096 ex

2021 2117 2120 2153 parte
2136 2118 2222 2144 am-

2021 2156 2166 2196 borum.

2040 2569 2134 2608 Hinc
2148 2584 2249 2624 patet

2015 2633 2150 2672 quanta
2176 2638 2249 2663 va-

2012 2674 2122 2710 rietas
2152 2677 2222 2716 effe

2014 2724 2139 2762 deb-*at
2170 2733 2202 2766 in

2015 2781 2244 2830 contagionis

2013 2830 2124 2865 mOdO
2139 2860 2150 2874 2
2170 2839 2245 2885 qu‘i

2011 2882 2084 2918 lues
2097 2895 2244 2927 venerea

2012 2945 2202 2988 propaga-

2014 2996 2083 3029 {Ui}
