2477 3643
722 111 970 160 [infin
1032 117 1067 160 1.
1135 114 1401 162 capu-r
1467 115 1596 162 ΙΙΙ,
2031 125 2066 176 ἒ

229 189 378 262 quales
395 192 440 242 in
461 195 678 242 comitatu
697 195 945 259 Cleopatrae
967 193 1180 258 plurimos
1210 193 1337 241 fuisse
1356 209 1528 240 certum
1557 195 1616 241 est
1632 227 1644 247 ,
1667 197 1804 261 Epod.
1828 215 1870 256 9.
1890 198 1965 247 sed
1982 202 2062 264 qui

228 261 345 327 apud
364 266 591 308 Romanos
620 259 748 305 invisi
772 258 943 324 semper
974 258 1126 312 fuere,
1160 264 1206 305 δε
1226 259 1277 305 ea
1305 259 1545 324 praesertim
1576 275 1714 306 aetate.
1752 263 1889 309 Certe
1910 263 2064 311 nobis·-

231 344 332 372 cum
368 326 475 372 facit
504 328 926 372 commentatorum
960 323 1105 370 turba.
1151 328 1320 370 Demus
1351 340 1499 370 tamen
1529 325 1739 371 morbum
1771 326 1898 373 illum
1927 362 1939 380 ‚
1968 348 2060 393 quo

228 391 478 456 Cleopatrae
503 389 662 436 asseclae
699 405 847 452 turpes
879 405 1034 441 erant,
1067 405 1160 435 non
1187 389 1348 435 vitium
1380 391 1578 454 corporis
1608 391 1808 436 virilium
1839 393 2060 441 excifione

228 455 402 501 illatum
417 489 431 509 ,
462 455 537 502 sed
561 453 770 500 morbum
788 453 913 500 fuisse
932 454 1110 518 proprie
1129 453 1297 500 dictum
1314 473 1325 507 ·,
1343 456 1449 518 quid
1472 455 1579 501 inde
1596 468 1609 500 Ξ
1626 458 1696 500 An
1718 456 1823 502 ideo
1844 458 2061 504 continuo

222 519 425 566 futurum
451 522 509 565 est
534 536 581 564 ut
601 518 781 564 morbus
801 519 877 565 ille
895 519 988 565 lues
1004 536 1199 565 venerea
1214 516 1380 565 fuerit?
1403 520 1515 583 Logi
1535 538 1585 565 ac
1605 537 1735 566 merae
1758 538 1896 585 nugae.
1924 524 2061 580 Quasi

226 586 338 631 vero
370 586 620 649 Cleopatra:
653 584 856 645 Eunuchi
888 583 1077 629 obnoxii
1105 601 1199 628 non
1225 583 1394 630 fuerint
1421 584 1591 630 morbis
1621 584 1830 631 omnibus
1859 620 1873 640 ‚
1901 587 2063 650 quibus

227 650 373 695 caeteri
400 650 604 696 homines
627 648 875 711 subjacent3
892 648 1062 694 morbis
1082 647 1285 712 plurimis
1318 648 1682 713 spurciffimisque
1699 684 1710 702 ,
1730 651 1810 713 qui
1834 651 1857 696 εὶ
1880 653 2062 699 mutila-

228 715 354 760 tione
376 715 647 779 proveniunt
664 732 675 766 ·,
702 714 871 760 morbis
891 714 1087 776 denique
1105 730 1197 758 non
1215 716 1364 777 paucis
1381 730 1512 777 atque
1532 715 1780 778 turpissimis
1799 749 1811 767 ‚
1830 717 1907 779 qui
1926 735 2064 780 gene-

229 780 315 824 rari
343 777 485 825 solent
506 779 714 825 muliebri
732 778 970 844 patientia,
993 777 1274 842 Spadonibus
1294 780 1401 825 olim
1426 779 1557 825 nimis
1578 778 1816 833 familiari,
1836 783 1912 843 qui
1930 817 1941 835 ‚
1959 785 2067 830 teste

228 844 452 906 Gregorio
472 845 766 891 Nazianzeno
796 848 837 889 in
856 844 1083 908 Epitaphio
1103 845 1251 906 Basilii
1269 847 1432 907 Magni
1448 883 1463 899 ‚
1489 848 1592 891 inter
1618 848 1801 892 mulieres
1819 851 1908 893 viri
1928 887 1943 902 ,
1963 851 2067 894 inter

228 915 343 954 viros
365 912 544 954 mulieres
575 923 706 954 eram.

292 980 356 1017 20.
393 973 604 1020 Similiter
624 972 910 1037 quantumvis
931 988 1093 1020 vexent
1110 972 1402 1037 posteriorem
1421 973 1572 1021 locum
1590 974 1801 1028 Horatii,
1822 992 2066 1039 numquam

229 1036 426 1084 efficient
443 1072 454 1091 ‚
477 1054 525 1084 ut
541 1039 631 1084 duo
652 1038 788 1086 verba
808 1071 820 1090 ‚
842 1055 936 1101 qua:
959 1039 1015 1084 de
1037 1038 1197 1083 morbo
1218 1056 1436 1104 campano
1457 1058 1533 1104 per
1559 1040 1797 1086 ridiculum
1820 1041 2031 1089 dicuntur
2046 1077 2061 1097 ,

227 1120 424 1165 quorum
444 1103 705 1166 significatio
738 1103 884 1167 potuit
916 1102 1065 1148 forsan
1087 1103 1197 1149 olim
1220 1119 1326 1149 nota
1355 1102 1440 1150 effe
1459 1138 1472 1156 ,
1496 1104 1572 1151 sed
1591 1123 1683 1168 quae
1703 1123 1821 1151 nunc
1840 1105 2028 1153 obscura
2046 1141 2061 1161 ,

225 1167 399 1214 incerta
417 1201 429 1220 ,
450 1168 656 1231 ambigua
687 1168 782 1213 sunt
799 1201 812 1218 >
831 1172 880 1212 &
914 1167 1038 1212 tanto
1072 1167 1256 1230 quidem
1276 1169 1415 1231 magis
1434 1202 1446 1221 ,
1463 1169 1587 1232 quod
1616 1169 1830 1232 nusquam
1859 1170 1965 1216 alibi
1992 1174 2061 1219 le·-

229 1249 420 1295 gantur,
446 1233 755 1296 antiquitatem
788 1231 871 1276 luis
897 1249 1098 1278 venereae
1131 1233 1370 1285 evincant,
1395 1233 1442 1278 in
1470 1251 1604 1297 quam
1639 1250 1837 1298 pugnant
1867 1251 1934 1280 tot
1965 1238 2062 1283 evi-

227 1297 380 1343 dentia
402 1297 625 1343 rationum
645 1312 920 1359 argumenta.
941 1295 1173 1342 Desudent
1187 1330 1199 1349 ‚
1221 1313 1268 1343 ut
1287 1297 1481 1344 lubuerit
1498 1332 1510 1351 ,
1526 1299 1817 1345 Grammatici
1835 1300 1882 1345 in
1899 1318 2063 1348 eruen-

229 1361 291 1407 do
327 1361 414 1407 loci
447 1361 572 1407 sensu
593 1381 602 1407 ε
624 1364 808 1408 credant
841 1360 915 1405 alii
953 1379 1055 1407 cum
1085 1362 1303 1422 Dionysio
1335 1364 1558 1410 Lambino
1585 1363 1796 1410 morbum
1830 1365 1969 1412 animi
2006 1367 2061 1413 ab

230 1427 425 1472 Horatio
448 1426 712 1491 exprobrari
739 1425 870 1471 nimis
891 1425 1158 1473 familiarem
1186 1428 1428 1491 Campanis
1447 1462 1458 1480 ‚
1480 1427 1557 1492 qui
1582 1428 1722 1474 habiti
1747 1428 1846 1475 sunt
1874 1448 1952 1476 ore
1976 1431 2063 1477 im-

229 1509 344 1556 puro
369 1507 500 1554 atque
525 1493 689 1538 incesto
714 1511 723 1536 ι
747 1505 903 1554 putent
921 1491 997 1536 alii
1018 1509 1120 1537 cum
1151 1492 1331 1538 Laevino
1356 1493 1601 1539 Torrentio
1625 1493 1835 1540 morbum
1863 1498 2062 1560 corporis

227 1556 446 1618 designari
475 1557 523 1602 in
551 1556 796 1621 Campania
816 1573 1103 1603 communem
1121 1589 1133 1608 ‚
1152 1575 1287 1620 quem
1318 1557 1543 1605 lichenem
1562 1561 1704 1604 Graeci
1718 1593 1730 1611 ‚
1748 1560 2061 1624 impetiginem

229 1621 377 1667 Latini
400 1622 640 1675 dicebant3
663 1640 715 1668 ea
733 1638 887 1686 parum
918 1620 1010 1685 ipse
1032 1639 1140 1667 curo
1161 1655 1172 1674 ,
1195 1622 1334 1667 modo
1354 1623 1485 1669 liceat
1515 1641 1616 1669 cum
1649 1624 1894 1671 dotstissimo
1916 1630 2062 1673 Dace-

230 1687 301 1731 rio
332 1686 602 1733 concludere
634 1705 778 1745 meras
808 1685 893 1733 effe
919 1686 1135 1750 ineptias,
1164 1686 1194 1732 fi
1225 1687 1346 1734 locus
1379 1688 1456 1735 ille
1489 1688 1545 1736 de
1567 1690 1640 1735 lue
1669 1690 1861 1737 venerea
1891 1690 2062 1738 intelli-

236 1767 378 1814 gatur,
640 1748 646 1766 ⁸
1287 1767 1292 1773 ·

295 1823 357 1877 30.
389 1815 538 1862 Multo
559 1814 703 1861 minus
727 1831 886 1879 anceps
909 1817 968 1862 est
990 1813 1136 1861 sensus
1154 1816 1243 1862 loci
1263 1849 1275 1869 ‚
1306 1817 1481 1880 queme
1509 1818 1725 1871 Iuvenale
1744 1818 1952 1874 laudant,
1983 1822 2061 1869 sed

229 1897 464 1945 eapropter
486 1881 610 1926 tanto
631 1880 792 1925 certior
810 1881 857 1925 in
872 1880 1161 1927 adversarios.
1192 1881 1353 1945 Liquet
1385 1882 1507 1928 enim
1526 1884 1597 1930 vel
1620 1882 1825 1946 oscitanti
1839 1903 1932 1931 non
1953 1887 2059 1934 ideo

229 1947 254 1993 a*
277 1945 494 1999 Iuvenale
517 1945 750 1991 Medicum
782 1944 1087 1992 subridentem
1113 1946 1299 1998 induci,
1321 1946 1430 1993 dum
1453 1948 1631 1994 tumidae
1664 1949 1856 1996 mariscae
1883 1950 2063 1997 caedun-

228 2027 298 2057 tur
316 2045 328 2063 ‚
347 2010 470 2074 quod
488 2010 606 2056 luem
628 2028 864 2056 veneream
881 2011 989 2057 inde
1007 2027 1213 2074 argueret
1229 2045 1241 2062 ,
1261 2011 1317 2057 de
1337 2012 1424 2075 qua
1444 2029 1501 2058 ne
1520 2016 1591 2076 ’γρῦ
1611 2013 1795 2077 quidem
1811 2049 1822 2065 ,
1847 2015 1920 2062 sed
1936 2016 2060 2079 quod

228 2075 367 2142 probe
398 2076 669 2138 intelligeret
694 2073 896 2121 mariscas
915 2092 1033 2139 aegro
1070 2075 1278 2122 muliebri
1310 2077 1523 2140 patientia
1554 2079 1735 2124 obortas
1756 2077 1867 2133 esse,
1899 2097 1946 2126 ut
1971 2081 2063 2146 ipsa

229 2142 385 2206 podicis
405 2144 561 2187 laevims
582 2139 680 2185 satis
700 2139 940 2186 indicabat.
974 2142 1201 2199 Quocirca
1218 2144 1356 2187 Po‘e'ta
1374 2159 1465 2188 non
1483 2142 1809 2190 dedecorosum
1827 2146 2033 2192 morbum
2046 2181 2062 2199 ‚

231 2222 282 2251 ut
313 2205 378 2250 illi
414 2221 569 2269 putant
587 2239 599 2257 ‚
637 2204 712 2251 sed
742 2204 1006 2269 turpissimos
1042 2224 1186 2254 mores
1215 2211 1261 2253 δε
1294 2206 1621 2272 improbissimae
1663 2209 1870 2273 nequitiae
1904 2211 2064 2274 plenos

239 2271 437 2317 carmine
459 2270 728 2333 perstringit.

294 2343 363 2391 40.
399 2338 498 2381 Nec
527 2335 613 2380 alio
635 2333 761 2381 sensu
782 2333 1040 2399 accipienda
1076 2333 1173 2382 sunt
1207 2335 1427 2383 Martialis
1445 2334 1629 2384 disteria
1658 2337 1705 2382 in
1733 2337 1890 2384 ficosos
1908 2371 1921 2390 ‚
1950 2358 2064 2405 quos

231 2399 382 2465 paffim
413 2398 648 2446 insectatur
682 2415 893 2463 tanquam
924 2400 1125 2463 pathicos
1154 2406 1201 2447 δε
1234 2401 1473 2448 muliebria
1491 2403 1580 2467 pati
1609 2402 1771 2448 solitos.
1811 2404 1931 2449 Hinc
1952 2423 2063 2469 ergo

233 2463 436 2529 profesto
460 2465 823 2510 concludendum
842 2466 900 2510 est
921 2466 1180 2512 melioribus
1199 2467 1532 2514 auctoritatibus
1551 2468 1738 2514 omnino
1766 2468 1968 2524 destitui,
1986 2471 2065 2534 qui

236 2529 499 2594 opinionem
522 2545 610 2575 tam
632 2529 748 2576 caffis
770 2545 989 2577 conantur
1007 2532 1304 2579 statuminare.

759 2715 1230 2770 CAPUT
1331 2720 1546 2773 III.

237 2835 510 2889 Diluuntur
549 2849 835 2905 argumenta
878 2850 1078 2896 caetera,
1115 2854 1217 2908 quae
1248 2853 1337 2909 pro
1366 2837 1673 2905 stabilaeendd
1714 2840 1815 2892 luis
1852 2857 2063 2893 venerea

824 2913 1128 2982 antiquitate
1150 2912 1494 2982 preferuntur.

236 3036 238 3039 ’
337 3034 470 3080 Rima.
502 3031 798 3078 Contendunt
828 3031 949 3077 luem
979 3049 1219 3079 veneream
1252 3033 1308 3079 ab
1340 3033 1632 3098 Elephantiasl
1672 3041 1953 3091 Graecorum,
1991 3038 2066 3086 seu

337 3097 478 3169 Lepta
514 3096 712 3142 Arabum
739 3095 989 3143 nullatenus
1024 3089 1235 3150 differre,
1265 3104 1310 3144 δε
1347 3098 1426 3144 sub
1459 3101 1806 3165 elephantiaseos
1835 3121 1908 3154 aut
1936 3105 2067 3170 leprae
2110 3126 2123 3151 t

2133 3066 2340 3115 Arguimu-

2128 3127 2190 3151 um
2224 3129 2301 3166 prl-

213 3172 432 3229 OEgiomme
448 3162 557 3210 olim
577 3178 733 3210 notam
753 3159 879 3210 fuisse
897 3195 913 3217 ,
932 3161 1132 3230 adeoque
1152 3162 1270 3213 hunc
1293 3163 1507 3221 morbum
1523 3167 1571 3214 in
1595 3167 1708 3220 orbe
1729 3170 1878 3216 nostro
1905 3188 1999 3219 non
2020 3188 2069 3219 re
2110 3169 2341 3214 mumssueff,

1816 3237 1851 3292 R
