2477 3643
415 152 523 219 332⁹
761 142 1929 197 DE‘MORBISVENEREIS.

420 253 488 285 tes
519 236 544 283 εὶ
574 233 715 282 tribus
757 234 813 280 ad
843 233 914 281 sex
946 231 1080 279 libras
1111 227 1196 276 effe
1225 243 1332 291 puto
1372 259 1384 279 ,
1424 243 1530 289 quas
1557 226 1900 290 ultracitraque
1927 243 2118 291 nequeat
2146 231 2286 278 rec-W

420 318 518 348 tum
555 300 801 347 consistere.
852 299 899 345 Si
937 296 1057 343 enim
1087 294 1227 339 fluxus
1258 290 1377 336 infra
1406 289 1541 337 libras
1587 307 1675 338 tres
1724 291 1915 338 subfistat
1940 325 1952 345 ‚
1994 309 2121 357 aequo
2161 296 2246 341 mi-

421 384 507 415 nor
534 365 707 413 futurus
738 365 795 410 est
815 396 828 415 ,
858 368 903 408 ὃ(
933 361 1011 424 qui
1045 356 1314 405 debellando
1347 355 1506 401 morbo
1539 357 1651 419 aegre
1680 375 1756 420 par
1786 357 1870 410 fit,
1900 356 1979 402 nisi
2000 376 2076 422 per
2099 359 2247 423 plures

424 431 521 479 dies
552 445 834 496 prorogetur.
877 426 955 472 Sin
982 423 1089 471 verb
1110 421 1224 468 ultra
1244 420 1316 467 sex
1338 419 1577 467 invalescat
1594 453 1606 472 ‚
1631 420 1795 467 fortior
1808 455 1828 475 .‚
1858 438 1940 468 nec
1969 441 2100 486 quem
2131 442 2246 487 aeger·

426 496 559 543 facile
586 496 779 541 tolerare
804 489 930 555 posfit
961 506 1037 553 per
1062 485 1279 533 sufficiens
1306 485 1480 532 dierum
1505 484 1691 549 spatium
1721 518 1734 538 ,
1759 502 1809 531 ut
1835 487 2019 532 morbus
2053 489 2248 552 extirpe-

428 579 513 610 tur.
550 561 694 607 Potest
721 573 866 603 autem
897 552 1169 600 salivationis
1197 551 1357 614 gradus
1384 568 1474 596 non
1504 550 1642 595 niodo
1668 550 1850 613 praesens
1870 569 1923 597 ex
1945 551 2250 629 effluentiffisa-

427 629 525 674 livae
551 623 678 689 copia
694 619 889 668 aestimati
905 653 919 672 ‚
948 617 1023 665 sed
1047 617 1181 664 etiam
1203 615 1374 661 futurus
1395 633 1448 661 ex
1468 614 1668 660 ulcerum
1684 648 1696 665 ‚
1724 632 1818 676 quae
1839 617 1887 661 in
1905 634 1983 662 ore
2004 617 2248 682 pullulant,

427 693 510 740 fitu
528 723 540 742 ‚
574 705 763 735 numero
782 718 793 738 ‚
825 685 967 748 gradu
990 682 1088 728 satis
1106 683 1203 727 tuto
1222 678 1429 744 praenosci
1445 713 1456 731 ‚
1480 696 1527 724 ut
1549 678 1841 742 explicabitur
1861 680 1990 726 infra.

489 764 552 801 20.
587 754 630 800 Si
657 749 910 816 ptyalisrnus
939 747 1123 794 modum
1148 744 1351 792 debitum
1378 760 1524 790 teneat
1545 778 1556 796 ‚
1584 761 1667 789 nec
1694 743 1952 789 excitandus
1971 778 1984 797 ,
2010 763 2094 791 nec
2123 749 2251 793 coe’t-

430 819 622 869 cendus,
654 816 728 863 sed
756 833 846 861 uno
870 819 916 860 δε
944 812 1107 860 eodem
1137 827 1292 857 tenore
1317 808 1537 856 fovendus
1567 810 1624 855 est
1642 825 1718 873 per
1752 808 1845 856 dies
1885 826 1954 872 15.
1983 815 2053 855 18.
2076 829 2147 856 zo.
2175 830 2249 874 25.

428 899 564 952 prout
583 882 767 928 uberior
785 879 858 926 vel
877 878 1048 944 parcior
1068 876 1218 922 fuerit.

493 949 537 995 Si
565 947 672 994 vero
701 944 954 1010 ptyalismus
972 941 1145 989 exceffu
1174 954 1327 1005 peccet
1349 943 1395 983 &
1426 937 1586 983 nimius
1606 935 1689 983 esse
1715 937 1921 984 videatur
1936 972 1947 990 ‚
1969 937 2253 1003 compescen-

430 1013 514 1060 dus
538 1014 597 1059 est
624 1018 671 1057 &
698 1011 753 1056 ad
782 1009 985 1056 debitum
1013 1006 1200 1052 modum
1225 1003 1529 1055 revocandUS‚
1566 1010 1625 1047 10.
1659 1004 1880 1049 Detraclis
1907 1003 2131 1049 tibialibus
2148 1037 2159 1056 ,
2184 1003 2254 1050 fe-

433 1076 678 1125 moralibus
697 1110 711 1128 ,
742 1074 916 1122 induslo
937 1107 950 1126 ,
983 1072 1174 1134 lectique
1205 1069 1353 1115 linteis
1373 1101 1386 1120 ‚
1417 1085 1512 1131 quae
1544 1067 1598 1112 ab
1633 1066 1746 1113 illito
1777 1070 2010 1114 Mercurio
2041 1067 2254 1115 sordent:

435 1154 499 1190 20.
521 1141 713 1190 Deterfis
726 1141 817 1186 oris
836 1137 1068 1185 ulcusculis
1084 1142 1130 1182 δε
1145 1136 1306 1181 attactu
1325 1133 1501 1194 collyrii
1522 1131 1758 1178 Lanfranci
1774 1133 1978 1180 co'e'rcitis
1995 1153 2003 1178 τ
2032 1143 2091 1194 30.
2110 1134 2258 1180 Adhi-

432 1209 538 1257 bitis
556 1207 691 1254 etiam
707 1241 719 1257 ,
740 1204 770 1251 sl
790 1221 899 1270 opus
916 1202 1053 1249 fuerit
1072 1235 1083 1253 ,
1103 1199 1354 1247 catharticis
1368 1232 1380 1250 ‚
1401 1215 1495 1261 quae
1513 1214 1683 1261 partem
1705 1197 1879 1262 limphae
1899 1204 1941 1244 δέ
1961 1199 2257 1260 lx'lercuriigad

434 1293 484 1323 os
503 1270 787 1337 impetuosius
807 1267 1087 1316 tendentium
1107 1264 1258 1313 versus
1280 1262 1498 1310 inferiora
1517 1262 1758 1308 divertant.

496 1342 528 1384 E
551 1336 706 1384 contra
726 1335 755 1380 s1
778 1333 1029 1399 ptyalismus
1050 1330 1227 1377 defeetu
1244 1328 1495 1394 peccaverit
1514 1332 1558 1372 &
1576 1328 1699 1390 aequo
1715 1327 1888 1391 parcior
1903 1328 1953 1374 s1t
1969 1363 1981 1381 ‚
2001 1329 2141 1375 calcar
2161 1345 2259 1376 tor-

432 1404 559 1470 penti
593 1401 822 1447 Mercurio
858 1395 1163 1443 adhibendum
1202 1396 1261 1441 est
1288 1393 1415 1438 novis
1454 1392 1711 1455 iteratisque
1749 1391 2060 1447 friCtionibus,
2095 1412 2255 1459 nempe

432 1468 553 1516 sexta
568 1501 580 1518 ,
610 1464 792 1530 septima
808 1498 820 1516 ,
845 1462 1001 1509 oCtava
1028 1466 1115 1507 &c.
1145 1459 1221 1506 sed
1247 1458 1297 1505 ea
1316 1474 1465 1503 tamen
1492 1458 1698 1503 cautione
1717 1474 1810 1502 non
1830 1459 1929 1503 ante
1949 1459 2261 1504 administran-

431 1536 501 1581 dis
519 1567 530 1585 ,
556 1531 689 1595 quam
718 1547 770 1577 ex
799 1528 1037 1574 observato
1064 1525 1153 1571 oris
1186 1526 1292 1569 statu
1312 1521 1555 1568 constiterit
1574 1521 1816 1584 largiorem
1839 1522 2146 1571 salivationem
2165 1542 2259 1571 non

433 1595 753 1663 expediandam
773 1593 858 1640 else
875 1626 887 1645 ,
908 1591 984 1637 nifi
1008 1590 1126 1636 nova
1147 1589 1365 1634 Mercurii
1389 1586 1621 1633 additione
1643 1586 1906 1632 concitetur.

499 1671 560 1723 30.
590 1661 656 1708 Sic
678 1676 787 1721 ergo
809 1676 860 1705 ex
893 1655 1112 1721 ptyalismi
1133 1653 1270 1700 modo
1294 1671 1341 1698 ac
1363 1650 1574 1716 praesente
1596 1651 1685 1697 oris
1704 1653 1809 1696 statu
1830 1650 2090 1697 salivatoriae
2110 1652 2261 1699 thera-

435 1728 542 1795 peiae
569 1743 710 1772 canon
734 1730 777 1770 &
798 1723 912 1769 ordo
940 1720 1152 1786 perpetuo
1172 1717 1434 1781 dirigendus
1459 1717 1518 1763 est
1535 1749 1548 1768 ‚
1576 1716 1641 1761 uti
1673 1715 1781 1761 solet
1811 1733 1863 1763 ex
1885 1716 2076 1780 inspecta
2096 1717 2258 1781 pyxide

436 1791 613 1840 nautica
638 1788 784 1836 cursus
805 1787 987 1848 navigii.
1017 1785 1137 1830 Hinc
1167 1783 1295 1829 unice
1324 1782 1496 1845 liquere
1522 1782 1661 1845 potest
1691 1780 1949 1828 standumne
1974 1781 2019 1826 in
2048 1782 2261 1829 adminis-

438 1856 595 1904 tranda
616 1850 925 1916 hydrargyrofi
946 1885 956 1903 ‚
986 1869 1039 1896 an
1061 1846 1400 1910 procedendum
1419 1845 1491 1892 vel
1513 1844 1888 1892 retrocedendum
1906 1845 1956 1891 fit
1972 1880 1984 1898 ,
2000 1862 2129 1910 atque
2148 1847 2262 1894 adeo

433 1941 492 1969 ea
513 1923 571 1966 est
590 1919 773 1964 indubia
792 1916 1033 1963 curationis
1053 1931 1212 1959 norma
1228 1945 1240 1964 ‚
1259 1912 1282 1957 a
1303 1910 1391 1975 qua
1410 1909 1439 1955 fi
1459 1927 1540 1956 nec
1563 1910 1811 1957 temeritate
1833 1928 1916 1957 nec
1933 1911 2265 1959 inconsideran-

436 1987 502 2034 tia
524 1985 793 2048 quicumque
828 1980 1061 2027 commiffae
1086 1977 1395 2040 aegrotantium
1420 1974 1543 2020 saluti
1574 1974 1762 2038 provide
1785 1975 2000 2027 consulit,
2028 1976 2262 2024 aberrave-

441 2054 502 2099 tit
522 2067 745 2112 unquam,
772 2063 863 2093 non
892 2046 950 2091 est
982 2061 1058 2089 cur
1080 2043 1234 2088 timeat
1254 2040 1340 2086 ulla
1371 2040 1418 2087 in
1446 2040 1687 2085 curationis
1713 2039 1849 2084 stadio
1880 2038 2128 2086 infortunia
2147 2075 2160 2094 ,
2193 2042 2266 2089 vel

441 2117 595 2165 saltem
617 2131 692 2158 cur
711 2110 865 2175 gravia
886 2110 1038 2155 timeat
1054 2141 1066 2160 ,
1090 2113 1135 2152 δέ
1157 2124 1247 2169 quae
1271 2104 1429 2170 poffint
1448 2120 1582 2166 aegros
1602 2105 1648 2148 in
1669 2101 1907 2149 discrimen
1930 2105 2169 2164 conjicere.

172 2199 399 2241 „menum
506 2189 574 2238 40.
604 2178 821 2223 Ulcerum
838 2208 850 2227 ‚
871 2192 965 2238 quae
985 2174 1031 2219 in
1052 2190 1130 2219 ore
1149 2170 1365 2217 Mercurii
1385 2168 1578 2215 efficacia
1599 2168 1710 2213 fiunt
1727 2201 1739 2219 ,
1767 2173 1810 2213 <Sc
1836 2168 1994 2231 quibus
2010 2170 2264 2232 ptyalismus

170 2252 285 2297 situs,
324 2263 403 2303 quae
448 2259 739 2311 promovetur
757 2275 769 2293 ‚
790 2238 961 2286 diversa
989 2237 1103 2284 ratio
1136 2235 1342 2282 habenda
1373 2235 1431 2279 est
1460 2251 1541 2297 pro
1561 2232 1741 2279 diverso
1772 2231 1852 2278 situ
1881 2251 2013 2296 quem
2032 2235 2078 2279 in
2098 2253 2175 2281 ore
2198 2254 2267 2282 te-

168 2307 207 2363 ‘iri
220 2317 280 2362 9¹⁶·
296 2304 401 2348 5²¹¹*ss
449 2325 571 2359 nent.
600 2308 699 2354 Alia
718 2306 837 2353 enim
865 2303 1040 2350 inutilia
1060 2300 1156 2347 sunt
1172 2334 1184 2352 ‚
1204 2299 1296 2345 imo
1315 2296 1589 2363 periculosa-3
1608 2298 1734 2343 utilia
1750 2297 1832 2343 alia
1851 2303 1895 2343 &
1917 2298 1940 2342 a
1959 2299 2153 2362 periculo
2174 2319 2269 2346 om-

162 2357 384 2449 ’ἒὲέξὲξξὲἷ
446 2377 494 2422 ni
522 2391 671 2422 vacua.
704 2372 781 2417 ula
806 2369 989 2433 quidem
1014 2367 1139 2414 omni
1166 2383 1251 2430 ope
1282 2380 1412 2428 atque
1436 2362 1571 2427 opera
1590 2363 1727 2425 quam
1751 2363 1982 2409 celerrime
2012 2364 2268 2412 cohibenda

221 2456 234 2462 ²
390 2436 396 2445 ’
447 2443 546 2489 sunt
564 2474 576 2492 ,
604 2444 648 2484 δέ
677 2437 732 2483 ad
765 2434 1017 2481 cicatricem
1050 2430 1282 2482 ducenda,
1313 2446 1360 2475 ut
1387 2446 1481 2491 qua:
1513 2445 1675 2475 nocere
1703 2427 1858 2492 possint
1883 2446 1892 2472 z
1916 2431 1948 2472 E
1977 2430 2131 2475 contra
2159 2431 2269 2476 verb

445 2507 537 2554 haze
558 2503 650 2550 tota
676 2500 916 2548 curationis
943 2497 1129 2564 periodo
1149 2495 1311 2543 blande
1339 2492 1539 2542 fovenda
1557 2525 1570 2546 ,
1595 2508 1643 2538 ut
1669 2492 1692 2538 a
1716 2492 1876 2558 quibus
1904 2491 2174 2541 salivationis
2201 2511 2269 2542 te-

447 2590 533 2620 nor
555 2567 818 2632 dependeat.

516 2643 576 2697 50.
607 2633 676 2678 Ad
697 2632 891 2696 priorem
915 2627 1105 2692 speciem
1123 2622 1358 2672 referenda
1375 2621 1473 2668 sunt
1491 2654 1503 2673 ,
1538 2629 1597 2667 10.
1633 2624 1934 2685 Quaecumque
1962 2623 2050 2668 fine
2080 2621 2271 2671 utilitate

449 2700 626 2748 molesta
651 2697 747 2741 sunt
766 2729 778 2747 ‚
801 2711 847 2740 ut
873 2692 1120 2742 ulcuscula,
1140 2707 1234 2753 quae
1258 2687 1373 2735 labia
1402 2686 1627 2749 superiora
1654 2686 1727 2732 vel
1755 2686 1969 2733 inferiora
1996 2706 2007 2740 3
2041 2687 2233 2751 palatum
2254 2707 2266 2742 3

451 2767 619 2830 apicem
641 2795 654 2813 ,
684 2758 866 2805 dorsum
893 2758 964 2803 vel
990 2755 1255 2802 inferiorem
1280 2751 1440 2798 faciem
1459 2751 1618 2813 linguae
1641 2755 1728 2795 δεε-
1758 2766 2007 2814 occupant,
2045 2752 2162 2798 unde
2183 2753 2270 2799 do·-

451 2829 541 2876 cuit
569 2825 840 2890 experientia
859 2839 995 2885 aegros
1014 2820 1135 2868 inani
1157 2818 1316 2865 dolore
1337 2816 1439 2879 angi
1463 2821 1507 2861 δι’
1525 2813 1797 2866 excruciari,
1818 2814 1906 2861 fine
1929 2834 2140 2878 promotae
2168 2817 2270 2863 sali..

450 2893 644 2942 vationis
674 2889 995 2936 emolumento.
1032 2893 1093 2932 20.
1127 2886 1431 2944 Quaecumque
1461 2879 1747 2926 incommoda
1774 2877 1873 2924 sunt
1908 2897 2007 2925 cum
2039 2882 2235 2944 periculo
2255 2913 2270 2933 ,

449 2978 497 3007 ut
519 2955 738 3004 ulcuscula
765 2971 858 3017 quae
879 2951 1079 3015 gingivas
1100 2947 1391 3013 depascuntur
1412 2979 1424 2998 ,
1448 2945 1567 2990 unde
1595 2944 1794 2991 dentium
1818 2944 2038 2990 vacillatio
2067 2951 2111 2991 δέ
2143 2945 2269 3009 spon-

448 3041 602 3072 taneus
625 3019 741 3066 casus
759 3038 770 3070 3
788 3035 880 3080 quae
903 3014 1146 3063 c'olumellae
1166 3018 1210 3059 &
1231 3011 1408 3057 tonsillis
1428 3008 1515 3057 five
1532 3009 1794 3073 paristhmiis
1807 3009 1997 3054 insident
2016 3043 2026 3060 ‚
2046 3009 2163 3055 unde
2183 3007 2268 3053 dist

448 3090 619 3137 ficultas
648 3081 924 3146 deglutiendi
955 3099 966 3133 3
997 3097 1090 3143 qua:
1122 3080 1168 3125 in
1194 3076 1342 3123 radice
1366 3076 1523 3137 linguae
1553 3074 1737 3125 adsunt,
1762 3073 1882 3119 unde
1906 3068 2269 3120 inflammatorius

450 3155 607 3216 linguae
636 3164 783 3194 tumor
800 3180 810 3197 ,
832 3145 907 3207 qui
931 3147 1052 3190 vocis
1075 3143 1201 3190 usum
1232 3139 1458 3202 intercipit
1477 3158 1488 3188 ς
1510 3155 1603 3200 quae
1634 3137 1729 3202 ipsis
1754 3138 2027 3189 maxillarum
2064 3134 2266 3181 commis-

452 3216 556 3268 suris
582 3213 755 3266 interne
780 3207 1071 3262 adnascuntur
1092 3212 1212 3271 juata
1233 3203 1434 3260 tenchnes
1451 3202 1750 3254 musculorum
1769 3200 2091 3252 mansoriorum
2108 3233 2121 3253 ,
2141 3215 2271 3258 nem,
2325 3242 2329 3244 ,
