2477 3643
616 103 1641 155 L1nnn111.CA1›u·rlv.·
1908 118 2004 176 '195

181 207 246 260 pae
275 189 358 236 lini
388 186 532 236 farina
549 220 562 242 ‚
581 187 838 251 'oleumque
859 185 1187 234 lumbricorum
1213 184 1480 232 terrestrium
1516 183 1590 232 vel
1614 182 1813 234 liliorum
1842 190 2007 239 admis-

183 271 348 307 ceatur.

243 329 309 380 40.
329 317 467 378 Quod
490 316 520 363 si
540 316 586 363 in
606 315 688 363 hac
715 312 856 381 primz'i
879 314 1028 363 morbi
1045 315 1236 381 periodo
1255 314 1386 362 dolor
1408 314 1575 363 acutius
1594 314 1832 366 discruciet
1846 350 1859 370 ,
1878 334 2008 367 uten-

182 387 288 433 dum
315 382 553 430 narcoticis
571 416 584 434 ,
610 398 656 428 ut
686 381 843 446 syrupo
875 381 932 428 de
963 382 1175 429 diacodio
1191 416 1204 436 ‚
1231 381 1288 428 de
1313 380 1483 428 karabe
1504 415 1518 434 ‚
1546 380 1740 428 laudano
1767 415 1781 434 ‚
1819 382 2009 431 tineturz'i

184 449 391 512 anodyna
420 455 506 494 δίε.
540 445 632 492 dost
651 447 968 494 conveniente.

253 524 314 578 50.
343 513 622 560 Remittente
637 511 1002 558 inflammationis
1021 543 1033 562 ‚
1057 529 1105 556 ac
1124 509 1317 574 proinde
1339 508 1478 558 febris
1501 514 1547 556 &
1575 508 1744 556 doloris
1762 511 2012 559 veliemen-‘

184 578 276 632 titi,
302 595 414 642 aeger
453 577 545 624 leni
578 576 823 623 cathartico
855 575 1107 641 purgandus
1134 577 1192 621 est
1221 609 1233 627 ,
1265 593 1312 620 v.
1339 592 1382 638 g.
1414 575 1557 621 diluto
1589 574 1748 621 decem
1772 575 2011 624 drachma-

183 661 283 690 rum
309 644 382 689 vel
410 642 545 689 unciae
562 642 691 688 unius
711 647 755 687 ὃς
777 641 950 689 semissis
970 639 1174 687 medullae
1201 639 1333 686 cassiae
1351 641 1400 686 in
1419 638 1503 702 seri
1520 639 1640 686 lastis
1655 640 1858 704 depurati
1876 641 1954 688 lib,
1973 646 2006 706 j.

184 726 268 774 pro
293 706 468 754 duobus
499 706 734 753 haustibus.
1812 722 1816 729 s

238 781 306 819 60.
338 776 468 819 Tunc
489 772 663 836 possunt
691 770 780 817 fine
801 769 997 835 periculo
1017 769 1251 816 admoveri
1274 768 1579 834 cataplasmata
1599 768 1758 815 leviter
1779 769 2010 830 resolven-⁴

185 837 247 884 tia
262 871 274 889 ‚
302 836 418 884 inter
435 854 530 900 quae
555 837 756 883 laudatur
776 836 960 899 sequens
978 868 991 888 ,
1011 853 1064 882 ex
1085 850 1278 898 quatuor
1303 833 1458 881 farinis
1481 833 1820 882 resolventibus.

251 917 306 958 ει.
372 907 409 949 F
413 906 522 948 arin.
558 902 739 948 Hordei.

555 970 824 1030 Lupinorum.

549 1035 668 1078 Foem'
687 1033 822 1095 graeci.

547 1100 607 1140 Et
638 1097 796 1141 Secalis
826 1109 908 1139 ana
941 1091 1038 1158 {ij-

371 1160 545 1205 Seminis
582 1164 745 1204 Cumin.
779 1159 989 1221 pulverat.
1024 1156 1119 1222 ⁴313.

307 1227 409 1285 Coq.
432 1227 474 1267 in
498 1239 607 1284 aqna
628 1241 761 1268 comm.
789 1221 1031 1282 adformam
1047 1225 1171 1286 pultis
1189 1220 1379 1286 spiffioris
1394 1259 1409 1276 ,
1431 1221 1601 1284 admisce
1627 1222 1700 1269 olei
1724 1221 2012 1274 lumbricorum

301 1285 331 1352 ᾗ
353 1292 363 1347 j
382 1285 427 1332 ss.
443 1290 496 1331 F.
513 1289 796 1350 Cataplasma.

243 1352 469 1397 Laudatur
494 1368 675 1414 quoque
700 1369 752 1398 ea
772 1367 896 1398 terrae
925 1350 1111 1396 cimoliae
1132 1350 1295 1417 species
1313 1385 1325 1403 ‚
1341 1368 1435 1414 qua:
1456 1350 1683 1415 colligitur
1704 1352 1751 1397 in
1770 1349 1903 1395 situlis
1923 1350 2013 1396 cul·⁶

185 1416 451 1467 uariorum,
483 1420 527 1461 ὃ(
555 1434 649 1478 quae
671 1415 784 1461 cotis
812 1421 859 1462 δε
888 1414 999 1461 ferri
1018 1417 1226 1462 ramentis
1246 1416 1542 1468 constat3haec
1575 1416 1699 1481 supra
1727 1416 1913 1462 linteum
1931 1434 2012 1462 exa

187 1480 347 1546 pansa,
372 1499 420 1526 ac
440 1479 593 1527 debite
617 1480 823 1528 (aletheia
851 1481 1041 1526 tumenti
1060 1481 1257 1527 testiculo
1287 1498 1387 1526 cum
1411 1480 1599 1528 successu
1619 1482 1902 1528 admovetur.

248 1555 314 1604 70.
340 1549 438 1598 Iam
466 1563 648 1609 quoque
675 1546 722 1591 in
754 1545 879 1592 usum
907 1546 1004 1592 tuto
1023 1547 1198 1610 possimt
1222 1545 1434 1592 advocari
1471 1547 1778 1593 anti-venerea
1798 1561 2015 1608 quaecume·

185 1627 273 1673 que
299 1611 474 1657 interne
494 1609 665 1675 sumpta
683 1645 695 1663 ‚
715 1629 810 1674 quae
829 1612 950 1657 virus
976 1628 1220 1658 venereum
1249 1610 1480 1660 alterando
1512 1610 1712 1657 nativam
1743 1609 1901 1657 semini
1923 1608 2014 1655 lice-2

184 1675 306 1721 renti
336 1674 603 1721 fluiditatem
630 1674 788 1739 possint
811 1676 1051 1722 restituere.
1078 1676 1165 1723 Sed
1193 1676 1285 1722 haec
1317 1675 1457 1740 repeti
1487 1675 1661 1740 possunt
1691 1693 1744 1723 ex
1779 1693 1873 1739 cap.
1904 1690 2014 1738 prae-

190 1739 379 1787 cedente
397 1773 408 1791 ‚
431 1739 509 1785 ubi
529 1741 577 1785 de
596 1739 854 1804 govzorrhoed.
2038 1798 2044 1802 Ι

245 1809 312 1851 8⁰.
345 1805 553 1850 Tandem
586 1804 775 1850 resoluta
803 1804 974 1851 testium
1004 1802 1360 1852 inflammatione
1391 1802 1578 1869 superest
1607 1802 1896 1868 utplurimum
1929 1799 2015 1848 du-

187 1869 310 1915 rities
332 1869 534 1932 quaedam
550 1902 562 1920 ‚
584 1873 724 1927 major
740 1869 945 1915 minorve
963 1902 975 1921 ‚
994 1867 1228 1933 praesertirn
1248 1870 1294 1914 in
1314 1869 1673 1934 epididymidum
1693 1868 1862 1930 angulis
1879 1902 1891 1920 ,
1918 1883 2016 1930 quae

190 1932 245 1979 ab
265 1934 475 1980 indurato
500 1932 811 1998 inspiffatoque
837 1932 1004 1980 semine
1038 1934 1255 1997 procedit.
1286 1935 1404 1981 Huic
1435 1933 1722 1981 discutiendae
1749 1933 1884 1978 multa
1915 1931 2016 1996 pos-

190 1997 289 2044 sunt
309 1999 566 2046 conducere
586 2032 598 2051 ,
627 2008 688 2043 10.
721 1999 925 2045 Inune'tio
946 2017 997 2044 ex
1019 1996 1212 2045 balsamo
1239 1998 1414 2045 sulfuris
1440 1998 1664 2045 succinato
1685 2033 1696 2050 ‚
1721 1997 1792 2044 vel
1824 2015 1876 2044 ex
1906 1996 2017 2043 oleis

186 2064 446 2110 mastichino
491 2097 504 2116 ,
553 2079 733 2111 rutaceo
779 2070 824 2111 &
861 2064 1125 2110 menthaceo
1166 2082 1248 2109 ema
1289 2064 1525 2110 commistis
1556 2098 1568 2115 ,
1614 2069 1659 2110 ὃς
1696 2061 1726 2107 fi
1757 2063 1818 2108 ita
1856 2061 2016 2108 videa-

189 2143 261 2174 tur
280 2163 292 2181 ,
324 2127 475 2175 addita
506 2129 607 2175 cerzi
633 2128 857 2194 paululum
891 2129 1120 2193 inspiflatis
1155 2129 1202 2174 in
1227 2128 1422 2175 formam
1453 2129 1685 2192 unguenti.
1725 2136 1788 2173 20.
1817 2125 2018 2191 Emplas-

188 2194 386 2241 trumde
408 2195 516 2257 vigo
546 2194 882 2258 quadruplicato
904 2194 1136 2240 Mercurio
1154 2228 1166 2246 ‚
1188 2194 1469 2258 emplastrum
1495 2195 1552 2240 de
1575 2193 1689 2239 ranis
1710 2210 1811 2238 cum
1834 2195 2017 2238 Mercu-

188 2258 258 2303 rio
277 2293 289 2310 ,
319 2258 597 2323 emplastrum
619 2259 674 2305 de
700 2259 843 2305 cicut'a
862 2293 873 2311 ,
898 2259 1177 2322 emplastrum
1204 2259 1497 2305 diabotanum
1525 2265 1612 2304 &a
1633 2275 1726 2321 quae
1746 2257 1920 2322 possunt
1942 2256 2017 2304 vel„

189 2320 365 2368 seorsim
382 2357 394 2375 ‚
415 2323 484 2370 vel
513 2324 598 2369 unzi
628 2323 751 2369 simul
773 2323 823 2369 ea
841 2323 927 2386 qu&
949 2324 1144 2369 lubuerit
1164 2324 1456 2387 proportione
1488 2338 1732 2387 temperata
1751 2356 1763 2375 ,
1792 2322 2017 2386 applicari„

196 2395 261 2448 30.
297 2388 500 2434 lnunfflo
534 2387 713 2453 simplex
742 2406 842 2434 cum
867 2388 1126 2434 Mercuriali
1165 2383 1568 2453 seu⁶Neapolitano
1597 2403 1827 2450 unguento
1845 2420 1857 2439 ,
1882 2386 2018 2432 iden-

192 2452 333 2497 tidem
363 2452 603 2516 repetenda
628 2470 728 2498 cum
749 2452 911 2499 debitis
944 2453 1123 2499 cautelis
1140 2488 1151 2506 ‚
1174 2471 1230 2499 ne
1251 2454 1504 2518 ptyalismus
1524 2453 1782 2499 advocetur.
1818 2460 1886 2509 40.
1917 2450 2017 2496 Iino

188 2517 298 2563 vero
323 2516 484 2562 omiffis
523 2516 844 2564 resolventibus
872 2516 1134 2563 fortioribus
1169 2552 1181 2570 ‚
1224 2519 1333 2564 mira
1376 2517 1649 2583 quandoque
1687 2518 1883 2581 praestant
1924 2514 2017 2560 sola

191 2581 430 2629 relaxantia
461 2596 508 2628 ut
541 2582 820 2646 emplastrum
856 2584 913 2630 de
941 2582 1308 2646 mucssaginibus,
1348 2584 1404 2631 de
1432 2583 1649 2648 spermate
1674 2582 1760 2629 ceti
1791 2581 1862 2627 vel
1888 2597 2017 2626 ranas

193 2663 291 2691 rum
329 2652 417 2692 &c-

256 2719 319 2766 90.
356 2711 476 2756 Dum
497 2728 549 2757 ea
574 2709 844 2762 adhibentur
870 2712 1165 2758 medicamina
1184 2746 1195 2764 ‚
1228 2711 1395 2759 debent
1418 2710 1602 2758 testiculi
1624 2707 1900 2773 suspensorio
1920 2709 2013 2755 cin-2
2074 2707 2076 2709 ’

193 2776 298 2836 gulo
331 2776 553 2821 contineri
572 2810 584 2828 ,
615 2793 669 2821 ne
690 2774 903 2823 inaffiteto
926 2778 1126 2840 pondere
1150 2775 1248 2822 vasa
1265 2777 1525 2841 spermatica
1544 2774 1730 2822 nimium
1749 2773 2014 2827 distrahant,

195 2845 240 2884 δι’
266 2840 506 2885 extendant
526 2874 537 2890 ,
554 2856 683 2902 atque
705 2841 808 2886 ideo
831 2841 904 2905 ipsi
927 2842 1099 2887 obstent
1120 2841 1379 2886 resolutioni
1403 2841 1575 2887 seminis
1595 2858 1685 2902 quo
1705 2853 1897 2900 turgent.

244 2921 257 2948 1
272 2914 336 2950 0⁰.
355 2904 490 2962 Qiod
508 2904 536 2947 si
557 2905 766 2949 adhibitis
785 2904 998 2950 incassum
1020 2907 1227 2951 remediis
1242 2906 1455 2966 anodynis
1472 2939 1484 2956 ‚
1502 2902 1823 2951 resolventibus
1839 2936 1851 2955 ,
1873 2900 2017 2947 disca-0

197 2968 410 3015 tientibus
432 3003 444 3019 ,
470 2966 767 3013 inflammatus
789 2970 901 3014 testis
927 2970 972 3013 in
994 2968 1275 3033 suppuratum
1296 2985 1451 3032 vergat
1470 3003 1482 3021 ‚
1507 2969 1630 3032 quod
1653 2983 1773 3032 patet
1793 2984 1845 3013 ex
1865 2966 2018 3030 plilega

196 3050 352 3084 mones
381 3033 672 3079 diuturnitate
706 3039 751 3078 &
788 3051 841 3079 ex
866 3030 1214 3098 symptomatum.
1232 3035 1614 3097 redintegratione
1633 3067 1645 3086 ,
1666 3050 1759 3096 quae
1779 3033 1894 3096 puris
1913 3049 2019 3076 con«

195 3096 437 3144 fectionem
462 3098 669 3143 comitari
696 3097 833 3152 solet3
857 3115 959 3144 tunc
982 3099 1142 3145 iterato
1177 3116 1296 3146 venae
1325 3099 1527 3155 stelionis
1557 3096 1665 3149 usu,
1695 3095 1724 3141 fi-
1758 3095 1903 3142 morbi
1938 3113 2019 3142 ve-

200 3161 427 3212 hementia
453 3164 514 3210 ita
533 3162 709 3227 exigat,
747 3163 1072 3212 continuandus
1100 3167 1158 3213 est
1177 3164 1275 3214 usus
1304 3164 1660 3230 cataplasmatum
1693 3160 2022 3209 emolliendum

1671 3226 1803 3290 ΒΜ,-
