2477 3643
730 117 1677 165 L1Bz11111.CAnurl.'
1964 133 2059 188 '157

228 208 346 256 ergo
376 192 424 238 in
452 191 533 244 iis,
555 191 632 255 qui
660 211 713 240 ex
741 195 919 259 impuro
949 195 1191 241 concubitu
1225 194 1538 258 gonorrhoeam
1568 197 1838 244 contrahunt
1856 232 1868 251 ‚
1910 200 2059 248 semen

231 274 480 319 caeteraque
511 255 737 304 seminalia
758 259 894 304 fluida
913 258 1136 320 inquinari
1157 259 1211 305 ab
1232 259 1421 305 admistis
1450 259 1689 324 infusisque
1720 263 1913 326 partibus
1947 267 2060 312 acri-

238 323 316 369 bus
338 355 349 374 ,
384 321 651 386 phlogisticis
670 356 681 374 ,
717 329 763 368 &
798 322 1030 369 corrosuris
1051 357 1063 376 ‚
1086 343 1179 388 qua:
1199 326 1222 370 e
1246 324 1472 370 virulento
1511 325 1763 372 alterutrius
1801 330 2059 377 coeuntium

234 384 402 433 semine
426 385 679 433 exhalantes
697 421 709 439 ,
732 393 777 433 &
803 407 902 434 cum
932 387 1034 432 sano
1063 391 1203 435 altero
1229 389 1565 435 communicatae
1595 407 1805 436 venereum
1826 391 1935 436 illud
1964 412 2060 439 con-

237 455 388 514 tagium
418 451 688 497 constituunt
708 453 935 517 tantopere
964 450 1184 499 famosum
1202 487 1214 505 ‚
1234 471 1324 517 quo
1347 452 1501 500 seusun
1520 471 1763 519 propagato
1785 456 1902 502 luem
1925 474 2061 503 vene-

235 532 358 561 ream
377 514 648 562 dilleminari
674 517 799 580 supra
831 519 1023 563 diximus
1053 518 1149 564 Lib.
1184 536 1221 563 2.
1250 533 1339 580 cap.
1378 535 1409 562 1.
1443 523 1491 564 δε
1517 520 1639 582 quod
1672 521 1849 566 unicam
1886 521 2060 567 causam

233 577 500 626 efficientem
547 582 824 643 gonorrhceae
855 589 900 629 &
933 597 1193 628 caeterorum
1234 581 1470 629 affestuum
1502 601 1800 631 venereorum
1842 584 1927 632 effe
1961 603 2059 633 cre-

230 643 390 689 dimus.

293 710 438 755 Potest
461 724 607 756 autem
637 709 756 756 virus
784 710 891 756 illud
927 710 1084 758 semini
1112 729 1161 756 ac
1192 711 1471 758 seminalibus
1500 711 1648 758 fluidis
1678 713 1955 761 commisceri
1984 714 2055 760 vid

232 773 411 834 gemina
434 793 442 818 :
471 771 623 820 Alterd
653 774 837 820 breviore
859 781 903 820 δε
931 776 1135 822 faciliore
1154 809 1166 827 ‚
1193 775 1280 839 qua
1305 777 1350 820 in
1373 777 1470 823 viro
1491 777 1675 839 quidem
1694 778 1718 823 a
1738 795 1955 844 corrupta:
1974 777 2054 825 foe-

231 837 359 882 minae
383 838 543 901 vagina
568 839 624 884 ad
653 839 862 900 genitalia
891 857 969 903 per
990 840 1217 887 urethram
1242 838 1440 886 ascendit
1470 843 1518 887 in
1539 840 1771 888 substantia
1799 844 1870 890 vel
1899 843 2052 890 saltem

233 903 378 948 tenuis
413 919 525 948 aurae
568 903 712 950 forma
750 922 760 956 5
805 905 852 948 in
881 906 1067 952 muliere
1106 905 1214 950 vero
1241 904 1294 949 ab
1328 908 1466 966 eJ'ecto
1499 910 1545 951 &
1577 906 1693 952 intra
1725 908 1931 972 vaginam
1970 909 2051 954 ad-

232 966 359 1012 misso
377 968 575 1031 corrupti
596 968 727 1014 maris
750 967 916 1015 semine
944 970 994 1014 ad
1020 970 1164 1015 vicina
1184 969 1361 1015 seminis
1389 969 1589 1015 foeminei
1616 974 1932 1037 conceptacula
1952 972 2051 1019 illa-

235 1029 357 1077 bitur
374 1034 442 1079 vel
461 1032 635 1078 exhalat
659 1037 884 1094 :Longiore
905 1034 1042 1079 altere?
1064 1072 1076 1087 ,
1101 1034 1188 1096 qua
1213 1035 1412 1095 corrupti
1440 1033 1616 1080 seminis
1645 1038 1823 1097 guttula:
1841 1038 1951 1084 sanis
1973 1055 2052 1101 ge-

232 1095 444 1142 nitalibus
476 1114 554 1160 per
586 1097 756 1142 coitum
787 1097 1000 1160 applicita:
1034 1131 1046 1150 ‚
1073 1116 1121 1142 ac
1155 1115 1233 1161 per
1265 1095 1528 1162 multiplices
1556 1117 1690 1163 poros
1727 1101 1878 1147 sensim
1908 1103 2055 1149 intro-

231 1159 403 1221 greffae,
431 1160 689 1224 sanguinem
718 1161 1029 1207 circumfluum
1064 1161 1257 1225 primum
1278 1195 1289 1213 ‚
1322 1180 1370 1207 ac
1399 1162 1505 1209 inde
1532 1163 1708 1210 maffam
1736 1165 1957 1229 sanguinis
1985 1184 2057 1214 to-

233 1240 323 1269 tam
343 1226 403 1270 ita
419 1225 624 1270 inficiunt
642 1258 654 1276 ‚
686 1240 734 1270 ut
761 1224 919 1270 semini
939 1260 951 1278 ‚
978 1226 1082 1271 dum
1108 1227 1155 1271 iu
1185 1226 1397 1288 sanguine
1423 1227 1558 1278 latet,
1588 1245 1769 1293 propter
1801 1233 2053 1295 analogiam

229 1287 423 1333 confusae
440 1322 452 1341 ,
486 1290 570 1334 una
595 1289 719 1334 simul
740 1290 797 1334 ad
824 1306 1070 1335 memorata
1090 1291 1408 1355 conceptacula
1435 1291 1693 1339 deferantur
1710 1327 1723 1345 ,
1752 1293 1828 1339 ubi
1852 1295 1929 1341 fibi
1951 1316 2056 1361 per-

232 1353 363 1397 milla:
384 1354 497 1399 vires
519 1353 609 1399 suas
638 1370 826 1401 exerunt
851 1371 908 1400 eo
929 1389 941 1406 ‚
973 1373 1063 1417 quo
1090 1359 1177 1416 jam
1203 1355 1369 1400 dietum
1388 1357 1460 1401 vest
1479 1390 1491 1407 ‚
1521 1357 1675 1402 modo.
1706 1361 1923 1405 Neutram
1951 1362 2055 1423 qui-

229 1417 333 1463 dem
356 1435 411 1463 ex
444 1418 511 1463 his
541 1418 963 1464 communicationis
993 1420 1076 1465 viis
1103 1422 1309 1482 rejetstam
1329 1420 1533 1466 volumus
1554 1455 1565 1473 ‚
1592 1422 1690 1467 cum
1717 1440 1873 1469 neutra
1909 1425 2054 1489 aliqua

229 1482 324 1527 veri
345 1481 485 1546 specie
505 1483 760 1529 destituatur
780 1517 791 1535 ,
812 1501 1081 1547 quamquam
1103 1501 1250 1531 tamen
1278 1484 1481 1530 videatur
1511 1486 1635 1550 prior
1655 1521 1667 1539 ‚
1690 1505 1784 1550 quae
1805 1488 1986 1535 brevior
2007 1496 2054 1536 ὃς

229 1546 395 1592 certior
417 1549 475 1593 est
495 1581 506 1600 ‚
537 1566 636 1593 cum
665 1548 873 1593 structura
889 1550 1080 1612 partium
1102 1583 1114 1602 ‚
1136 1549 1192 1594 de
1210 1548 1370 1612 quibus
1386 1551 1561 1612 quaestio
1588 1553 1646 1596 est
1664 1585 1675 1603 ‚
1699 1558 1742 1597 δέ
1763 1570 1864 1598 cum
1883 1555 2020 1601 modo
2037 1588 2052 1608 ‚

228 1628 319 1673 quo
344 1612 616 1674 gonorrhoea
639 1612 918 1658 contrahitur
947 1614 994 1658 in
1013 1630 1204 1675 utroque
1227 1614 1328 1659 sexu
1347 1648 1359 1665 ,
1388 1615 1525 1677 magis
1557 1633 1821 1678 congruere.

295 1680 328 1720 Ι.
363 1678 505 1722 Potest
524 1693 670 1723 autem
685 1677 942 1739 contagium
957 1695 1198 1724 venereum
1219 1711 1230 1730 ,
1248 1678 1371 1741 quod
1385 1679 1652 1741 genitalibus
1673 1680 1867 1726 illabitur
1885 1681 1930 1727 in
1954 1686 2050 1729 ad‘tu

230 1756 426 1786 venereo
446 1774 458 1792 ‚
492 1742 562 1788 vel
586 1760 690 1787 aura
713 1741 946 1787 morbifica
966 1775 976 1794 ‚
1012 1760 1107 1805 quae
1129 1741 1182 1787 ab
1201 1743 1362 1789 eodem
1396 1758 1498 1789 tunc
1527 1744 1702 1790 exhalat
1731 1779 1743 1798 ‚
1781 1746 1954 1793 diversa
1981 1748 2048 1794 se-

226 1805 363 1849 minis
393 1807 706 1870 conceptacula
729 1805 903 1852 afficere
922 1840 933 1857 ,
960 1825 1076 1852 nunc
1096 1807 1221 1871 plura
1237 1841 1249 1860 ,
1271 1824 1388 1853 nunc
1410 1808 1618 1870 pauciora
1637 1828 1648 1862 5
1673 1818 1725 1855 10.
1757 1814 1842 1856 Pro
1865 1811 2048 1858 uberio-

230 1886 277 1914 re
310 1885 382 1914 aut
412 1872 612 1933 parciore
640 1870 771 1934 copia
792 1905 805 1922 ,
835 1875 1002 1932 majore
1025 1887 1097 1917 aut
1117 1872 1293 1918 minore
1312 1873 1491 1935 energia
1511 1906 1524 1924 ‚
1555 1875 1726 1920 ratione
1759 1893 1944 1937 quarum
1975 1878 2049 1924 vel

177 1946 180 1948 '
225 1935 381 1979 omnia
409 1934 532 1980 iimul
554 1937 624 1981 vel
644 1935 852 2000 pauciora
871 1935 1044 1981 tantum
1064 1937 1230 1982 adoriri
1251 1938 1390 2001 potest
1421 1956 1433 1981 :
1469 1945 1529 1982 20.
1558 1941 1643 1984 Pro
1680 1939 1854 1985 diversa
1889 1943 2048 2006 ampli-

226 1998 381 2044 tudine
400 1999 651 2045 osculorum
668 2000 738 2047 seu
755 2000 1076 2046 emissariorum
1095 2035 1107 2053 ‚
1126 2001 1284 2064 quibus
1302 2002 1621 2066 conceptacula
1644 2002 1809 2066 singula
1826 2023 1926 2051 cum
1947 2025 2048 2053 urea

227 2063 326 2108 thr&
350 2063 397 2107 in
425 2065 530 2110 viris
550 2099 562 2117 ‚
592 2083 666 2110 aut
702 2083 803 2110 cum
836 2065 968 2110 vulva
995 2065 1040 2110 in
1070 2065 1331 2112 mulieribus
1367 2068 1699 2113 communicant
1719 2102 1731 2119 ‚
1774 2070 1891 2116 unde
1925 2072 2047 2119 virus

226 2146 468 2174 venereum
495 2148 702 2176 auramve
730 2129 1008 2175 morbificam
1037 2130 1207 2176 facilius
1234 2130 1500 2195 uberiusque
1529 2131 1800 2185 admittunt,
1833 2134 1900 2181 vel
1933 2154 2045 2182 con-

226 2193 293 2238 tra
322 2212 335 2238 ε
375 2201 434 2254 30.
464 2197 548 2239 Pro
572 2193 751 2240 diverso
786 2194 1117 2257 compreffionis
1141 2195 1282 2257 gradu
1301 2229 1312 2246 ‚
1335 2214 1425 2258 quo
1447 2196 1469 2240 a
1490 2195 1807 2258 rigescentibus
1839 2202 2043 2264 corpori-

226 2257 304 2302 bus
326 2259 570 2304 cavernosis
596 2259 768 2304 laudata
796 2257 1011 2304 emiffaria
1048 2261 1197 2311 varie,
1227 2259 1313 2304 hoc
1342 2263 1401 2305 est
1431 2276 1504 2305 aut
1532 2261 1621 2306 haec
1656 2278 1728 2306 aut
1756 2261 1829 2308 illa
1849 2297 1861 2314 ,
1903 2267 2042 2328 magis

221 2322 422 2368 minusve
446 2324 804 2385 constringuntur
825 2328 869 2367 &
891 2326 1168 2369 coarctantur
1186 2358 1199 2376 ,
1223 2324 1268 2368 in
1301 2327 1397 2369 achi
1433 2342 1626 2371 venereo
1645 2359 1657 2376 ,
1682 2326 1788 2371 dum
1816 2329 2041 2377 miasmata

222 2404 412 2432 venerea
431 2390 580 2450 praesto
602 2387 756 2433 adsunt
776 2388 822 2432 in
844 2386 977 2432 obvia
996 2389 1158 2450 quaevis
1187 2389 1401 2451 impetum
1424 2388 1589 2435 factura
1611 2408 1620 2433 :
1643 2398 1706 2446 40.
1732 2392 1933 2438 Tandem
1957 2413 2038 2456 pro

225 2450 403 2495 diverso
425 2451 843 2514 conceptaculorum
864 2467 970 2496 tono
989 2485 1001 2503 ,
1019 2470 1112 2515 quae
1129 2453 1312 2516 quidem
1331 2487 1341 2503 ‚
1368 2453 1395 2497 si
1416 2453 1549 2498 densa
1569 2453 1648 2498 sint
1672 2460 1716 2498 δι’
1738 2455 1836 2500 sana
1857 2491 1868 2507 ‚
1890 2457 2036 2504 afflato

224 2532 401 2560 veneno
427 2514 564 2576 mag-is
594 2532 867 2578 repugnant,
887 2516 1006 2562 idem
1031 2518 1138 2563 verb
1153 2551 1165 2570 ,
1185 2516 1214 2561 fi
1242 2517 1392 2563 mollia
1416 2518 1497 2562 siut
1518 2523 1562 2563 δε
1581 2517 1766 2580 fungosa
1784 2554 1796 2571 ‚
1818 2520 1944 2567 altius
1968 2522 2036 2568 fa-

223 2578 435 2641 ciliusque
463 2579 701 2625 imbibunt.

283 2644 404 2689 Hinc
422 2661 536 2706 :ergo
557 2643 753 2689 futurum
775 2645 832 2690 est
849 2678 860 2696 ‚
880 2661 927 2690 ut
946 2645 993 2690 in
1024 2645 1130 2690 viris
1158 2644 1396 2708 aliquando
1432 2646 1703 2708 gonorrhoea
1727 2646 1772 2692 in
1804 2648 2001 2711 prostatis
2019 2683 2034 2703 ‚

221 2709 270 2753 in
296 2708 492 2754 veliculis
527 2707 768 2754 seminariis
788 2743 799 2760 ,
830 2709 874 2753 in
906 2709 1123 2772 glandulis
1158 2712 1471 2774 Cowperianis
1492 2745 1505 2762 ,
1541 2712 1631 2756 imo
1657 2712 1703 2755 in
1732 2712 1896 2757 cellulis
1932 2732 2031 2760 ure-

224 2771 330 2816 t‘hrce
354 2771 614 2834 singularem
644 2773 793 2820 sedem
819 2773 978 2820 habeat
1008 2793 1018 2826 5
1050 2775 1289 2837 aliquando
1318 2776 1426 2821 vero
1457 2775 1653 2838 pluribus
1678 2776 1783 2820 locis
1813 2775 1932 2823 simul
1961 2778 2033 2822 in-

221 2836 354 2881 fideat
374 2855 384 2888 ·,
407 2854 500 2899 qua:
523 2836 578 2882 de
603 2837 796 2885 foeminis
813 2856 992 2901 quoque
1018 2840 1112 2902 pari
1139 2838 1276 2884 modo
1307 2839 1475 2886 debent
1506 2839 1698 2901 intelligi
1727 2841 1905 2886 mutatis
1936 2859 2035 2887 mu-

222 2901 380 2946 tandis.

281 2970 349 3010 II.
390 2964 520 3010 Virus
545 2981 808 3029 conceptum
836 2964 882 3009 in
904 2967 997 3009 aestu
1018 2981 1212 3011 venereo
1240 2965 1371 3010 variis
1401 2966 1724 3029 conceptaculis
1757 2966 1932 3014 seminis
1952 3003 1963 3021 ‚
1986 2970 2032 3016 in

219 3046 315 3091 quae
334 3029 612 3080 admittitur,
635 3029 780 3085 labem
800 3029 968 3074 variam
991 3029 1108 3075 varie
1129 3029 1353 3074 illaturum
1377 3032 1435 3074 est
1451 3064 1463 3082 ,
1494 3040 1548 3074 10.
1572 3033 1655 3075 Pro
1678 3031 1852 3077 diversa
1873 3034 2001 3098 copia
2017 3069 2030 3088 ,

222 3109 296 3139 aut
314 3089 491 3139 diverso
513 3094 699 3156 energiae
718 3094 855 3157 gradu
874 3127 885 3145 ‚
912 3111 1105 3156 quocum
1125 3093 1214 3155 agit
1233 3093 1280 3138 in
1298 3093 1463 3156 singula
1493 3114 1501 3139 :
1526 3104 1587 3140 2⁰.
1622 3099 1707 3140 Pro
1724 3095 1902 3142 diverso
1921 3114 2030 3146 tono

221 3157 416 3223 partium
441 3158 486 3206 in
509 3177 613 3223 quas
638 3160 728 3223 agit
743 3193 756 3214 ,
785 3175 943 3222 nempe
969 3174 1016 3207 ut
1049 3158 1276 3206 molliores
1298 3159 1370 3206 vel
1389 3158 1608 3209 firmiores
1629 3160 1727 3208 sunt
1745 3160 1911 3231 3⁴·sensu
1931 3163 2030 3228 pol-3

1694 3228 1733 3271 V
1764 3228 1812 3288 iij

2100 736 2243 784 Quibus
2264 740 2332 777 viss

2100 790 2199 826 vitus
2239 789 2326 827 illr‘

2099 853 2297 879 venereum

2093 893 2139 929 ad
2171 906 2326 946 concep*

2097 947 2215 982 tacula
2242 946 2301 982 se·

2096 998 2200 1033 minis
2215 998 2302 1035 illa-

2098 1049 2203 1087 batur
2222 1057 2235 1086 .>

2121 1691 2325 1743 Quomodo

2093 1755 2181 1779 nuuc
2200 1744 2325 1783 diver-

2094 1792 2129 1830 sa
2144 1794 2285 1833 seminis

2094 1858 2294 1899 concepta-

2094 1899 2192 1935 cula.

2119 2989 2226 3027 Nunc
2244 3004 2305 3029 ea-

2077 3038 2155 3076 de
2165 3068 2173 3083 ,
2186 3039 2242 3078 led
2257 3045 2309 3080 dl·

2078 3091 2295 3137 versimode,
