2477 3643
173 479 307 519 Irritus
326 479 405 532 hq-

169 534 378 584 dratgyto·

172 583 251 624 scos
266 584 406 625 succes-

172 637 244 691 gua.

225 1002 405 1050 Quicum

198 1055 336 1093 leniore

171 1069 389 1160 hydrargy-

171 1160 244 1197 rofi
267 1173 375 1197 com-

171 1214 286 1251 munis
303 1213 353 1250 est
365 1242 377 1260 ,

169 1264 231 1304 sed
259 1266 322 1317 qui
348 1268 383 1304 in

169 1330 338 1370 patclore

169 1370 398 1421 frequentius

169 1422 318 1468 accidit.

169 1722 295 1764 Causae
317 1725 405 1763 itri-

173 1790 219 1816 tae
238 1778 405 1830 hydrar-

170 1830 361 1884 gyroseOS.

227 2253 271 2289 In
296 2248 408 2288 causa

175 2302 353 2341 efficiente

172 2360 408 2407 quacumque

174 2408 312 2459 requiri
331 2414 366 2446 &

172 2472 313 2498 certum
326 2471 404 2514 gra-

175 2513 262 2549 dum
286 2514 404 2550 inteu-

174 2563 280 2604 fionis
290 2571 324 2603 &
338 2573 412 2603 cer·

174 2630 252 2656 tam
266 2631 337 2656 tem
345 2631 407 2669 po-

171 2671 223 2711 tis
251 2683 407 2711 moram.

233 2955 323 2992 Duo
345 2965 411 2990 ea-

178 3007 260 3046 dem
273 3008 305 3042 in
316 3009 411 3042 Mer-

179 3059 283 3098 curio
298 3060 414 3105 requi-

180 3112 211 3149 ti
225 3137 235 3154 ‚
250 3123 289 3146 ut
305 3107 410 3146 effc-

182 3174 264 3200 tum
302 3162 412 3212 ptaes-

181 3225 263 3261 ure
291 3213 412 3266 poffit.

455 138 545 201 378
774 130 1320 183 DEMOREIS
1390 129 1918 182 VENEREIS.

452 269 492 323 §-
541 262 611 310 11.
660 260 753 310 DE
813 257 1476 311 INFORTUNIIS
1541 260 1739 309 HUIC
1802 261 2284 314 METHODO

1050 351 1259 395 QUAS1
1321 352 1687 388 PROPR118.

518 470 742 519 Hactenus
772 467 847 517 sed
875 465 1025 532 paucis
1049 466 1107 515 de
1137 465 1429 520 insortuniis,
1466 484 1561 531 quae
1593 466 1928 533 hydrargyrofis
1956 470 2134 535 parcior
2158 487 2288 519 com-

453 538 607 582 munia
637 535 823 600 quidem
852 532 990 579 habet
1017 550 1116 578 cum
1150 533 1354 597 pleniore
1375 566 1387 585 ,
1420 532 1495 580 sed
1526 550 1622 596 quae
1653 548 1803 581 tamen
1832 535 2014 582 mitiora
2044 543 2090 584 δε
2121 537 2290 584 rariora

453 602 618 666 patitur
643 620 652 647 z
690 603 825 646 Nunc
853 597 987 663 paulo
1014 596 1146 643 fusius
1177 597 1233 644 de
1262 597 1517 644 infortunio
1545 599 1624 643 illo
1646 631 1658 651 ‚
1685 599 1810 662 quod
1841 600 1947 647 licet
1972 619 2075 648 cum
2103 601 2290 666 utraque

454 682 693 714 commune
709 664 758 709 fit
772 698 784 717 ‚
804 664 860 710 ad
880 663 1134 728 parciorem
1151 678 1302 710 tamen
1320 662 1547 727 specialius
1565 668 1609 709 ὃ(
1625 662 1904 727 frequentius
1920 668 2117 730 pertinet
2133 685 2145 721 ·‚
2166 685 2292 714 nem-

453 750 510 797 pe
536 731 593 777 de
623 729 754 775 irrito
797 728 1020 777 Mercurii
1065 727 1284 780 success'u,
1316 729 1444 791 gravi
1474 727 1575 774 sane
1606 727 1845 774 infortunii
1878 747 2042 792 genere
2061 765 2075 785 ,
2105 738 2151 778 δε
2181 732 2211 778 si
2238 750 2292 780 ea

451 796 647 860 excipias
669 812 764 858 quae
784 796 938 859 capitis
962 793 1204 840 discrimen
1227 793 1449 840 advocant
1467 827 1480 845 ‚
1511 794 1716 840 omnium
1744 794 1999 857 gravissimo
2017 829 2030 847 ‚
2061 815 2153 861 quo
2174 797 2224 843 fit
2242 812 2293 844 ut

452 861 637 907 morbus
668 860 782 906 male
805 861 1045 924 extirpatus
1075 860 1169 923 post
1189 858 1349 906 breves
1378 859 1581 906 inducias
1613 860 1769 925 sponte
1795 858 2034 908 reviviscat
2054 894 2068 914 ‚
2095 879 2288 927 agatque

453 925 723 990 tragoediam
743 925 928 972 alteram
944 924 1097 989 priore
1117 927 1332 988 pejorem.

517 995 707 1038 Novum
733 991 918 1054 quidem
944 1007 1036 1036 non
1065 990 1123 1036 est
1149 988 1398 1053 pleniorem
1427 987 1788 1052 hydrargyrofim
1807 988 1946 1054 ipsam
1962 1008 2145 1056 quoque
2163 992 2291 1038 omni

452 1055 580 1121 plane
604 1055 794 1103 success'u
822 1056 1060 1119 aliquando
1088 1054 1293 1108 destitui3
1315 1054 1391 1101 sed
1410 1054 1460 1101 id
1476 1070 1626 1101 tamen
1649 1072 1799 1101 rarum
1817 1056 1877 1102 est
1895 1089 1908 1108 ‚
1928 1074 2074 1120 neque
2096 1074 2294 1120 unquam

450 1120 545 1168 fere
576 1122 765 1175 accidit,
800 1121 879 1167 nisi
907 1119 1008 1167 cum
1038 1119 1240 1166 adhibita
1269 1119 1495 1185 therapeia
1525 1120 1596 1167 vel
1626 1120 1764 1167 nimia
1794 1121 2077 1168 medentium
2109 1121 2292 1170 festina·

453 1187 579 1234 tione
598 1188 670 1234 vel
706 1186 936 1251 praesentia
964 1185 1223 1250 graviorum
1253 1184 1611 1232 infortuniorum
1628 1218 1640 1236 ‚
1662 1203 1758 1249 quae
1779 1203 1941 1250 urgent
1961 1220 1974 1239 ,
2005 1187 2133 1234 citius
2155 1188 2292 1251 quam

452 1270 528 1317 par
551 1252 657 1301 effer
681 1252 1022 1304 intermittitur,
1049 1250 1169 1298 unde
1202 1251 1276 1296 vix
1308 1253 1449 1315 potest
1479 1266 1583 1296 tunc
1614 1251 1815 1313 ignorati
1849 1257 1895 1297 &
1928 1253 2092 1299 erroris
2123 1252 2292 1299 admisti

455 1317 582 1364 causa
600 1353 613 1372 ,
645 1323 691 1364 δε
720 1317 1006 1364 emendandi.
1023 1316 1151 1362 ratio.
1190 1320 1242 1361 In
1270 1317 1474 1379 parciore
1502 1316 1612 1362 vero
1635 1315 1948 1378 hydrargyrofi
1974 1317 2022 1363 id
2047 1317 2290 1365 infortunii

454 1399 592 1446 genus
622 1388 667 1429 δε
694 1381 905 1446 frequens
937 1387 984 1429 δε
1012 1381 1327 1446 pervulgatum
1355 1382 1444 1433 est,
1476 1386 1520 1426 ὃς
1564 1381 1688 1443 quod
1719 1381 1912 1427 maxime
1954 1382 2128 1430 mireris
2147 1416 2160 1435 ‚
2195 1382 2291 1432 tum

452 1449 588 1496 etiam
618 1447 718 1494 cum
737 1448 889 1494 omnia
907 1465 959 1494 ex
980 1447 1084 1492 artis
1102 1445 1276 1508 legibus
1294 1446 1377 1492 rite
1395 1445 1696 1492 administrata
1719 1445 1930 1493 videntur
1950 1481 1963 1500 ‚
1996 1466 2044 1493 ac
2067 1447 2168 1494 cum
2190 1449 2294 1495 the-

453 1514 603 1578 rapeia
633 1531 807 1559 moram
825 1530 874 1558 ac
891 1511 1267 1573 {sustentationem
1298 1510 1398 1556 satis
1417 1511 1676 1557 diuturnam
1707 1510 1864 1557 habuit
1884 1545 1897 1564 ‚
1931 1512 1993 1557 ita
2013 1528 2062 1558 ut
2090 1529 2170 1559 nec
2192 1512 2294 1560 satis

451 1578 622 1642 liqueat
642 1579 903 1643 plerumque
931 1577 978 1622 in
1007 1594 1099 1640 quo
1132 1591 1366 1641 peccatum
1384 1575 1461 1629 sit,
1483 1592 1567 1623 nec
1586 1575 1641 1622 ab
1661 1575 1941 1624 admittenda
1961 1576 2086 1643 culpi
2107 1596 2264 1627 cavere
2278 1612 2293 1633 ,

452 1661 528 1691 aut
547 1642 736 1690 admiffie
760 1642 933 1689 mederi
954 1641 1083 1688 facile
1101 1640 1164 1688 fit.

518 1713 673 1773 Itaque
697 1725 841 1772 operae
863 1706 1058 1772 pretium
1081 1706 1141 1753 est
1163 1706 1350 1754 latentes
1373 1704 1520 1751 causas
1543 1703 1788 1752 curationis
1807 1703 1856 1751 in
1877 1705 1929 1753 ea
1953 1704 2173 1754 methodo
2201 1723 2294 1756 tam

453 1772 508 1823 [π
542 1775 564 1821 ὲ
596 1773 767 1820 infecta:
796 1788 999 1836 retegere
1017 1806 1031 1824 ,
1059 1771 1338 1836 modumque
1367 1769 1493 1816 simul
1520 1770 1750 1823 indicare,
1784 1788 1877 1834 quo
1907 1771 1954 1816 in
1982 1773 2206 1836 posterum
2239 1773 2297 1821 ab

452 1793 705 1887 insbrtunio
730 1854 953 1884 caveatur.
995 1837 1066 1884 Sic
1090 1837 1166 1883 illa
1191 1837 1414 1885 curatoria
1436 1835 1677 1882 methodus
1696 1869 1709 1889 ,
1739 1853 1836 1899 quae
1860 1835 2071 1883 blandior
2087 1872 2099 1891 ‚
2124 1839 2293 1892 tutior,

452 1903 719 1968 faciliorque
747 1902 801 1951 ab
830 1901 1040 1949 omnibus
1073 1901 1305 1955 censetur,
1337 1900 1443 1948 nota
1471 1899 1725 1947 inefficaciae
1752 1900 1874 1948 unde
1919 1902 2034 1949 male
2063 1903 2186 1950 audit
2224 1902 2297 1951 se-

453 1969 545 2016 mel
573 1984 758 2033 purgata
785 1966 954 2031 poterit
984 1967 1039 2012 ab
1061 1967 1272 2013 omnibus
1290 1967 1388 2013 tuto
1417 1966 1596 2012 admitti
1623 1984 1717 2013 non
1748 1983 1890 2030 parvo
1909 1967 2147 2032 therapeiae
2168 1986 2296 2015 com-

451 2033 625 2098 pendio
647 2066 659 2084 ‚
686 2033 972 2094 maximoque
995 2031 1308 2094 aegrotantium
1336 2031 1659 2077 emolumento.
1699 2030 1788 2076 Sed
1813 2030 1914 2077 curn
1939 2049 1991 2077 ea
2009 2032 2185 2095 quaestio
2206 2033 2296 2080 ob-

451 2097 580 2145 scura
611 2096 661 2143 fit
683 2101 729 2144 δε
761 2094 964 2145 difficiles
984 2096 1226 2161 explicatus
1255 2095 1417 2142 habeat
1436 2128 1450 2148 ‚
1479 2112 1574 2141 rem
1604 2094 1736 2159 paulo
1758 2094 1885 2141 altius
1905 2112 2107 2161 repetere
2138 2098 2296 2146 neces-

456 2161 554 2210 sum
584 2164 657 2210 est.

516 2230 702 2275 Constat
731 2227 833 2274 cum
859 2226 1034 2274 ratione
1054 2259 1068 2280 ,
1096 2225 1191 2272 tum
1218 2223 1495 2291 experientia
1526 2222 1734 2272 effectum
1764 2241 2095 2290 quemcumque
2120 2225 2296 2276 causam

455 2292 619 2343 habere
645 2309 814 2342 certam
830 2327 842 2347 ,
866 2310 958 2357 quae
987 2291 1038 2338 sit
1064 2291 1176 2340 certi
1203 2290 1364 2355 gradus
1382 2324 1395 2343 ,
1430 2295 1477 2336 &
1501 2307 1594 2353 quae
1615 2307 1741 2337 certo
1763 2306 1891 2352 egeat
1914 2292 2128 2356 temporis
2149 2292 2296 2340 inter-

455 2360 575 2406 vallo
596 2393 608 2411 ,
636 2375 684 2406 ut
713 2356 868 2407 efficax
895 2357 959 2404 sit.
1000 2357 1071 2404 Sic
1092 2391 1104 2410 ‚
1131 2373 1179 2403 ut
1198 2356 1413 2421 exemplis
1434 2372 1532 2401 utar
1562 2353 1820 2419 vulgaribus
1842 2360 1888 2401 δε
1909 2355 2057 2402 obviis
2076 2390 2090 2408 ,
2119 2375 2218 2404 cera
2237 2359 2296 2404 li-

454 2424 626 2490 quescit
646 2440 767 2472 cetto
789 2422 962 2470 tantum
991 2423 1134 2486 gradu
1162 2422 1318 2468 caloris
1338 2455 1351 2474 ‚
1378 2426 1425 2467 δε
1458 2439 1514 2467 eo
1534 2420 1693 2467 caloris
1711 2419 1853 2484 gradu
1871 2438 2007 2484 quem
2027 2438 2153 2468 certo
2182 2438 2294 2470 tem-

456 2491 577 2554 poris
604 2489 742 2555 spatio
769 2504 951 2554 experta
977 2488 1027 2535 fit
1049 2507 1058 2534 :
1095 2489 1166 2535 Sic
1195 2506 1306 2552 aqua
1333 2486 1592 2550 congelatur
1619 2502 1746 2532 certo
1776 2485 1948 2531 tantum
1977 2486 2120 2549 gradu
2152 2486 2299 2551 frigo-

458 2555 516 2602 ris
537 2589 549 2609 ,
583 2561 629 2602 &
660 2573 715 2603 eo
743 2554 926 2618 frigoris
953 2554 1095 2618 gradu
1113 2587 1127 2606 ,
1161 2555 1233 2599 cui
1262 2570 1340 2617 pet
1364 2567 1538 2600 certum
1569 2566 1742 2616 tempus
1768 2550 1945 2612 obJ'ecta
1965 2550 2115 2598 fuerit.
2156 2553 2296 2599 Nulla.

457 2637 550 2668 arte
568 2653 581 2673 ‚
614 2621 734 2667 null&
755 2620 891 2685 opera
914 2619 1011 2666 fieri
1032 2636 1229 2682 unquam
1252 2618 1392 2681 potest
1421 2633 1468 2663 ut
1488 2634 1590 2663 cera
1616 2615 1859 2680 liquescat,
1890 2631 1963 2662 aut
1991 2634 2103 2680 aqua
2123 2633 2296 2681 conge-

456 2686 600 2739 letur,
629 2686 707 2732 nili
738 2687 871 2733 causae
901 2684 1104 2749 fingulae,
1131 2684 1156 2729 a
1185 2682 1344 2748 quibus
1369 2680 1528 2745 singuli
1558 2680 1623 2727 illi
1656 2680 1836 2729 effeetus
1865 2681 2204 2745 producuntur,
2236 2683 2297 2730 ad

458 2766 631 2797 certum
651 2751 776 2796 illum
795 2749 1052 2798 intensionis
1071 2747 1259 2812 gradum
1279 2746 1526 2796 evehantur
1543 2779 1555 2798 ‚
1577 2746 1656 2810 qui
1673 2745 1851 2793 effectui
1869 2746 2167 2810 producendo
2188 2765 2294 2794 cor-

458 2816 725 2880 respondeat
745 2850 757 2868 ,
780 2821 825 2862 δε
846 2818 893 2862 in
915 2814 1106 2877 subjesta
1125 2829 1223 2877 agat
1240 2831 1317 2879 per
1338 2829 1437 2860 eam
1459 2811 1674 2876 temporis
1690 2828 1866 2858 moram
1880 2844 1894 2865 ‚
1920 2828 2015 2875 quae
2036 2811 2093 2858 ad
2113 2810 2297 2860 effeetus
2353 2854 2359 2858 ,

457 2880 557 2928 illos
577 2881 893 2945 producendos
915 2880 1174 2944 requiritur.
1544 2910 1547 2912 -

521 2946 593 2992 Sic
614 2964 724 3010 ergo
748 2952 793 2993 δε
816 2947 910 3011 pari
932 2944 1105 3012 prorsus
1129 2943 1305 2991 ratione
1329 2941 1591 3008 profligatio
1613 2946 1659 2989 ὃς
1683 2938 2002 2988 exterminatio
2023 2940 2198 2988 seminii
2221 2939 2291 3002 sy*
2317 2975 2319 2979 s

460 3008 651 3074 philitici
669 3045 681 3062 ,
711 3012 1094 3075 qualitercumque
1122 3009 1197 3056 fiat
1215 3042 1227 3061 ‚
1273 3017 1334 3054 10.
1366 3011 1552 3055 Certam
1573 3025 1623 3055 ac
1655 3006 2000 3054 determinatam
2030 3007 2076 3052 in
2104 3009 2289 3051 Mercu·-

461 3075 530 3121 rio
549 3076 641 3122 vim
661 3081 705 3121 &
725 3078 952 3139 energiam
971 3075 1157 3141 postulat
1173 3107 1187 3127 ,
1214 3074 1302 3138 qua
1323 3074 1373 3119 in
1398 3074 1517 3119 virus
1538 3087 1639 3136 agat
1662 3091 1672 3117 ι
1711 3079 1774 3117 2⁰.
1797 3072 1983 3118 Certam
2002 3089 2050 3117 ac
2071 3066 2287 3116 determi-

460 3157 610 3186 natam
631 3141 817 3204 requirit
841 3141 1053 3204 temporis
1080 3140 1419 3186 diuturnitatem
1440 3171 1453 3189 ‚
1476 3155 1555 3201 per
1586 3153 1719 3202 quam
1749 3154 1800 3184 ea
1819 3135 2038 3182 Mercurii
2064 3130 2287 3196 quantitas

459 3205 508 3253 in
524 3206 643 3255 virus
663 3221 775 3273 agat.
813 3205 861 3255 Si
880 3205 1140 3256 alterutrum
1159 3202 1405 3258 defecerit,
1425 3200 1594 3253 luditur
1619 3217 1784 3267 opera,
1798 3216 1943 3264 neque
1969 3214 2164 3263 unquam
2184 3193 2291 3262 spe,
