2477 3643
220 839 388 892 Gaspare

158 895 328 943 fretella.

211 961 238 991 Δι
248 963 268 995 5
281 961 304 985 0
314 961 349 985 0.

259 3057 424 3098 'Antonio

197 3110 405 3147 Benivenio.

194 3213 199 3218 ,
256 3175 376 3215 ³507,

421 111 492 165 a?
803 96 1907 161 DE'MORMSVENERms.

429 195 660 258 ignoratos,
687 189 892 254 exemplo
928 186 1174 235 Lichenum
1208 217 1221 238 ‚
1258 201 1351 247 quos
1391 197 1483 228 ante
1512 184 1685 228 Claudii
1721 187 2002 249 Principatum
2033 185 2290 252 incognitos*

429 257 583 318 „fitiffi’
611 256 772 314 testatur
805 256 964 302 Plinius
995 291 1009 307 ,
1042 250 1233 310 Hzstoriae
1258 251 1458 295 naturalis
1493 246 1590 293 Lib.
1627 255 1694 293 26.
1719 248 1831 294 Inde
1860 249 1969 296 vero
1997 248 2053 295 sic
2083 253 2228 316 pergit
2246 271 2262 298 z

428 348 454 371 u
475 321 628 368 Simile
648 319 879 386 quoddam
900 319 986 364 hoc
1006 317 1155 362 nostro
1179 332 1273 361 :evo
1291 312 1480 365 accidit,
1504 314 1592 373 jam
1610 312 1730 360 enirn
1753 331 1768 358 1
1787 330 1816 358 N
1836 330 1853 358 s
1873 331 1901 359 o
1923 331 1946 358 L
1966 332 1980 358 1
2000 331 2071 360 TAE
2095 333 2267 363 naturae

423 413 452 434 ω
477 385 661 433 morbus
681 386 856 434 Italiam
873 390 918 430 δε
939 382 1098 428 multas
1118 381 1223 426 alias
1254 379 1460 441 regiones
1478 376 1650 423 invasit.
1674 413 1682 423 .
1703 412 1714 423 .
1734 412 1744 423 .
1772 378 1894 424 Huic
1924 394 2072 425 tamen
2100 381 2263 427 morbo

426 479 453 499 υ
474 451 678 498 nondum
707 450 844 496 nostri
868 447 1080 512 temporis
1098 444 1273 492 Medici
1293 461 1451 490 vetum
1472 459 1637 488 nornen
1666 442 1919 507 imposuere
1935 477 1946 495 ‚
1971 443 2049 490 sed'
2075 446 2261 509 vulgato

424 542 451 562 »ι
476 517 663 563 nomine
687 514 899 562 morbum
921 512 1141 559 Gallicum
1161 524 1325 557 vocant
1342 542 1354 561 ‚
1372 505 1490 572 quafi
1521 511 1610 568 ejus
1642 509 1850 568 contagio
1875 508 1900 553 a
1929 509 2067 554 Gallis
2096 509 2144 554 in
2176 516 2268 556 Ita-

426 607 452 626 „
474 581 581 630 liam
601 581 845 644 importato
859 612 872 632 ,
898 594 972 624 aut
994 577 1158 624 eodem
1180 590 1379 638 tempore
1410 577 1456 618 &
1476 572 1639 617 morbo
1664 572 1758 636 ipso
1793 578 1839 618 &
1871 572 2111 619 Gallorum.
2134 575 2265 622 armis

432 646 603 694 „lta-lia
637 644 853 691 infestata.
877 680 886 690 .
910 678 920 688 .
943 678 952 688 .
982 647 1128 706 Ego..
1149 676 1159 686 .
1181 673 1192 684 .
1229 656 1368 702 cogor
1401 637 1650 685 existimare
1682 644 1695 694 (
1728 655 1872 700 neque
1904 637 2015 683 mihi
2046 641 2186 703 potest
2219 640 2268 685 in

430 738 457 756 ω
477 728 654 777 captum
687 709 848 756 mentis
882 708 1008 754 aliter
1026 704 1296 772 pervenire)
1325 719 1472 749 natam
1500 702 1614 748 hanc
1634 717 1817 767 repente
1845 702 1963 749 luem
1986 705 2177 750 nostram
2203 705 2268 750 ita¹

434 805 460 823 υ
483 774 684 824 infecisse
702 791 876 821 aetatem
899 806 915 825 ,
935 789 983 818 ut
1015 789 1048 817 N
1065 788 1092 816 U
1112 789 1134 816 L
1153 789 1176 815 L
1192 787 1224 814 A
1246 785 1283 813 M
1312 767 1603 832 superiorem.

493 848 512 888 1
529 847 546 888 1
566 847 599 887 Ι.
633 839 798 904 Gaspar
817 838 1002 884 Torella
1018 871 1032 890 ,
1051 835 1313 883 Valentinus
1329 833 1446 897 apud
1465 831 1712 896 Hispanos,
1734 831 1978 878 Alexandri
1995 838 2072 880 VI.
2100 832 2264 880 summi

432 905 664 955 Pontificis
682 939 694 957 ‚
716 902 989 966 Caesatisque
1015 900 1183 963 Borgiae
1205 896 1403 959 ejusdem
1433 897 1515 942 filii
1546 896 1656 942 olim
1677 897 1882 943 Medicus
1906 931 1919 950 ‚
1942 913 2047 943 tunc
2066 899 2175 945 vero
2210 898 2274 944 ab*

434 971 559 1018 annis
579 971 741 1018 decem..
756 968 996 1033 Episcopus
1016 968 1176 1014 Sancte
1196 966 1218 1015 J
1224 965 1320 1008 usta:
1337 963 1385 1008 in
1405 961 1606 1008 Sardinia
1622 995 1634 1013 ‚
1653 961 1708 1007 fic
1735 961 2001 1025 loquebatur
2019 963 2066 1007 in
2082 965 2268 1009 Tracta-

435 1054 484 1085 tu
510 1042 582 1083 De
613 1038 764 1080 Dolore
782 1039 823 1080 in
847 1030 1153 1095 Pudendagroi,
1169 1027 1336 1092 scripto
1367 1044 1484 1072 anno
1518 1044 1658 1089 1500.
1689 1049 1710 1065 t·
1731 1027 1867 1072 Gallis
1896 1045 2027 1072 manu
2051 1026 2161 1074 forti
2181 1033 2270 1074 Ita-

433 1130 459 1148 „
478 1102 584 1148 liam
603 1098 959 1163 ingredientibus
975 1131 988 1149 ,
1004 1101 1050 1142 δε
1074 1093 1265 1142 maxime
1302 1095 1464 1155 Regno
1493 1091 1814 1156 Parthenopaeo
1843 1108 2061 1156 occupato
2084 1127 2097 1145 ,
2128 1098 2173 1138 &
2201 1092 2274 1139 ibi>

435 1194 468 1212 ,ἢ
483 1162 867 1212 commorantibus
883 1197 897 1216 ,
914 1162 987 1207 hic
1008 1159 1191 1206 morbus
1209 1157 1406 1205 detectus
1424 1155 1529 1202 fuit.
1558 1155 1739 1202 Idcirco
1751 1156 1805 1202 ab
1823 1157 1943 1203 Italis
1967 1157 2149 1204 morbus
2166 1159 2275 1203 Gal-

438 1259 464 1278 υ
481 1233 591 1280 licus
615 1229 958 1292 cognominatus
982 1225 1093 1278 fuit,
1120 1221 1440 1270 arbitrantibus
1470 1221 1612 1285 ipsum
1638 1221 1774 1267 Gallis
1809 1222 2144 1268 connaturalem
2173 1223 2281 1270 effe,

439 1323 465 1340 ω
486 1302 538 1343 In
555 1295 699 1341 Gallia
724 1294 859 1345 vero,
881 1293 986 1356 quia
1013 1291 1061 1336 in
1084 1286 1336 1336 reversione
1354 1286 1490 1349 Regis
1506 1285 1662 1331 Caroli
1686 1304 1787 1331 cum
1807 1285 1890 1332 suis
1915 1287 1962 1331 in
1988 1288 2177 1333 Galliam
2197 1289 2274 1333 hic

435 1388 464 1407 ω
481 1359 667 1407 morbus
684 1375 895 1423 apparere
912 1356 1079 1419 incepit
1094 1388 1109 1407 2
1125 1353 1358 1400 credentes
1383 1351 1500 1396 Galli
1523 1348 1566 1397 se
1589 1368 1689 1396 eum
1709 1369 1762 1397 ex
1777 1351 1974 1416 Neapoli
1999 1352 2241 1415 apportaffe
2257 1386 2272 1405 ,

437 1454 465 1473 2,
484 1426 599 1472 hanc
619 1425 687 1471 ob
715 1421 890 1469 causam
909 1420 1121 1468 morbum
1154 1416 1507 1481 Neapolitanum
1535 1431 1754 1461 vocarunt
1760 1449 1894 1461 .....
1914 1418 1967 1460 Et
1995 1416 2095 1461 cum
2117 1418 2270 1462 nostris

438 1520 465 1538 2>
486 1488 763 1555 temporibus
790 1487 889 1534 talis
914 1483 1191 1533 monstruosa
1213 1481 1430 1545 a'gritudo
1461 1481 1486 1528 εἰ
1519 1498 1547 1526 N
1565 1499 1592 1527 u
1609 1498 1631 1525 L
1648 1497 1670 1524 L
1688 1497 1716 1525 o
1747 1479 1883 1526 fuerit
1911 1480 2028 1532 visa,
2048 1481 2221 1528 idcirco
2247 1483 2273 1527 a

439 1584 466 1603 ‚a
484 1557 609 1602 nullo
642 1567 1050 1619 quantumcumque
1081 1549 1226 1614 perito
1245 1581 1258 1600 ,
1290 1561 1502 1611 experto,
1530 1551 1574 1591 δέ
1599 1544 1721 1591 senio
1753 1544 1960 1592 confecto
1990 1547 2202 1593 canonice
2225 1551 2276 1593 &t

442 1621 603 1668 „redte
640 1619 783 1665 curati
819 1632 1011 1682 poterat.
1049 1613 1338 1660 Addiderunt
1376 1610 1548 1658 medius
1583 1610 1712 1656 fidius
1743 1610 1931 1656 calcaria
1964 1628 2091 1674 equor
2113 1610 2278 1670 sponte.

441 1712 468 1732 ω
487 1685 684 1732 currenti
713 1683 842 1729 rudes
870 1716 884 1735 ,
912 1681 1157 1746 pertinaces
1173 1713 1184 1731 ,
1212 1677 1436 1729 illiterati,
1460 1681 1504 1721 &
1525 1690 1572 1720 ut
1599 1675 1661 1720 ita
1681 1675 1838 1738 loquar
1862 1675 2045 1738 vulgus,
2067 1678 2144 1739 qui
2170 1678 2285 1724 totis,

443 1779 469 1799 ω
488 1747 967 1798 viribus-conabantur
999 1743 1177 1810 publice
1206 1741 1446 1806 praedicare
1477 1745 1522 1786 δέ
1550 1740 1736 1786 afferere
1769 1739 1997 1786 scientiam
2037 1740 2284 1788 Medicinae·

445 1846 470 1864 ‚2
488 1815 574 1863 ess'e
592 1832 750 1862 vanam
774 1813 847 1859 seu
874 1810 1205 1876 imperfectam,
1240 1824 1295 1853 eo
1320 1806 1424 1869 quia
1450 1804 1554 1850 huic
1580 1804 1998 1868 atgritudini'nullus
2024 1805 2279 1869 opitulaba-

445 1908 473 1927 υ
493 1897 579 1926 tur.
600 1914 610 1925 .
635 1914 644 1924 .
663 1914 673 1924 .
694 1882 748 1924 Et
768 1896 858 1924 non
885 1877 975 1923 fine
1002 1875 1128 1921 causa
1148 1874 1235 1919 hoc
1251 1870 1545 1933 divulgabant
1563 1887 1621 1915 eo
1639 1870 1744 1929 quia
1766 1869 1951 1915 litterati
1981 1869 2035 1916 ab
2061 1869 2141 1916 hac
2169 1873 2276 1918 curi

445 1943 810 2008 „fugiebant‚in
840 1942 928 1987 hoc
958 1939 1119 1986 morbo
1142 1937 1186 1984 se
1219 1936 1331 1982 nihil
1364 1934 1474 1981 scire
1500 1933 1773 1980 confidendo
1791 1968 1803 1986 ‚
1825 1952 1962 1997 quare
1994 1938 2249 1983 aromatarii
2264 1971 2287 1990 ,-

447 2036 475 2056 ω
493 2010 737 2056 herbatum
759 2007 1017 2052 collectores
1032 2039 1043 2057 ,
1065 2002 1298 2065 caeterique
1318 2000 1567 2047 mechanici
1590 2018 1638 2044 ac
1659 1998 1913 2062 vagabundi
1950 2006 1994 2045 δέ
2017 2000 2278 2064 impostores

449 2102 476 2122 κ
497 2077 565 2122 his
596 2072 872 2137 temporibus
900 2072 1029 2133 hujus
1059 2067 1208 2114 morbi
1239 2083 1372 2113 veros
1405 2071 1451 2111 ὅ(
1490 2063 1685 2129 perfecte
1721 2079 1945 2110 curatores
1973 2065 2016 2112 se
2043 2065 2159 2130 ipsos
2190 2067 2282 2114 effe

451 2167 477 2187 υ,
499 2139 784 2206 profitentur.

516 2211 607 2252 IV.
637 2207 832 2256 Joannes
852 2201 909 2247 de
938 2200 1085 2263 vigo,
1119 2195 1390 2248 Genuensts,
1423 2193 1496 2240 seu
1524 2193 1669 2258 potius
1689 2195 1991 2258 Rapalligena,
2019 2194 2067 2239 in
2103 2195 2282 2244 ditione

443 2268 674 2327 *Genuenfi
693 2303 705 2321 ,
733 2267 982 2329 Chirurgus
1009 2262 1116 2318 Iulii
1148 2267 1215 2308 ΙΙ.
1245 2260 1404 2306 summi
1426 2258 1678 2312 pontificis,
1697 2260 1744 2304 in
1772 2258 1967 2305 Ρνιιὲἷὶειέ
1995 2260 2278 2325 Chirurgicd'2

453 2355 586 2402 quam
605 2334 797 2398 copiofhm
816 2331 929 2378 dixit
949 2364 961 2383 ‚
979 2336 1025 2377 ὅ(
1056 2328 1126 2375 cui
1146 2326 1390 2373 scribendae
1409 2323 1612 2370 incubuit
1641 2324 1695 2370 ab
1722 2340 1837 2370 anno
1864 2341 1998 2386 1503.
2026 2324 2083 2370 acl
2114 2343 2279 2374 annum

454 2403 590 2465 usque
621 2417 635 2444 1
655 2417 760 2460 513·
789 2396 847 2442 sic
865 2396 924 2441 ait
942 2395 1040 2441 Lib.
1063 2413 1095 2457 5.
1115 2408 1204 2456 cap.
1229 2408 1263 2436 1.
1287 2414 1306 2427 «
1330 2395 1462 2438 Anno
1485 2408 1614 2447 1494.
1634 2389 1693 2436 de
1718 2388 1866 2435 mense
1884 2389 2146 2435 Decembris
2162 2424 2174 2442 ‚
2189 2409 2281 2454 quo

459 2493 486 2511 ‚2
507 2483 623 2512 anno
657 2462 954 2510 Sereniffimus
983 2460 1057 2506 ille
1084 2457 1274 2503 Carolus
1299 2459 1565 2501 Francorum
1595 2459 1718 2506 Rex,
1754 2453 1913 2516 magna
1945 2454 2185 2501 comitante
2213 2474 2290 2502 ca-

458 2557 485 2576 „
504 2530 627 2576 terva
643 2563 655 2582 ‚
682 2526 831 2573 versus
849 2526 985 2572 Italiae
1013 2540 1156 2589 partes
1192 2522 1276 2568 iter
1306 2520 1475 2584 accepit
1493 2553 1504 2571 ,
1521 2520 1576 2565 ad
1600 2523 1808 2581 Regnum
1833 2518 2182 2581 Neapolitanum
2214 2539 2284 2567 re-

456 2621 485 2640 a>
506 2593 808 2658 cuperandum
823 2625 836 2644 ,
865 2589 1063 2655 apparuit
1083 2587 1238 2651 utique
1263 2586 1425 2633 eodem
1455 2602 1569 2631 anno
1587 2583 1816 2647 quoddam
1835 2583 1985 2629 morbi
2012 2601 2148 2646 genus
2167 2585 2284 2647 quafi

459 2687 485 2705 >³
506 2678 583 2724 per
612 2674 753 2704 totam
782 2655 954 2702 Italiam
979 2671 993 2697 1
1011 2672 1043 2699 N,
1058 2671 1082 2697 c
1100 2670 1127 2697 o
1144 2671 1169 2697 c
1187 2669 1214 2697 N
1235 2670 1249 2696 1
1268 2669 1293 2696 T
1312 2667 1352 2696 AE
1389 2665 1551 2694 naturae
1570 2682 1582 2699 ‚
1615 2666 1750 2711 quem
1772 2649 1902 2693 variis
1924 2653 1969 2693 ἃ·
1991 2648 2169 2694 diversis
2198 2667 2284 2695 noa.

461 2749 488 2767 ³,
506 2723 700 2769 minibus
726 2720 909 2767 diversae
938 2718 1160 2766 Nationes
1196 2715 1486 2781 appellarunt.
1569 2747 1579 2757 .
1603 2747 1612 2757 .
1635 2716 1722 2758 Pro
1755 2717 1844 2773 ejus
1878 2713 2107 2759 curatione
2138 2731 2284 2777 operae

463 2816 491 2832 υ
509 2787 702 2854 pretium
721 2785 805 2831 fuit
825 2802 943 2830 nova
978 2782 1138 2829 auxilia
1165 2786 1210 2826 <Sc
1240 2781 1473 2843 pharmaca
1504 2777 1714 2839 indagare
1738 2796 1748 2821 :
1771 2783 1816 2822 &
1849 2777 1896 2822 in
1932 2777 1996 2822 rei
2033 2778 2221 2824 veritate
2251 2778 2284 2823 fi

463 2878 491 2897 υ
511 2853 620 2917 quid
641 2851 788 2898 salutis
807 2849 1042 2895 inventum
1061 2845 1197 2892 fuerit
1216 2845 1263 2889 in
1284 2845 1362 2889 isto
1382 2841 1544 2887 morbo
1562 2876 1573 2894 ‚
1594 2840 1679 2887 fuit
1699 2841 1844 2906 potius
1873 2858 1925 2887 ex
1953 2843 2082 2888 novis
2110 2843 2285 2906 experi-

463 2939 491 2959 κ
512 2918 700 2969 mentis,
722 2914 856 2979 quam
892 2931 945 2960 ex
980 2911 1171 2974 antiquis
1205 2908 1375 2955 auxiliis
1403 2907 1576 2954 ratione
1607 2911 1653 2953 δε
1674 2906 1934 2954 auctoritate
1952 2907 2210 2953 multotiens
2236 2907 2289 2952 in

466 3007 498 3025 a>
512 3001 668 3030 eorum
690 2978 912 3043 scripturis
931 2975 1197 3041 approbatis.

531 3054 590 3095 V.
621 3041 1122 3092 Antoniusssenivenius
1143 3073 1155 3093 ‚
1177 3038 1481 3090 florentinus,
1511 3036 1559 3082 in
1582 3035 1708 3085 Libro
1728 3037 1774 3082 de
1790 3035 1939 3081 abditis
1955 3052 2086 3079 rerum
2109 3037 2257 3095 Caust}
2269 3055 2287 3091 ,¹

471 3111 697 3161 Florentiae
722 3108 879 3155 excuso
903 3125 1020 3153 anno
1059 3124 1194 3168 1507.
1220 3104 1311 3148 haec
1334 3102 1469 3149 habet
1490 3102 1547 3148 de
1564 3117 1664 3147 ortu
1682 3101 1765 3147 luis
1785 3115 1983 3147 venereae
2005 3118 2014 3143 z
2037 3120 2057 3134 «ι
2079 3102 2287 3146 ΝονυΜ

473 3205 497 3241 ‚’³
516 3177 664 3226 morbi
696 3190 831 3239 genus
850 3190 966 3222 anno
985 3171 1132 3224 salutis
1149 3167 1435 3233 nonagesimo
1454 3165 1575 3215 sexto
1597 3166 1725 3231 supra
1741 3165 1863 3215 mille
1886 3162 2244 3227 quadringentos
2254 3165 2291 3210 ‘a

2039 3227 2295 3289 Christian&
