2477 3643
728 124 1409 201 Lrntn11.⁵CA1›ur
1471 160 1546 203 11.
1956 166 2037 227 ’δ’

194 235 360 286 delicet
380 231 568 281 artificio
590 267 601 285 ,
628 250 718 296 quo
749 234 1065 280 celeberrimus
1084 236 1341 280 Newtonus
1367 253 1459 281 non
1483 236 1545 283 ita
1571 237 1746 301 pridem
1773 241 1871 290 usus
1895 247 1953 292 est
1969 246 2030 296 iu„

198 299 489 349 conficiendis
507 298 777 361 telescopiis‚
800 317 894 361 quae
917 300 1020 345 licet
1043 297 1199 345 brevia
1218 298 1299 343 sint
1315 332 1328 350 ,
1349 317 1434 364 ope
1453 318 1601 347 tamen
1630 305 1884 353 reflexionis
1913 328 2015 357 cum

200 366 466 414 refractione
498 366 738 424 conjunclzae
771 363 978 410 effechim
1011 381 1114 410 eum
1146 364 1343 427 praestant
1372 364 1419 409 in
1450 365 1739 415 observandis
1769 369 1982 421 sideribus
2001 408 2014 427 ,

194 430 370 495 qualem
400 429 422 474 εἰ
448 426 728 491 longioribus
748 428 994 492 telescopiis
1016 429 1188 492 sperare
1210 428 1282 475 vix
1303 429 1474 475 liceret.

260 498 470 540 Extremo
503 491 680 553 hujusce
704 492 987 557 microscopii
1017 493 1125 539 tubo
1145 527 1156 545 ,
1181 493 1257 555 qui
1275 492 1329 539 ab
1362 495 1493 540 oculo
1529 494 1776 559 longiffime
1800 499 1985 548 distabat
2003 535 2016 555 ,

197 560 313 606 vitra
333 558 594 623 aptabantur
617 558 744 621 plana
766 558 836 604 vel
858 559 1018 605 leviter
1039 575 1234 604 concava
1253 592 1264 609 ‚
1286 575 1380 620 quae
1411 560 1598 621 guttulas
1626 562 1796 625 aliquot
1832 567 2016 612 conclu-

196 624 357 671 derent
379 623 462 670 seri
489 622 634 668 educti
653 622 676 666 a
705 622 915 685 sanguine
947 623 1097 669 recens
1120 622 1272 668 emiss'o
1295 624 1318 668 ὲ
1346 625 1469 670 venis
1491 625 1591 687 aegri
1610 627 1840 685 cujussibet
1862 649 1870 675 :
1895 633 2015 679 Dein

197 689 349 734 omnia
369 705 421 734 ex
440 703 532 733 arte
556 688 940 751 componebantur
959 703 1006 733 ut
1023 687 1134 732 vitra
1150 687 1206 732 ad
1225 687 1508 753 microscopii
1532 691 1686 736 focum
1707 693 1985 742 consisterent
2000 731 2013 750 ,

194 768 326 816 atque
340 752 860 817 derepenteintuentium
887 752 1024 797 oculis
1050 752 1206 814 ingens
1222 752 1494 799 offerebatur
1521 755 1890 806 animalculorum
1910 779 2017 808 exa·

192 835 296 865 men
316 818 455 863 fluido
484 817 760 880 limpidoque
791 817 968 862 humori
994 816 1220 862 celerrime
1246 817 1540 864 innatantium
1557 853 1568 871 ,
1589 838 1682 883 quae
1701 838 1747 867 ut
1768 823 1846 870 Ille
1868 826 2013 874 aiebat

193 901 275 947 pro
295 882 377 928 alifi
396 881 544 927 morbi
562 883 715 927 natura
733 881 814 927 alia
832 880 977 927 formai
997 880 1248 945 spectabilia
1266 880 1458 928 fuissent.
1488 886 1717 948 Postquam
1744 886 1833 934 haec
1859 891 2013 939 omnia.

193 948 249 993 ab
279 946 544 993 adstantibus
563 947 738 992 abunde
762 945 947 1010 spectata
965 961 1090 1003 erant
1108 979 1119 996 ,
1142 946 1266 991 vitris
1286 946 1444 993 iisdem
1464 948 1487 992 a
1510 948 1807 1016 microscopio
1840 954 2012 1002 detrac„

196 1013 249 1057 tis
275 1028 416 1075 guttas
446 1012 613 1074 aliquot
633 1010 864 1056 instillabat
887 1011 1086 1057 humoris
1108 1010 1214 1056 alius
1233 1045 1243 1063 ‚
1262 1010 1360 1056 foeti
1379 1046 1390 1064 ‚
1419 1030 1466 1057 ut
1489 1013 1579 1077 ipse
1600 1014 1779 1062 dicebat
1798 1052 1811 1069 ,
1831 1021 2014 1068 animal-

196 1077 303 1123 culis
321 1111 333 1129 ,
355 1095 448 1139 quae
476 1077 627 1140 priora
650 1091 914 1121 venarentur
933 1081 980 1121 ὃ(
1005 1075 1234 1126 delerent,
1266 1081 1315 1121 δε
1342 1077 1549 1123 omnibus
1580 1079 1729 1126 denuo
1764 1099 1857 1130 arte
1886 1103 2014 1131 com..

193 1140 340 1206 positis
359 1176 370 1193 ,
392 1140 558 1186 mutati
583 1139 727 1185 subito
747 1139 873 1185 scena
893 1140 1002 1185 nihil
1022 1139 1258 1203 apparebat
1278 1140 1462 1204 amplius
1482 1176 1493 1193 ‚
1510 1143 1627 1206 quasi
1650 1145 1739 1190 visa
1757 1148 1894 1195 inodo
1917 1151 2014 1197 ani-

192 1207 378 1252 malcula
407 1205 430 1250 εὶ
459 1205 770 1269 posterioribus
797 1205 1108 1250 internecione
1139 1204 1286 1249 deleta
1308 1205 1427 1250 illico
1449 1207 1734 1255 evanuill'ent.

253 1271 444 1315 Minime
472 1270 633 1314 mirum
654 1271 712 1314 est
740 1268 950 1314 similibus
979 1269 1197 1332 praestigiis
1224 1267 1375 1315 fucum
1404 1275 1449 1315 &
1477 1271 1555 1317 diu
1588 1278 1634 1318 &
1671 1274 1818 1321 multis
1848 1276 2013 1326 fastum

191 1334 316 1381 fuiffe
335 1353 346 1387 ·,
367 1333 440 1380 sed
463 1333 641 1380 tandem
674 1332 822 1378 sedula
857 1339 902 1378 <Sc
932 1332 1101 1378 curiosa
1129 1332 1414 1395 inquisitione
1441 1335 1584 1398 palam
1619 1342 1665 1383 &
1697 1342 1844 1402 aperte
1873 1344 2013 1404 patuit

223 1415 378 1445 uatuor
402 1397 578 1444 infimos
609 1397 889 1461 microscopii
922 1397 1050 1443 tubos
1082 1397 1238 1443 visioni
1275 1399 1540 1445 nullomodo
1577 1401 1781 1450 conferre
1803 1439 1814 1456 ‚
1852 1404 1928 1452 sed
1957 1408 2013 1454 ad

188 1417 389 1510 {laudem
416 1463 543 1508 unice
559 1478 837 1527 comparatos
855 1461 939 1508 effe
962 1482 970 1508 :
989 1463 1116 1510 Vitra
1138 1462 1329 1527 proinde
1353 1462 1447 1509 sero
1468 1464 1686 1529 sanguinis
1709 1469 1777 1514 vel
1797 1469 1883 1516 alio
1903 1490 2014 1534 quo-

190 1546 380 1592 cumque
407 1528 597 1574 humore
621 1528 845 1573 madentia
863 1561 874 1578 ,
898 1545 992 1590 quae
1021 1542 1219 1573 extremo
1249 1527 1394 1573 ultimi
1428 1529 1523 1575 tubi
1552 1546 1676 1577 tanto
1704 1551 1911 1597 apparatu
1933 1555 2013 1602 ap-

189 1593 394 1639 tabantur
412 1627 424 1645 ,
454 1591 768 1638 ludificationis
793 1591 962 1637 tantum
983 1592 1110 1638 causa
1129 1593 1315 1656 apponi,
1337 1591 1438 1638 curn
1456 1612 1537 1653 nec
1557 1595 1751 1659 liquores
1772 1617 1883 1661 quos
1904 1619 2014 1647 con-

189 1658 382 1704 tinerent
398 1691 410 1709 ‚
439 1675 519 1703 nec
547 1657 810 1702 animalcula
830 1691 841 1708 ‚
862 1656 892 1701 fi
925 1674 1011 1720 qua
1046 1655 1203 1702 iisdem
1236 1656 1423 1704 inessent
1442 1692 1453 1710 ‚
1482 1660 1527 1705 in
1550 1661 1831 1725 conspestum
1856 1667 2013 1714 venire

188 1722 358 1787 possent
379 1741 388 1767 ε
411 1726 628 1785 Supremo
656 1721 827 1766 tantum
845 1721 953 1766 tubo
977 1721 1190 1768 visionem
1221 1720 1347 1772 fieri‘,
1385 1727 1430 1767 δέ
1460 1740 1515 1769 eo
1543 1724 1638 1770 solo
1667 1727 2013 1794 microscopium

189 1787 419 1833 consistere
443 1806 452 1832 :
474 1793 524 1832 In
548 1786 673 1845 hujus
697 1802 898 1832 extremo
920 1786 1034 1831 vitra
1057 1785 1290 1831 artificiose
1311 1786 1476 1833 latuiffe
1498 1822 1511 1840 ,
1531 1807 1625 1851 quae
1651 1790 1868 1853 liquorem
1899 1812 2012 1841 con-

187 1851 416 1898 cluderent
436 1851 626 1914 aliquem
644 1851 916 1897 animalculis
936 1850 1093 1897 foetum
1113 1884 1124 1903 ,
1141 1850 1290 1913 quales
1316 1850 1496 1914 plurimi
1516 1855 1613 1899 noti
1632 1853 1730 1901 sunt
1753 1876 1761 1902 z
1785 1861 1904 1904 Dum
1931 1878 2013 1907 cae-

187 1917 274 1962 teri
301 1916 396 1962 tubi
422 1915 690 1963 videbantur
720 1916 774 1961 ad
804 1914 984 1961 visionis
1010 1916 1243 1977 negotium
1271 1916 1481 1979 componi
1503 1951 1514 1969 ,
1546 1919 1661 1965 vitra
1684 1920 1866 1968 latentia
1891 1923 1916 1969 εὶ
1944 1924 2013 1985 sy-

188 1981 408 2044 cophanta
439 1982 510 2026 vel
541 1981 596 2026 ad
624 1980 776 2026 focum
799 1980 991 2043 supremi
1017 1980 1113 2025 tubi
1140 1979 1296 2025 callide
1325 1980 1512 2026 deducta
1531 2015 1543 2033 ,
1572 1984 1644 2030 vel
1674 1985 1727 2030 ab
1748 1987 1910 2034 eodem
1930 1989 2011 2035 ab·

186 2046 314 2092 dueta
335 2045 459 2092 fuiffe
477 2079 488 2097 ‚
520 2061 652 2108 atque
682 2044 732 2090 ea
763 2045 937 2091 ratione
968 2043 1099 2090 facile
1127 2062 1208 2108 pro
1234 2043 1378 2090 lubitu
1402 2047 1588 2109 potuisse
1608 2049 1896 2106 animalcula,
1915 2071 2012 2118 qua:

183 2110 430 2174 liquoribus
451 2110 624 2156 inerant
641 2144 653 2162 ,
672 2110 744 2156 vel
764 2109 917 2155 offerri
939 2109 1010 2155 vel
1032 2108 1229 2155 subtrahi
1246 2109 1516 2156 intuentium
1536 2113 1802 2177 conspectui.

248 2179 311 2220 En
338 2191 450 2221 artes
480 2175 627 2220 callidi
657 2174 840 2237 quidem
863 2179 908 2220 δε
927 2173 1157 2220 vaferrimi
1176 2175 1440 2220 veteratoris
1459 2209 1470 2227 ,
1498 2176 1573 2223 sed
1593 2177 1718 2224 simul
1751 2180 1885 2227 etiam
1903 2183 2010 2230 vere

181 2239 548 2304 impudentissimi
566 2274 577 2291 ‚
596 2240 673 2302 qui
705 2239 901 2302 praesenti
928 2238 1083 2284 saeculo
1101 2272 1112 2290 ,
1142 2238 1247 2284 dum
1270 2239 1430 2284 florent
1453 2240 1610 2288 litterae
1630 2248 1676 2289 δε
1694 2261 1842 2290 rerum
1861 2247 2010 2309 Physi-

185 2322 333 2350 carum
357 2304 492 2349 studia
512 2338 524 2355 ,
546 2303 726 2349 Lutetiae
748 2304 793 2348 in
822 2304 930 2349 urbe
961 2302 1127 2348 scilicet
1155 2302 1407 2349 doc'tissimis
1431 2304 1536 2351 viris
1556 2307 1831 2354 refer-tillim&
1847 2344 1860 2362 ,
1881 2312 2009 2359 ludos

184 2368 427 2414 istiusmodi
451 2368 597 2414 facere
621 2385 708 2412 non
730 2367 1002 2413 dubitaverit
1026 2374 1035 2412 ἱ
1055 2366 1223 2414 Nescio
1243 2368 1427 2430 quidem
1445 2387 1581 2432 quem
1599 2370 1870 2419 fallaciarum
1887 2375 2009 2423 fruc-

184 2448 277 2477 tum
306 2433 384 2478 fibi
403 2432 493 2496 ipse
522 2429 776 2496 promisisset
794 2466 806 2485 ,
827 2431 900 2478 sed
923 2434 1043 2477 certe
1065 2431 1154 2476 scio
1181 2433 1314 2494 quam
1336 2433 1516 2480 meritus
1544 2434 1687 2483 fuerat
1706 2455 1878 2501 poenam
1902 2440 2009 2504 fug&

185 2497 424 2560 prudenter
451 2497 606 2543 cavisse
624 2515 635 2549 3
655 2513 758 2541 nam
778 2496 854 2542 ubi
870 2496 1063 2560 primum
1083 2495 1208 2542 sensit
1236 2495 1411 2543 fraudes
1445 2500 1615 2562 retegi,
1637 2502 1882 2549 convasatis
1916 2505 2009 2550 sar..

183 2561 338 2606 cinulis
374 2562 486 2605 clam
522 2561 882 2614 abiit,exceffit,
911 2560 1074 2611 evasit,
1108 2561 1265 2624 erupit.
1307 2562 1375 2608 Sic
1413 2564 1596 2627 explosis
1630 2565 1809 2612 tandem
1843 2564 2005 2616 fabulis

179 2626 501 2671 commentitiis
521 2659 532 2677 ,
555 2623 780 2672 Medicina
808 2624 1111 2689 antiquiffimis
1141 2625 1314 2688 legibus
1341 2628 1532 2674 restituta
1550 2662 1563 2682 ,
1597 2635 1643 2676 δε
1662 2630 1686 2676 εὶ
1707 2630 1912 2679 ludibriis
1937 2633 2006 2682 fe-

185 2690 330 2738 liciter
360 2690 586 2738 vindicata
604 2690 675 2737 est.

881 2883 1011 2934 ‘95⁵'
1025 2883 1155 2932 ’Ἓξ-ς’

958 2934 1162 3037 ‘af-{a

1168 2883 1302 2966 ἒς

1166 2964 1197 2986 Ὁ

1650 3271 1702 3320 Μ
1732 3272 1764 3319 ii
1766 3275 1784 3334 j
