2477 3643
218 1885 281 1936 (a)
306 1882 352 1922 Id
371 1890 433 1918 te-

196 1938 272 1977 fext
288 1940 435 1973 Mercu·

201 2150 245 2183 M
249 2142 437 2182 aximilia-

199 2209 286 2236 num
298 2201 313 2233 l
319 2202 336 2232 Ι
342 2220 350 2229 .
359 2202 436 2244 pra-

191 2248 279 2300 fixa‘*
308 2249 437 2285 editio-

200 2303 240 2341 πὶ
261 2315 298 2340 2-
311 2303 436 2341 Libro-

201 2368 282 2393 rum
296 2357 338 2394 de
351 2359 439 2392 Arte

203 2409 413 2473 Gymnasii-

207 2476 265 2503 ca.

257 2547 400 2608 1587.

221 2638 276 2687 (b)
297 2635 442 2675 Castel-

205 2692 309 2729 lanus
330 2716 342 2734 ,
373 2692 412 2725 in

207 2746 297 2781 vitis
338 2742 442 2790 illus-

205 2797 317 2832 trium
329 2795 444 2834 Medi·

209 2860 338 2894 corum.

469 130 564 185 498
827 122 931 170 DE
1004 116 1383 167 MORBIS
1459 115 1954 166 VENEREIS.

470 203 602 254 fuiffe
616 238 629 258 ,
649 204 841 269 quoniam
870 204 969 250 duce
1002 199 1290 264 Christophoro
1307 195 1501 242 Columbo
1524 215 1582 243 ex·
1607 198 1740 244 Indiis
1757 197 1948 262 Hispani
1962 206 2060 243 eam
2089 188 2318 244 detulerint.

469 270 632 319 Asserit
651 285 804 317 autern
827 274 935 334 Cap.
959 287 1001 325 4.
1037 266 1187 328 coepiſj}
1217 280 1321 309 anno
1344 279 1468 318 1494.
1480 261 1558 320 fiab
1586 264 1738 308 Carolo
1769 267 1912 310 ottavo
1930 266 2186 309 Francorum
2213 267 2317 327 Rege

469 343 651 401 Regnum
691 336 1027 398 Neapolitanum
1062 329 1285 376 invadente
1302 359 1315 380 ,
1325 328 1564 389 sedenteque
1581 329 1832 375 Alexandro
1865 331 1963 376 VI.
1995 328 2187 388 Pontifice
2222 346 2314 374 ma-

468 407 595 449 ximo,
2050 418 2087 422 ,η

530 470 599 512 ΙΙ.
634 462 854 526 Proponit
887 466 996 523 Cap.
1031 463 1072 504 6.
1112 457 1163 504 ὠ
1183 457 1300 521 seqq.
1331 455 1451 519 signa
1469 454 1742 518 diagnostica
1772 460 1818 502 &
1843 457 2125 522 prognostica
2152 455 2313 503 Morbi

468 529 631 576 Gallici
649 526 905 591 incipientis
919 559 932 577 ,
953 523 1206 571 confirmati
1224 556 1237 574 ‚
1261 521 1531 574 inveterati3
1552 537 1600 566 ac
1620 520 1786 566 deinde
1800 523 1858 568 ad
1871 526 1973 568 Luis
1994 539 2194 570 venereae
2214 522 2312 569 the·

468 595 663 660 rapeiam
690 591 940 657 progressus
975 591 1138 654 primas
1175 585 1324 633 defert
1362 586 1557 633 decoCfis
1598 584 1844 632 sudorificis
1873 588 2087 641 Guaiaci,
2117 586 2276 633 Chinae
2295 601 2315 642 ‚f

471 657 787 721 Salsae-parillae
805 691 819 710 ,
855 672 1049 721 quorum
1083 652 1472 720 praeparandorum
1497 649 1764 698 methodum
1794 650 1944 699 multis
1973 655 2166 718 explicat
2198 659 2313 718 Cap«,

469 743 520 788 15·
553 725 602 770 a*
625 725 740 786 seqq·
803 773 813 797 ,
1375 784 1381 791 ,
2041 784 2046 790 ,

529 794 546 834 Ι
565 792 583 833 Ι
605 794 638 833 Ι.
671 790 876 850 Qoniam
893 798 1024 830 tamen
1048 781 1233 830 Morbus
1262 783 1450 828 Gallicus
1469 780 1568 827 adeo
1590 795 1806 828 contumax
1830 778 1879 838 est
1893 819 1908 835 ,
1931 794 1973 827 ut
2003 779 2118 827 diuis
2136 782 2312 829 medica-

465 857 603 899 mentis
613 855 682 911 seu
699 854 864 898 decorus
884 851 993 895 nullo
1008 850 1128 913 patio
1156 847 1272 894 cedat
1291 881 1303 900 ,
1334 845 1498 893 fatetur
1520 838 1557 892 'C
1561 862 1629 910 ap.
1652 851 1707 892 18.
1730 848 1873 908 aliqua
1897 845 1950 890 ab
1983 849 2205 910 Empiricis
2238 849 2313 893 ad-

471 921 644 963 inventa
655 917 771 978 fuiffi’
788 915 973 982 praefidia
992 952 1004 967 ‚
1026 930 1106 975 qua
1125 927 1213 958 tuta
1232 911 1449 957 admodum
1477 914 1568 958 licet
1585 930 1662 957 non
1671 913 1757 972 sint
1777 949 1792 964 ‚
1811 912 1989 956 cor-retia
2007 924 2137 955 tamen
2160 911 2211 959 ᾤ’
2228 929 2313 956 me-

467 983 588 1028 thodo
609 982 788 1045 quddam
818 981 975 1026 tradita
1003 978 1184 1037 feliciter
1204 977 1427 1037 succedunt
1432 1010 1566 1021 .....
1587 981 1700 1022 Inter
1734 993 1816 1038 qua
1832 978 2006 1039 primum
2024 975 2313 1036 locumsuffitus

459 1049 555 1109 five
566 1047 838 1109 fitffumigium
860 1045 1020 1090 obtinet.
1050 1041 1274 1089 Caeterum
1294 1041 1492 1087 admittit
1510 1041 1658 1088 ibidem
1666 1041 1899 1104 suffumigia
1914 1041 2079 1085 duorum
2089 1057 2277 1104 generum
2294 1058 2307 1086 ς

469 1115 556 1158 alia
576 1130 626 1157 ex
645 1110 816 1157 materiei
835 1108 1004 1173 benigni
1019 1147 1033 1161 ,
1051 1124 1143 1171 quae
1165 1106 1262 1153 thus
1279 1140 1291 1159 ,
1312 1106 1440 1152 alo'c‘n
1457 1140 1470 1159 ,
1492 1105 1718 1168 myrrham
1736 1139 1749 1157 ,
1767 1105 2105 1151 cinnamomum
2121 1138 2133 1157 ,
2150 1122 2315 1153 nucem

469 1176 754 1223 Moschatam
769 1210 781 1228 ‚
804 1176 976 1239 lignum
1012 1173 1161 1226 alo'e's,
1183 1174 1394 1233 styracem
1411 1205 1423 1224 ,
1458 1171 1686 1217 succinum
1708 1175 1794 1217 &c.
1827 1186 1869 1216 at
1903 1171 2012 1216 vero
2030 1171 2312 1217 Mercurium

470 1242 644 1288 nullum
663 1260 674 1294 3
694 1244 802 1288 Alia
841 1239 939 1286 verb
969 1256 1020 1283 ex
1037 1236 1236 1283 venenosd
1255 1277 1269 1291 ‚
1289 1254 1384 1300 qua>
1405 1254 1498 1282 non
1524 1236 1662 1283 modo
1683 1234 1964 1282 cinnabarim
1986 1241 2032 1281 &
2062 1235 2312 1299 praecipita-

469 1322 567 1354 tum
587 1306 867 1353 Mercurium
887 1338 899 1358 ‚
920 1303 996 1350 sed
1014 1303 1151 1350 etiam
1172 1303 1550 1368 auripigmentum
1585 1301 1676 1348 five
1698 1305 1956 1347 Graecorum
1991 1299 2306 1348 sandaracham

471 1387 713 1437 reeipiunt.
2200 1375 2205 1377 ’

530 1443 619 1484 IV.
652 1436 794 1483 Addit
827 1441 937 1499 Cap.
969 1449 1038 1478 20.
1058 1433 1252 1496 fiipereffe
1271 1431 1382 1478 modo
1416 1431 1491 1477 duo
1514 1430 1774 1493 efficacissima
1793 1430 1981 1495 presidia
2006 1433 2125 1476 etiam
2156 1448 2209 1476 ex
2237 1431 2317 1494 hy:

473 1502 688 1567 drargyrio
707 1502 879 1559 confecia
896 1499 997 1559 ,sed
1017 1497 1232 1543 admodum
1252 1498 1490 1561 periculosa.
1510 1533 1519 1543 .
1543 1531 1552 1541 .
1568 1530 1578 1541 .
1603 1498 1872 1542 Inuntfiionem
1898 1513 1951 1541 ex
1977 1509 2140 1558 argento
2173 1500 2278 1542 vivo
2297 1515 2318 1553 ,¹

474 1566 526 1613 ό*
550 1585 575 1612 u
593 1585 657 1613 um
676 1568 926 1630 Pracipitati
950 1577 1025 1626 per
1044 1579 1098 1607 os.
1117 1596 1126 1606 .
1151 1595 1160 1606 .
1185 1595 1194 1606 .
1215 1564 1396 1608 Inuniiio
1418 1560 1694 1619 administrari
1722 1559 1836 1605 debet
1855 1564 1978 1621 juxta
1995 1559 2148 1611 illum,
2185 1559 2312 1606 tribus

475 1631 614 1678 diebus
646 1635 837 1678 continuis
859 1669 873 1684 ‚
903 1631 953 1678 Θ
986 1627 1221 1690 interpositis
1258 1629 1352 1672 aliis
1374 1625 1500 1672 tribus
1533 1625 1669 1672 diebus
1700 1640 1904 1688 repetatur
1932 1623 2058 1670 denuo
2076 1663 2091 1679 ,
2118 1626 2316 1687 quousque

474 1712 620 1741 novem
639 1695 800 1742 vicibus
819 1699 1038 1758 inungatur
1058 1710 1168 1756 ager.
1190 1726 1199 1736 .
1220 1726 1230 1735 .
1260 1728 1270 1737 .
1294 1693 1399 1751 Usus
1418 1689 1518 1736 verb
1532 1693 1784 1755 Pracipitati
1799 1705 1874 1754 per
1897 1706 1936 1734 os
1959 1690 2143 1754 affumpti
2166 1688 2192 1734 a
2217 1693 2315 1752 qui-

475 1760 643 1821 busdam
651 1762 815 1821 fitmmis
839 1757 1029 1806 laudibus
1062 1759 1270 1802 extollitur
1304 1760 1345 1803 in
1377 1756 1628 1802 eradicando
1647 1754 1807 1802 Morbo
1824 1756 2004 1801 Gallico.
2035 1755 2127 1800 Sed
2137 1755 2225 1800 cum
2243 1754 2318 1801 hoo

477 1826 808 1872 medicamentum
818 1826 874 1886 sit
905 1822 1033 1870 vald&
1053 1821 1287 1881 venenosum
1303 1861 1318 1875 ‚
1334 1821 1384 1866 ὥ·
1404 1825 1505 1867 inter
1523 1823 1611 1866 alia
1630 1820 1877 1866 incommoda
1893 1836 2021 1865 venas
2048 1819 2227 1865 thoracis
2245 1819 2321 1865 vel

477 1893 705 1955 pulmonum
715 1892 950 1953 frequenter
971 1889 1221 1951 disrumpat,
1239 1903 1493 1950 nequaquam
1515 1887 1623 1933 illud
1637 1884 1814 1951 probat,
1834 1883 1910 1930 imo
1941 1884 1994 1930 ab
2021 1889 2103 1942 ejus
2127 1883 2316 1945 ufitfitm2

479 1954 644 2019 mopere
662 1957 857 2016 dissuadet
874 1956 1133 2017 quoscunque.

542 2020 685 2065 Porro
703 2021 759 2065 de
778 2018 965 2064 Editore
985 2017 1076 2062 duo
1101 2015 1246 2061 notari
1276 2015 1425 2062 velim.
1460 2016 1520 2060 1⁹.
1552 2015 1623 2061 Ab
1642 2013 1722 2059 illo
1742 2012 1867 2059 asseri
1889 2016 1932 2059 in
1947 2012 2110 2058 Scholia
2127 2013 2187 2059 ad
2206 2016 2320 2078 Cap.'

483 2100 527 2140 4.
556 2083 760 2131 Morbum
794 2085 1001 2129 Gallicum
1020 2083 1092 2141 suo
1117 2095 1287 2144 tempore
1321 2084 1363 2124 in
1389 2078 1595 2138 manifestd
1628 2080 1892 2124 declinatione
1922 2078 2090 2138 positum
2127 2079 2210 2138 effe.
2253 2079 2316 2124 2⁰.

481 2151 667 2196 Nomen
687 2151 894 2194 Gallicum.
913 2146 967 2192 ab
988 2163 1042 2192 eo
1062 2144 1192 2190 unic&
1213 2145 1226 2190 l
1244 2143 1456 2208 scriptum
1476 2141 1602 2190 fuisse
1626 2158 1724 2188 toto
1744 2140 1920 2188 Libello
1937 2178 1950 2194 ,
1980 2156 2027 2186 ut
2046 2141 2138 2205 ipse
2159 2159 2317 2190 monet

481 2212 530 2259 in
546 2211 810 2260 Praefatione
826 2231 837 2266 3
854 2211 929 2257 sed
946 2210 1175 2274 egregiam
1196 2211 1417 2255 rationem
1435 2208 1599 2254 mirare
1617 2214 1626 2253 ¹.
1649 2211 1829 2271 Nempe
1850 2220 1898 2252 ut
1911 2205 2027 2251 inter
2043 2205 2129 2252 hoc
2150 2225 2321 2255 nomen

483 2281 675 2325 Galicum
698 2283 743 2324 δε
767 2277 1035 2336 adjectivum
1060 2276 1264 2320 Gallicum
1285 2271 1526 2320 discrimen
1555 2274 1815 2319 statueretur
1835 2304 1847 2323 ,
1866 2270 2081 2335 propterea
2102 2271 2210 2334 quod
2226 2311 2239 2326 ,
2269 2288 2318 2319 ut

485 2343 576 2407 ipse
597 2344 657 2389 ait
675 2377 687 2396 ,
709 2347 791 2389 lues
809 2359 983 2390 venerea
1005 2338 1183 2404 imperite
1202 2337 1229 2383 a
1248 2341 1387 2385 Gallis
1411 2338 1768 2385 denominationem
1787 2340 1966 2384 traxerit
1985 2372 2001 2389 ,
2028 2353 2099 2383 nec
2123 2342 2250 2402 magis
2276 2342 2322 2385 in

490 2411 634 2458 Gallos
646 2410 792 2470 saviat
807 2447 821 2464 ,
845 2406 967 2473 quam
987 2409 1029 2453 in
1044 2406 1256 2469 Hispanos
1277 2402 1327 2450 (ῥ’
1348 2405 1490 2451 Italos.
2171 2403 2178 2407 '

552 2542 1005 2587 erRoNYMUs
1061 2537 1209 2581 ΜιῑΡΧ
1231 2550 1393 2580 cnm
1415 2547 1490 2579 AL
1514 2548 1567 2578 18
1596 2565 1610 2586 ‚
1645 2532 1956 2580 Foroliviensis
1983 2567 1996 2586 ,
2037 2548 2162 2579 natus
2198 2540 2320 2579 anno

495 2622 511 2651 1
527 2622 549 2670 ς
566 2623 636 2667 30.
668 2607 766 2660 Jam
788 2605 842 2651 ab
865 2620 983 2650 anno
1021 2609 1153 2664 1562.
1181 2603 1265 2658 (a)
1294 2605 1421 2644 Roma
1441 2600 1657 2644 Medicum
1690 2598 1833 2662 agebat
1866 2598 2109 2645 Alexandri
2131 2597 2318 2645 Farnefii

486 2670 740 2717 Cardinalis
760 2704 772 2722 ‚
794 2670 872 2734 qui
900 2668 1014 2714 filius
1044 2681 1138 2713 erat
1159 2664 1276 2711 Petri
1296 2662 1518 2710 Ludovici
1535 2662 1722 2709 farnefii
1741 2697 1754 2716 ,
1776 2663 1915 2710 Ducis
1946 2662 2184 2710 Parmensis
2202 2696 2214 2714 ,
2235 2679 2319 2710 ne-

487 2735 656 2800 posque
676 2736 798 2782 Pauli
832 2739 929 2781 111.
962 2731 1123 2778 summi
1152 2728 1408 2781 Pontifici33
1436 2727 1520 2786 (b)
1545 2729 1740 2790 quoufijue
1767 2727 1943 2774 Senatus
1967 2732 2112 2774 Veneti
2140 2732 2318 2773 Decreta

487 2818 592 2846 anno
615 2807 724 2860 1569.
746 2817 886 2846 munus
905 2802 940 2843 ei
958 2798 1135 2843 delatum
1153 2793 1203 2853 esi
1220 2832 1234 2847 ,
1248 2810 1289 2839 ut
1318 2798 1360 2839 in
1382 2792 1618 2839 Academia
1637 2792 1856 2838 Patavini
1878 2797 2102 2856 principem
2116 2795 2318 2856 interpre-

488 2866 618 2911 tanda
638 2865 865 2913 Medicina
882 2864 1068 2929 prat‘iicae
1087 2863 1214 2906 locum
1232 2857 1421 2904 obtineret
1441 2896 1455 2911 ,
1472 2875 1608 2921 quem
1630 2857 1820 2904 Antonii
1847 2856 2151 2903 Francantiani
2170 2856 2319 2901 obitus

487 2948 679 2978 vacuum
697 2929 878 2977 fecerat.
905 2933 1040 2974 Hunc
1068 2931 1315 2990 Imperator
1334 2922 1667 2969 Maximilianus
1686 2928 1703 2968 Ι
1720 2927 1752 2968 Ι.
1774 2921 1957 2986 ancipiti
1986 2921 2148 2968 morbo
2165 2919 2316 2984 impli‘

487 2995 602 3042 citus
620 2998 645 3024 *
665 3013 784 3042 anno
812 3013 827 3040 1
846 3012 953 3061 573.
985 2992 1046 3040 ob
1082 2990 1208 3038 famae
1238 2988 1541 3038 celebritatem
1562 2987 1616 3035 ad
1637 2987 1679 3035 se
1697 2986 1938 3035 accersivit.
1973 2986 2134 3034 Redux
2154 2985 2316 3033 eodem

559 3104 585 3134 ἢ(
617 3104 703 3139 Non
723 3104 813 3143 vero
836 3115 929 3141 anno
962 3108 1078 3149 1583⁹
1100 3113 1139 3138 ut
1167 3098 1328 3137 referunt
1355 3096 1578 3135 Castellanus
1606 3097 1644 3133 in
1667 3097 1753 3132 vitis
1777 3095 1998 3134 Medicorum
2013 3119 2026 3137 ,
2052 3098 2086 3130 &
2115 3095 2317 3129 comnenus

490 3155 663 3206 Papadop
689 3158 727 3193 in
757 3156 888 3204 Hister.
921 3153 1101 3204 Gymnafii
1126 3154 1302 3190 Patavini
1324 3167 1334 3187 .·
1367 3148 1552 3200 Siquidem
1572 3148 1710 3184 constat
1740 3148 1903 3184 omnium
1930 3145 2202 3183 Histoticomm
2219 3139 2315 3180 testi-⁴

489 3208 615 3249 monio
646 3207 942 3249 Maximilianum
971 3207 1025 3252 11».
1048 3207 1319 3256 Imperatorem
1346 3202 1402 3239 die
1423 3199 1760 3242 12.06k0br.anni
1783 3207 1900 3250 1576.
1927 3193 2119 3237 dcceffiffe.
