2477 3643
629 127 1691 181 Limentincxnurxtt.
1932 153 2022 204 4¹5

1060 240 1167 286 VI.

284 341 530 393 Mercurius
547 342 753 391 violaceus
777 342 1074 409 diaphoreticux
1087 377 1100 398 ,
1109 346 1204 406 five
1221 345 1362 391 Flores
1377 345 1921 395 ammoniaco-mercuriales.

304 484 361 526 ει.
393 470 618 534 zAEthiopis
635 472 840 515 mineralis
866 485 939 534 per
959 470 1286 535 deflagrationem
1306 475 1464 536 parati.
1487 490 1530 539 q.
1550 491 1595 522 v.

303 533 439 581 Adde
472 538 617 597 aequale
633 536 789 599 pondus
806 537 908 595 salis
939 540 1207 591 ammoniaci,
1225 543 1270 583 δε
1290 538 1376 584 una
1398 539 1444 583 in
1464 537 1697 603 pulverem
1717 554 1913 587 contere.

250 598 390 644 Maffa
410 599 457 644 in
485 600 741 646 matratium
764 601 955 646 vitreum
973 601 1153 648 indatur
1171 635 1185 655 ,
1206 607 1326 666 cujus
1347 603 1442 650 duae
1456 620 1601 669 partes
1623 621 1768 652 vacuae
1791 603 1885 651 lint.
1927 600 2017 648 Fiat

189 661 444 710 sublimatio
467 683 519 712 ex
541 681 634 712 arte
665 664 825 712 balneo
843 682 997 711 arenae.

253 731 356 777 Pars
392 730 590 777 violacea
618 730 640 776 a
667 730 844 777 faecibus
875 735 921 775 δε
954 730 977 774 εὶ
1006 730 1210 791 crystallis
1240 732 1609 796 pellucidioribus
1654 751 1748 800 quae
1791 731 2018 798 superiora

189 809 412 858 occupant
428 829 440 847 ‚
469 796 594 841 caute
615 794 839 859 separetur
855 829 868 848 ,
899 800 943 841 δε
959 794 1156 842 servetur
1177 797 1224 842 in
1248 799 1345 843 vase
1367 799 1510 844 vitreo
1535 799 1761 845 obturato.

245 860 431 907 Constat
450 860 525 906 illa
547 862 763 907 Mercurii
783 860 1042 925 pret-paratio
1058 879 1110 907 ex
1128 861 1326 925 partibus
1348 863 1624 909 tenuioribus
1641 863 1861 927 AEthiopis
1877 861 2020 909 mine-

189 924 291 973 ralis
306 958 317 976 ‚
334 942 427 988 quae
447 925 531 971 unii
553 944 654 972 cum
684 925 1009 988 integrantibtts
1028 927 1253 973 nonnullis
1282 928 1377 973 salis
1399 929 1666 975 ammoniaci
1695 929 1852 976 atomis
1879 927 2020 974 subli-

190 1006 317 1038 matae
342 990 438 1037 sunt
454 1024 465 1043 ‚
483 991 602 1037 unde
623 992 760 1036 virtus
780 991 893 1036 illius
912 991 1198 1038 antivenerea
1220 998 1265 1039 δε
1286 993 1608 1057 diaphoretica.

258 1053 420 1101 Efficax
447 1057 505 1103 est
539 1056 611 1102 ille
642 1056 892 1102 Mercurius
911 1090 923 1107 ,
944 1056 1120 1118 quoties
1152 1056 1271 1103 virus
1302 1075 1544 1105 venereum
1578 1058 1895 1122 corrigendum
1925 1059 2017 1111 est,

190 1118 520 1184 liquefacienda
550 1121 717 1184 limpha
750 1120 916 1185 spiffior
938 1154 949 1173 ,
969 1139 1017 1166 ac
1045 1121 1313 1184 diaphoresis
1345 1124 1655 1187 promovenda
1677 1124 1766 1172 sine
1798 1121 2019 1189 ptyalismi

190 1185 406 1250 periculo,
429 1185 740 1296 1Praescribitur
773 1186 797 1233 ὰ
818 1202 885 1250 gr.
909 1202 949 1232 x.
985 1186 1042 1234 ad
1071 1202 1138 1250 gr.
1164 1205 1234 1233 xx.
1260 1187 1309 1234 in
1330 1187 1445 1234 bolis
1474 1188 1544 1236 vel
1569 1188 1717 1253 pilulis
1737 1223 1751 1244 ,
1780 1205 1828 1237 ut
1864 1203 2020 1237 caetera

194 1251 426 1299 Mercuria
445 1250 500 1297 ia.

1044 1364 1085 1410 V
1110 1365 1128 1408 I
1158 1365 1193 1408 Ῑ.

213 1464 370 1514 Sobutio
390 1468 608 1515 Mercurii
621 1480 698 1532 per
724 1467 942 1531 deliquium
961 1500 973 1521 ,
991 1485 1071 1532 quae
1093 1485 1181 1515 cum
1196 1469 1364 1532 ptifimis
1384 1469 1616 1533 quibussibet
1635 1469 1845 1531 admisceri
1862 1468 1998 1534 potest.

250 1590 307 1631 132.
350 1577 444 1621 Sal.
477 1578 712 1622 ammoniae.
757 1593 798 1637 q.
832 1592 880 1620 v.
917 1593 986 1622 ex.
1019 1575 1136 1623 caus.
1175 1575 1204 1641 ξ
1223 1577 1266 1637 ij.
1331 1579 1606 1626 Conteratur
1636 1576 1684 1622 in
1721 1577 2020 1624 tenuissimum

188 1640 343 1709 pollen
369 1639 417 1684 in
438 1640 656 1685 mortario
677 1657 932 1687 marmoreo
952 1659 1053 1686 cum
1072 1641 1223 1704 ligneo
1243 1642 1419 1705 pistillo.

251 1703 467 1752 Contrito
495 1703 639 1765 adjice
669 1704 877 1766 guttatim
901 1711 1118 1752 Mercurii
1149 1709 1268 1752 crudi
1301 1705 1331 1772 ξ
1348 1710 1376 1767 j.
1420 1704 1575 1752 tandiu
1609 1706 1695 1751 una
1729 1705 1853 1752 simul
1885 1722 1980 1754 tere
2002 1739 2018 1759 ‚

187 1769 336 1817 donec
359 1770 612 1816 Mercurius
635 1769 852 1816 extindms
873 1775 920 1816 δε
940 1788 1042 1817 cum
1062 1769 1146 1818 sale
1167 1773 1449 1818 ammoniaco
1470 1771 1627 1817 intime
1647 1770 1843 1818 subastus
1860 1772 1907 1816 in
1922 1772 2018 1837 pul·¹

191 1852 345 1884 verem
374 1831 630 1880 subfuscum
657 1833 833 1881 abierit.

261 1899 410 1947 Pulvis
435 1898 793 1963 superimpositus
820 1899 1034 1946 marmori
1072 1900 1240 1948 declivi
1278 1900 1560 1966 permittatur
1590 1898 1745 1947 sensim
1779 1901 2019 1965 colliques-

190 1981 295 2013 cere
319 1964 367 2010 in
390 1963 499 2010 ceila
517 1963 685 2010 vinaria
701 1997 714 2017 ‚
744 1963 1030 2027 subjecstoque
1051 1966 1149 2012 vase
1169 1966 1414 2029 excipiatur
1442 1967 1590 2030 liquor
1612 1965 1658 2012 in
1678 1983 1812 2028 quem
1832 1984 2019 2013 conver-

188 2031 298 2078 titur
313 2063 326 2083 ,
344 2029 390 2077 in
410 2032 530 2090 cujus
551 2027 697 2075 fundo
715 2029 962 2095 conspicuat
982 2029 1080 2077 sunt
1100 2031 1323 2078 nonnullae
1341 2031 1559 2078 Mercurii
1576 2045 1710 2094 guttae
1727 2031 1776 2076 in
1794 2031 2022 2095 pristinam

190 2095 384 2145 formam
407 2093 735 2157 redintegratae.

253 2164 508 2208 Decantato
543 2159 721 2223 liquore
755 2158 832 2222 qui
850 2159 1129 2224 supernatat,
1158 2159 1406 2206 Mercurius
1433 2159 1480 2205 in
1506 2159 1649 2205 fundo
1678 2158 1886 2223 superstes
1917 2175 2022 2206 cum

190 2243 316 2274 novo
337 2225 422 2272 sale
450 2225 731 2271 ammoniaco
755 2225 905 2272 denuo
932 2239 1189 2271 conteratur
1207 2258 1220 2277 ,
1246 2224 1477 2288 pulvisque
1505 2225 1614 2271 inde
1646 2222 1874 2271 confecitus
1904 2223 2022 2272 deli-

189 2292 301 2357 quio
327 2289 476 2338 denuo
502 2306 749 2354 exponatur
789 2289 949 2337 eadem
978 2288 1197 2335 methodo
1220 2289 1306 2351 qua
1329 2289 1461 2352 prius.

254 2355 432 2403 Deinde
451 2355 629 2417 liquore
651 2356 698 2400 in
731 2371 866 2417 quem
899 2368 1188 2400 convertetur
1220 2354 1383 2400 iterum
1415 2354 1652 2401 decantato
1675 2352 1955 2407 Mercurius,
1987 2352 2022 2399 fi

193 2421 297 2485 quis
323 2422 459 2468 etiam
482 2418 575 2464 tum
602 2418 898 2484 superfuerit,
928 2436 1029 2464 cum
1063 2417 1148 2464 sale
1178 2419 1458 2464 ammoniaco
1478 2418 1660 2466 tertium
1688 2434 1944 2464 conteratur
1972 2435 2025 2464 ac

191 2484 379 2533 tertium
397 2498 646 2549 exponatur
665 2483 865 2546 deliquio
886 2516 897 2536 ‚
918 2483 1073 2530 eadem
1093 2484 1224 2531 toties
1245 2484 1491 2547 repetendo
1511 2519 1523 2537 ‚
1552 2484 1698 2530 donec
1726 2499 1820 2529 tota
1841 2481 2022 2529 adhibi-

193 2550 230 2598 ti
251 2550 471 2598 Mercurii
492 2548 621 2595 uncia
644 2547 693 2595 in
717 2549 941 2613 liquorem
963 2548 1236 2616 pellucidum
1264 2549 1350 2596 una
1370 2567 1472 2596 cum
1492 2549 1697 2596 adhibito
1730 2547 1819 2595 sale
1849 2565 2024 2594 ammo-

197 2617 330 2664 niaco
346 2614 522 2662 abierit.

259 2682 406 2729 Potest
426 2698 477 2727 ea
496 2677 715 2726 Mercurii
735 2676 898 2725 solutio
921 2677 1099 2745 ptisanis
1124 2678 1395 2742 quibussibet
1411 2713 1423 2732 ,
1443 2697 1490 2724 v.
1505 2693 1548 2742 g.
1579 2676 1755 2742 ptisanae
1777 2674 2026 2724 sudorificae

194 2745 369 2792 affundi
390 2743 483 2791 dofi
504 2743 670 2791 idonea
686 2777 699 2795 ,
721 2760 856 2808 atque
887 2762 967 2792 ore
1005 2743 1209 2792 exhiberi
1244 2744 1332 2792 sine
1355 2744 1471 2790 noxa
1494 2777 1505 2796 ,
1529 2743 1621 2789 imo
1642 2743 1904 2809 plerumque
1931 2757 2025 2787 non

196 2810 288 2857 fine
307 2809 614 2857 einolumento
628 2842 641 2862 ,
663 2808 780 2855 haud
803 2808 965 2874 dispari
983 2809 1202 2856 methodo
1222 2828 1270 2856 ac
1293 2809 1458 2874 ptisana
1479 2809 1633 2856 eadem
1653 2823 1895 2873 praeparato
1916 2823 2025 2867 quo-

197 2875 266 2922 vis
289 2873 548 2921 Mercuriali
563 2890 639 2937 per
659 2872 970 2921 ebullitionem
991 2874 1180 2921 saturata
1206 2907 1218 2927 ,
1248 2891 1296 2921 ut
1325 2873 1450 2938 supra
1479 2874 1645 2920 diorum
1668 2874 1727 2920 est
1754 2873 1945 2920 Articulo
1964 2872 2023 2915 V'.

200 2943 261 2986 At
287 2940 394 2986 verb
424 2938 516 3002 pari
536 2955 715 3002 quoque
734 2937 923 2985 successu
944 2972 956 2989 ‚
973 2939 1057 2984 hoc
1077 2939 1136 2984 est
1155 2956 1398 3002 numquam
1419 2938 1515 2984 satis
1535 2954 1659 2985 certo
1676 2970 1688 2989 ,
1705 2942 1751 2983 δε
1779 2935 1873 2982 fei-«2.-
1893 2951 2029 2979 num·

200 3022 334 3068 quam
358 3002 456 3049 satis
479 3000 646 3050 efficaci
664 3035 675 3053 ,
697 3017 828 3063 atque
859 3002 969 3048 adeo
1001 3002 1079 3065 qui
1114 3002 1321 3067 legitimae¹
1353 3002 1691 3053 Mercurialium
1716 3000 2029 3051 inun&i0num

196 3066 573 3127 administrationi
593 3065 833 3133 plurimum
852 3067 1085 3119 concedat.
