2477 3643
529 126 564 174 L
600 141 616 172 1
652 142 676 174 Β
717 139 741 172 ε
778 141 812 175 R
865 131 922 178 'V2
971 129 998 177 S
1032 144 1056 176 ι
1092 143 1119 176 c
1159 142 1190 177 υ
1226 143 1250 176 ι
1289 143 1317 177 υ
1354 146 1392 177 it
1453 133 1496 178 ἓξ
1531 136 1568 180 V
1602 137 1636 181 L
1897 145 1992 201 437

221 272 305 318 M1
325 283 522 317 cHArt
558 271 627 323 Jo
649 286 843 317 Aunes
881 275 990 319 PAs
1011 287 1231 320 etiams
1256 305 1269 325 ,
1297 271 1986 332 Valentinus(a)Castellonen-

162 334 216 382 fis
235 337 282 382 in
304 334 542 400 Hispania,
566 338 738 382 Dockor
760 337 999 383 Medicinae
1016 371 1027 389 ‚
1052 355 1184 401 quam
1207 337 1282 384 sub
1299 340 1473 391 Ioanne
1500 339 1687 387 Falcone
1707 343 1986 406 Monspeffu-

163 400 273 446 lanae
294 435 306 453 ‚
323 406 365 446 &
387 400 620 447 Ludovico
641 402 838 448 Collado
860 402 1104 450 Valentinae
1131 402 1431 467 Hispanorum
1453 404 1704 452 Academia:
1724 406 1986 455 Profeffori-

165 464 249 512 bus
284 466 472 518 didicit,
498 466 663 531 scripiit
696 470 954 513 Trazstatum
985 471 1057 512 De
1074 468 1233 515 Morbo
1267 471 1427 515 Gallico
1445 507 1458 524 ‚
1486 469 1564 533 qui
1583 472 1716 518 exstat
1737 470 1784 516 in
1805 473 1990 521 Collec-

164 531 291 577 tione
312 530 485 578 Veneta
505 531 670 594 Aloyfii
692 532 855 579 Luismi
872 567 885 586 ‚
912 533 959 578 in
982 549 1074 595 quo
1102 531 1160 580 de
1193 532 1342 580 morbi
1364 533 1587 600 aetiologia⁴
1619 535 1870 602 pauciffima
1885 571 1899 592 ‚
1932 539 1990 588 de

166 595 393 661 therapeia
417 595 523 642 vero
544 615 694 660 pauca.

221 660 445 707 Praemiffis
474 662 603 707 dian-:3
628 660 826 725 legitima
850 694 864 713 ,
896 677 1014 708 venae
1039 659 1232 708 sectione
1254 695 1267 714 ,
1300 662 1378 709 usu
1410 665 1696 728 purgantium
1725 672 1771 713 &
1801 666 1995 716 alteran-

162 723 302 777 tium,
332 728 543 790 proponit
564 727 620 772 ad
643 725 792 772 morbi
822 726 1099 772 curationem
1140 735 1200 771 10.
1239 731 1458 792 Syrupum
1486 748 1539 776 ex
1564 731 1752 778 decoeto
1776 734 1992 789 Guaiaci‚

158 794 283 851 cujus
304 789 545 837 formulam
566 790 709 838 affert.
734 800 795 837 20.
826 796 1000 854 Aquam
1024 789 1111 838 five
1133 792 1367 838 decoerum
1388 795 1584 840 Guaiaci.
1613 806 1672 857 30.
1704 802 1887 861 Aquam
1904 799 1994 848 five

156 854 395 902 decocsturn
417 856 605 903 sinilacis
623 856 779 921 asperae
799 855 886 901 five
913 855 1249 920 sarzae-parillae.
1269 866 1334 914 40.
1356 862 1530 922 Aquam
1550 861 1639 908 five
1661 862 1898 909 decoctum
1923 883 1996 911 ra-

159 920 273 966 dicis
292 921 476 983 Chynae.
505 931 565 986 5⁰.
598 923 766 970 Vinum
791 920 988 967 sanetum
1015 920 1103 968 five
1123 922 1280 968 vinum
1309 940 1409 969 cum
1439 924 1629 972 decosto
1652 928 1836 974 Guaiaci
1867 948 1996 977 com-

160 1002 366 1032 mixtum.
1083 1003 1086 1006 ⁴

229 1050 366 1108 Quod
385 1052 429 1113 si
443 1050 598 1097 morbus
618 1051 746 1111 faerit
771 1054 963 1112 antiquus
985 1051 1036 1096 (y
1056 1066 1201 1097 curata
1220 1051 1393 1112 difficilis
1409 1090 1424 1105 ,
1447 1052 1733 1120 fortioremque
1759 1060 1894 1122 poscat
1923 1077 1998 1106 cu-

159 1119 353 1160 rationem
371 1153 382 1170 ,
420 1116 570 1162 censet
591 1133 694 1162 tunc
724 1115 1008 1179 potentioribus
1028 1130 1123 1178 opus
1142 1119 1211 1176 effi·
1231 1153 1245 1168 ‚
1278 1117 1392 1162 inter
1422 1135 1516 1179 quae
1535 1119 1684 1166 laudat
1706 1126 1997 1171 medicamenta

168 1197 220 1223 ex
241 1184 462 1226 Mercurio
482 1199 492 1225 ;
516 1198 661 1243 neque
684 1195 809 1244 putat
826 1182 1068 1239 facultatem
1089 1185 1246 1243 argenti
1272 1185 1371 1228 vivi
1401 1183 1469 1242 ‘'ffi'
1489 1187 1846 1247 pertimefi·endam
1861 1227 1876 1243 ,
1909 1191 1998 1236 ciam

164 1247 259 1288 olim
276 1246 378 1307 sope*
405 1248 536 1290 multis
564 1245 710 1290 morbis
738 1245 957 1290 levioribus
983 1244 1186 1290 admotum
1204 1247 1288 1305 stt,
1310 1261 1352 1290 at
1363 1246 1533 1306 scabiei.

228 1310 350 1353 Hinc
370 1309 533 1354 ordine
555 1308 769 1373 proponit
799 1324 1026 1373 unguenta
1047 1313 1092 1353 ὃ(
1115 1308 1364 1373 suffumigia
1394 1312 1534 1358 multa
1569 1315 1848 1362 mercurialia
1864 1350 1877 1369 ,
1905 1316 2000 1365 imo

165 1373 484 1437 praecipitatum
513 1373 654 1437 ipsum
700 1372 885 1420 rubrum
921 1374 993 1420 seu
1019 1373 1251 1437 pulverem
1282 1376 1468 1428 Ioannis
1494 1376 1551 1424 de
1577 1380 1697 1443 Vigo
1716 1413 1728 1432 ‚
1758 1380 1832 1427 sed
1862 1399 2000 1445 quem

164 1436 271 1484 ideo
306 1436 480 1502 profert
507 1454 555 1483 ut
580 1439 779 1484 damnet.
810 1460 830 1477 <a
862 1439 1121 1491 Nonnulli,
1154 1442 1285 1502 inquit
1309 1479 1321 1493 ‚
1350 1440 1396 1484 in
1429 1444 1658 1491 curatione
1691 1445 1817 1507 hujus
1847 1447 1999 1496 morbi

165 1502 454 1565 antiquiffimi
476 1508 521 1548 δέ
542 1502 766 1549 fortiffimi
784 1537 795 1555 ,
816 1521 970 1567 praeter
988 1507 1076 1565 jam
1095 1503 1210 1549 dieta
1230 1520 1412 1550 utuntur
1433 1507 1579 1569 pilulis
1595 1543 1606 1561 ,
1627 1509 1837 1557 addendo
1856 1528 1955 1575 gra-
1973 1532 1999 1550 τε

159 1582 217 1612 na
234 1569 405 1630 aliquot
423 1568 617 1631 pulveris
638 1569 822 1620 Ioannis
840 1569 896 1615 de
915 1570 1049 1631 Vigo·
1093 1572 1188 1631 Ego
1215 1586 1309 1614 non
1346 1570 1559 1619 auderem
1590 1575 1655 1620 uti
1685 1575 1761 1621 illo
1786 1577 1947 1639 pulve-
1971 1597 2000 1617 κ

162 1648 211 1679 re
231 1667 243 1684 ‚
271 1649 326 1678 ne
347 1633 393 1677 in
412 1633 547 1696 parva
565 1633 751 1698 quidem
772 1635 1020 1698 quantitate
1041 1637 1087 1679 ὃ(
1107 1636 1310 1682 εοῐκᾶο
1331 1668 1344 1687 ,
1364 1636 1468 1699 quia
1489 1639 1549 1685 est
1580 1640 1827 1687 corrodens
1847 1659 1945 1690 me·
1962 1661 1992 1682 a

161 1696 489 1745 dicamentum.
513 1718 539 1736 e·

241 1828 274 1873 Ρ
294 1842 326 1873 R
341 1842 369 1872 o
387 1842 404 1871 s
423 1842 445 1870 ι’
464 1843 483 1873 ε
504 1842 537 1873 n
573 1828 604 1871 B
620 1841 648 1871 o
668 1841 700 1872 R
716 1843 742 1872 c,
759 1842 789 1872 A
806 1842 836 1873 n
851 1840 882 1872 tr
898 1842 925 1871 τ
943 1844 958 1872 1
979 1843 1008 1874 tr
1026 1842 1043 1872 s
1089 1827 1260 1875 Patavii
1287 1847 1404 1878 anno
1436 1835 1545 1892 1567.
1585 1830 1753 1898 scripsit
1781 1832 1999 1900 Capitibus

164 1906 233 1948 14.
275 1892 525 1937 Methodum
554 1891 602 1936 de
636 1890 794 1938 Morbo
833 1894 992 1938 Gallico
1020 1893 1078 1937 ad
1107 1893 1408 1955 Illnstriffimum
1436 1897 1486 1943 (ῥ’
1518 1899 1844 1959 Colendtffimum
1878 1904 1996 1945 DD.

163 1957 434 2015 franciscum
472 1960 672 2004 Mariam
706 1957 754 2001 de
786 1956 1111 2002 Marchionibus
1143 1964 1344 2012 Montis,
1383 1960 1590 2007 Abbasem
1619 1969 1651 2008 S
1658 1965 1778 2008 anfiae
1815 1969 1997 2019 Crucis,

164 2037 305 2084 quem
327 2019 382 2067 fic
409 2020 649 2083 alloquitur
678 2019 726 2065 in
747 2021 936 2084 Epistola
958 2040 968 2067 z
987 2044 1009 2061 «ι
1030 2024 1130 2074 Jam
1154 2022 1264 2068 vero
1284 2024 1396 2071 nihil
1413 2042 1526 2089 opus
1541 2027 1600 2073 est
1618 2027 1642 2072 εὶ
1662 2045 1735 2074 me
1757 2026 1951 2075 diffufius
1973 2050 2000 2069 c·

160 2087 461 2133 commentari
495 2102 663 2150 quanta
695 2085 916 2148 dignitas,
952 2085 1231 2150 quantusque
1250 2089 1299 2135 sit
1322 2088 1531 2151 splendor
1550 2124 1563 2143 ,
1591 2108 1680 2139 non
1713 2091 1861 2138 dicam
1895 2093 1952 2138 il-
1972 2113 1997 2132 e·

163 2149 399 2197 lustriffimi
419 2185 431 2204 ‚
469 2151 544 2198 sed
567 2151 695 2215 plane
731 2151 863 2214 Regii
897 2153 1135 2197 stemmatls
1169 2153 1232 2196 tui
1264 2170 1276 2205 3
1311 2153 1411 2198 cum
1444 2154 1556 2200 illud
1589 2156 1702 2201 nihil
1730 2156 1847 2202 aliud
1874 2155 1948 2203 fo-
1970 2180 2163 2226 “iconius
2193 2190 2276 2242 Hzss

166 2231 237 2262 tet
252 2249 265 2268 ‚
287 2217 421 2279 quam
454 2215 591 2262 solem
608 2249 620 2268 ,
648 2216 772 2279 quod
803 2217 926 2261 aiunt
941 2249 953 2267 ‚
983 2214 1154 2260 facibus
1182 2217 1298 2263 velle
1321 2217 1534 2266 illustrare
1556 2238 1566 2264 ε
1586 2221 1699 2277 Quis
1722 2221 1842 2267 enim
1868 2220 1950 2268 hac
1969 2245 1994 2263 κ
2016 2239 2018 2241 ’
2168 2219 2178 2235 '

163 2283 422 2344 tempestate
449 2282 628 2344 ignorat
659 2281 890 2327 heroicam
923 2279 1243 2326 Marchionum
1275 2283 1447 2328 Montis
1478 2283 1695 2329 familiam
1725 2302 1779 2332 ex
1808 2287 1995 2350 Regia«

164 2346 427 2392 Borbonum
446 2347 574 2409 stirpe
594 2361 739 2390 ortam
756 2379 767 2396 ,
785 2345 1096 2408 originemque
1121 2344 1334 2393 habuisse.
1377 2369 1402 2385 a
1433 2351 1612 2413 Nempe
1642 2348 1725 2410 (b)
1745 2349 1884 2409 ferunt
1917 2353 1995 2398 hu-

160 2415 230 2470 jus
261 2411 431 2469 familia
462 2410 658 2467 Historici
680 2410 968 2455 Marchiones
1004 2411 1103 2456 illos
1142 2411 1316 2457 Montis
1348 2411 1399 2457 ab
1430 2417 1656 2476 antiquiore
1676 2417 1873 2479 Regioqne
1896 2423 1992 2462 Bor-

166 2474 282 2520 bonio
295 2475 492 2539 sanguine
521 2478 709 2538 originem
741 2475 895 2536 a'axiffe
914 2513 925 2527 ,
958 2473 1009 2521 (θ
1032 2475 1084 2520 ab
1104 2480 1331 2538 Uguccione
1362 2477 1556 2524 Borbonio
1589 2480 1716 2525 Collis
1740 2481 1998 2527 Marchione

168 2556 274 2585 anno
295 2538 447 2597 Christi
469 2558 492 2596 9
507 2556 571 2598 17.
594 2542 704 2585 claro
726 2540 972 2600 descendisti>-
1006 2540 1107 2598 §cdl
1123 2540 1213 2584 haec
1245 2551 1256 2595 (
1277 2560 1299 2588 c
1315 2546 1328 2597 )
1343 2557 1467 2603 gerra
1490 2561 1686 2607 germana
1705 2583 1719 2597 ‚
1758 2559 1878 2606 atque
1900 2546 1997 2590 aeole-

164 2606 239 2668 ‚pol
273 2610 380 2667 λῖῖροι
410 2611 530 2658 >rimmo
554 2623 565 2650 ς
592 2602 709 2667 quafi
726 2603 863 2657 vero,
896 2620 943 2650 ut
967 2605 1136 2653 caeteris
1170 2609 1258 2668 jam
1296 2624 1506 2670 parcam,
1542 2607 1714 2671 sanguis
1753 2608 2001 2656 Borbonius

172 2670 341 2731 Regius
370 2668 516 2714 fuiffet
533 2686 650 2714 anno
673 2686 775 2726 917‘

230 2731 488 2780 Dissertatio
511 2734 761 2797 Borgarutii
788 2752 869 2780 nec
899 2733 1127 2798 inelegans
1159 2751 1241 2781 nec
1269 2731 1427 2780 insulsa
1461 2735 1653 2782 videtur.
1691 2740 1740 2782 In
1774 2737 1998 2802 principio

169 2796 340 2845 disserit
367 2799 424 2845 de
455 2798 632 2862 origine
650 2834 660 2849 ,
687 2798 866 2851 natura,
893 2800 1024 2845 causis
1050 2806 1094 2845 δε
1125 2799 1427 2863 symptomatis
1447 2801 1606 2847 Morbi
1638 2802 1797 2847 Gallici
1821 2837 1832 2856 ‚
1865 2822 2000 2866 quem

174 2880 345 2909 novum
377 2869 423 2908 ὃς
459 2862 514 2908 ab
544 2862 669 2908 India
688 2863 974 2911 Occidentali
1005 2865 1253 2911 traducttum
1282 2863 1395 2917 effe,
1435 2884 1565 2930 atque
1602 2868 1873 2931 contagione
1910 2868 2001 2915 sola

169 2928 408 2993 propagari
434 2928 665 2973 existimat.

237 2992 414 3038 Deinde
450 2992 505 3036 ad
525 2993 802 3038 curationem
832 2993 1147 3055 progreditur,
1171 2994 1225 3039 ad
1254 3009 1387 3058 quam
1426 3002 1487 3039 1⁰.
1520 2994 1721 3042 Adhibet
1752 2996 1847 3056 (d)
1871 3000 1999 3044 varia

173 3057 406 3106 Medicina
440 3053 695 3114 instrumenta
716 3095 730 3110 ,
746 3057 937 3102 videlicet
965 3064 1271 3106 Evacuationes
1296 3098 1310 3113 ,
1346 3059 1656 3107 phlebotomiam
1676 3099 1690 3115 ‚
1731 3061 1967 3108 Pharmaca
1983 3101 1998 3117 ,

177 3127 356 3186 Syrupos
378 3160 392 3175 ,
419 3124 602 3167 Lotiones
624 3160 638 3175 ‚
661 3125 818 3168 Balnea
843 3122 933 3169 &a
970 3126 1031 3170 2⁰.
1067 3125 1350 3172 Inunstiones
1381 3130 1457 3184 (e)
1481 3125 1763 3173 mercuriales
1783 3160 1794 3179 ‚
1815 3125 1889 3172 sed
1907 3145 2001 3190 quae

176 3186 375 3233 discretis
409 3185 580 3232 vicibus
601 3186 809 3251 paulatim
832 3187 1168 3239 admoveantur.
1210 3193 1271 3255 3⁰.
1304 3196 1316 3251 <
1331 3190 1379 3252 f)
1412 3192 1662 3241 Decostum
1688 3190 1802 3257 ligni
1819 3192 2002 3241 Guaiaci

177 3248 331 3303 debiti
359 3251 577 3300 methodo
602 3251 967 3301 administratum.

2077 300 2224 358 1566:

2068 377 2123 422 (a)
2147 375 2263 413 Nico-

2033 425 2108 461 laus
2140 433 2263 464 Anto-

2036 477 2094 512 nio
2110 503 2121 520 ,
2152 482 2218 514 Bi-

2036 528 2155 565 bliOth-
2175 529 2268 582 HlsLq

2033 578 2150 631 pandi

2092 1859 2231 1918 1566e

2085 2137 2158 2184 (b)
2181 2139 2274 2178 Cia-

2039 2240 2275 2292 tonsummor.

2038 2293 2199 2340 Pontific.
2234 2297 2276 2333 ln

2039 2345 2144 2383 Sixto
2165 2349 2193 2383 V
2240 2347 2274 2386 in

2040 2397 2117 2435 vita
2156 2400 2275 2434 Fran-

2039 2449 2121 2485 cisci
2147 2450 2275 2489 Mariae

2041 2500 2059 2536 ὲ
2085 2503 2215 2538 Monte
2235 2529 2249 2548 ,

2042 2558 2141 2589 Tom.
2161 2560 2224 2592 IV.
2237 2563 2278 2606 p·

2042 2618 2085 2640 m.
2110 2618 2155 2650 ¹9
2169 2620 2201 2653 ς.

2045 2683 2092 2727 (c)
2126 2682 2276 2722 Plautus

2041 2735 2078 2768 in
2110 2735 2244 2771 Panulo
2261 2762 2279 2781 ,

2040 2789 2277 2826 Aoi-iwan.

2048 2850 2078 2874 ι.

2079 2910 2162 2962 (d)
2183 2917 2274 2964 Cap,

2048 2975 2113 3001 12.

2085 3037 2129 3082 (e
2149 3040 2159 3085 ›
2179 3040 2277 3088 cai·

2049 3100 2105 3135 ¹3·

2087 3161 2151 3211 (f)
2184 3164 2278 3210 Cap.

2050 3225 2118 3262 142
