2477 3643
120 396 177 436 Ut
199 408 230 433 ι.
245 394 353 443 Quo-

121 450 190 486 ties
223 449 353 484 adsunt

120 500 270 538 dolores
285 512 354 540 ve-

116 553 227 600 nerei,

134 922 178 953 ἰ.
197 913 358 960 Quoties

123 966 291 1005 arthtixis
305 979 347 1003 ve

125 1030 231 1055 nerea
247 1018 357 1054 habi-

125 1071 233 1109 tualis
252 1070 311 1109 est.

146 1305 179 1337 3.
240 1292 356 1330 uoties

121 1347 217 1383 tutis
239 1346 358 1384 affec-

126 1398 223 1434 tibus
248 1411 356 1435 vene-

126 1451 195 1485 teis
235 1449 357 1489 defoe-

122 1501 249 1540 datur.

161 1707 205 1741 4.
285 1707 360 1731 uo-

124 1747 191 1783 ties
221 1761 313 1800 aegct

124 1799 310 1850 cephalaei

128 1851 312 1890 habituali

127 1916 335 1958 tOi‘quetul‘.

168 2147 211 2186 '5.
291 2150 363 2175 [10-

129 2190 198 2227 ties
227 2191 303 2228 oss'a

132 2243 229 2279 male
252 2244 339 2282 affi-

133 2297 293 2336 ciuntur.

194 2867 229 2898 ⁶-
253 2862 368 2911 Q-

142 2910 206 2947 ties
230 2916 334 2949 testes

144 2962 301 3002 indurati
317 2978 372 3003 tu·

142 3024 255 3051 ment·

392 119 490 179 ’342'
742 112 848 159 DE
914 111 1282 160 MORBIS
1347 111 1856 164 VENEREIS.

395 188 527 239 minii
545 189 726 237 venerei
741 189 918 253 integra
944 187 1205 236 remanserit
1227 185 1376 234 forma
1399 188 1570 236 illibata
1587 224 1600 243 ‚
1620 189 1693 237 vel
1719 191 1912 239 necdum
1933 190 2034 242 stitis
2053 190 2234 261 persei:⁴³

397 257 441 303 τὲ
461 256 688 302 destructa.
719 255 1002 320 Experientia
1023 269 1171 300 autem
1195 269 1477 317 compertum
1510 256 1568 301 est
1596 255 1647 302 in
1670 255 1789 303 hunc
1808 257 1990 319 censum
2013 262 2241 328 praecipu&

399 319 658 369 referendas
681 321 767 367 ess'e
795 320 1025 384 sequentes
1052 318 1135 364 luis
1162 335 1362 364 venereae
1389 315 1568 382 speeies.
1910 359 1914 362 .

475 394 535 432 10.
566 385 934 448 Quotiescunque
954 384 1131 429 dolores
1151 383 1334 429 venerei
1351 383 1630 438 rheumatici,
1652 385 1740 434 five
1758 386 1834 433 fixi
1854 386 1942 435 five
1960 388 2080 454 vagi,
2093 406 2234 453 aegros

400 467 615 516 torquent
649 456 696 497 &
733 449 1003 497 discruciant
1023 482 1035 500 ‚
1061 446 1304 513 praesertim
1331 447 1361 496 fi
1390 449 1684 497 diuturnitate
1721 452 2007 500 invaluerint.
2051 455 2255 508 Accidit,

400 517 522 566 enim
542 516 803 580 frequenter
830 514 921 578 post
943 513 1305 577 hydrargyrofim
1329 513 1509 561 dolores
1528 514 1709 562 eosdem
1732 517 1835 581 pari
1850 517 1948 565 fere
1978 518 2228 567 vehemen-

401 583 463 630 ti&
492 581 641 628 saevire
668 598 716 626 ac
736 580 852 626 ante.
881 580 954 642 An
973 578 1094 642 quod
1112 578 1251 631 nodi,
1273 578 1483 642 phymata
1499 614 1511 631 ‚
1537 579 1827 628 tuberculave
1853 582 2154 630 musculorum
2173 584 2230 630 fi-

399 648 493 694 bris
514 645 729 692 tunicisve
749 645 994 691 etiamnum
1011 643 1200 708 impacia
1215 644 1438 707 sanguinis
1453 649 1498 690 &
1516 642 1691 707 limphae
1713 645 1832 693 viam
1847 649 2117 710 angustando
2136 667 2148 703 3
2174 667 2232 696 an

402 713 512 760 vero
535 711 657 774 quod
676 710 775 756 vasa
792 708 1044 772 sanguisera
1064 714 1110 754 δεῖ
1129 708 1383 774 limphatica
1401 709 1636 773 praegreffis
1657 709 1991 758 distensionibus
2009 715 2055 759 in
2073 714 2232 760 nimias
2253 720 2258 744 s

402 777 572 824 varices
598 775 779 821 dilatata
810 773 1030 837 sanguinis
1057 779 1102 820 δέ
1121 774 1297 838 limphae
1315 791 1490 820 motum
1506 775 1812 829 retardando,
1831 776 2014 823 acrioris
2030 777 2237 827 salsioris·

401 860 488 906 que
516 840 598 887 seri
622 839 855 886 decubitui
883 840 1034 885 locum
1061 838 1313 904 praebeant?

467 914 530 951 20.
564 903 932 967 Quotiescunque
962 904 1199 949 habitualis
1222 905 1281 950 est
1311 902 1504 950 arthritis
1533 903 1557 949 a
1589 921 1767 952 veneno
1794 922 1993 953 venereo
2017 921 2131 953 orta.
2160 907 2236 954 Li·

403 986 473 1016 cet
500 970 618 1016 enim
638 969 972 1015 inundtionibus
1003 987 1056 1015 ex
1086 986 1179 1015 arte
1209 969 1422 1015 adhibitis
1451 968 1748 1033 saepenumerb
1776 971 1906 1017 cedat
1924 1004 1936 1023 ‚
1965 970 2136 1036 semper
2166 988 2236 1018 ta-

402 1052 507 1081 men
531 1052 623 1080 non
646 1034 766 1080 cedit
784 1068 797 1087 ‚
818 1033 1085 1098 potissimum
1105 1033 1134 1079 fi
1156 1035 1404 1081 inveterata
1427 1033 1477 1079 fit
1499 1039 1543 1081 δέ
1568 1035 1733 1082 crebris
1749 1035 1985 1082 insultibus
2009 1037 2127 1083 vires
2144 1040 2235 1098 jam·

401 1099 574 1145 dudum
595 1099 767 1164 adepta.
801 1104 872 1144 An
890 1100 995 1162 quia
1015 1115 1119 1145 tunc
1137 1117 1188 1146 ea
1208 1099 1306 1145 sunt
1327 1100 1373 1144 in
1391 1099 1586 1145 articulis
1606 1100 1714 1147 vitia
1733 1135 1744 1153 ,
1761 1119 1855 1165 quae
1875 1101 2109 1147 Mercurio
2129 1119 2234 1148 cor-

402 1165 490 1228 rigi
526 1182 618 1210 non
648 1164 806 1228 possint
826 1198 839 1217 ,
867 1169 913 1210 &
941 1182 1036 1228 quae
1062 1182 1207 1212 novos
1230 1164 1476 1228 similesque
1505 1164 1755 1213 arthritidis
1781 1166 1966 1212 insultus
1986 1165 2148 1213 iterum
2168 1183 2237 1213 at-

402 1248 489 1294 que
507 1229 671 1276 iterum
693 1230 914 1276 advocare
935 1230 1110 1276 valeant
1129 1243 1143 1276 ἒ

467 1303 527 1357 30.
557 1295 927 1359 Quotiescunque
946 1295 1056 1341 cutis
1077 1294 1341 1360 impetigine
1357 1328 1369 1347 ‚
1388 1293 1532 1341 scabie
1552 1328 1564 1347 ‚
1585 1293 1664 1341 sed
1681 1293 1921 1359 praesertim
1951 1294 2136 1359 herpete
2155 1295 2238 1342 sic-

403 1377 458 1405 co
476 1394 489 1412 ,
510 1360 707 1422 maligno
726 1393 738 1411 ,
759 1360 1035 1406 esthiomeno
1058 1361 1146 1407 five
1175 1360 1392 1407 erodente
1410 1359 1670 1424 deturpatur
1688 1378 1699 1413 3
1720 1359 1934 1423 siquidem
1951 1359 2068 1405 haud
2085 1378 2236 1407 rarum

405 1426 464 1472 est
481 1424 536 1470 ab
566 1425 652 1470 hoc
673 1424 968 1489 symptomate
994 1440 1134 1470 totam
1153 1425 1370 1471 Mercurii
1395 1425 1489 1471 vim
1514 1425 1635 1470 eludi
1655 1458 1666 1475 ‚
1694 1426 1765 1470 cui
1786 1441 1942 1470 caetera
1963 1424 2142 1470 cedunt.
2163 1428 2237 1472 An

404 1488 528 1553 quod
556 1489 603 1535 in
631 1489 683 1536 ea
711 1490 821 1535 cutis
849 1490 1092 1537 infestione
1119 1508 1278 1554 corpus
1303 1489 1537 1535 reticulate
1566 1489 1654 1535 sive
1677 1489 1906 1535 mucosum
1937 1490 2048 1535 cutis
2078 1507 2237 1537 conta-

406 1554 482 1618 gio
500 1572 695 1602 venereo
714 1554 948 1600 alteratum
965 1560 1009 1601 δε
1030 1554 1205 1601 erosum
1228 1556 1274 1600 in
1295 1554 1460 1600 filtrum
1479 1571 1672 1618 perenne
1693 1554 1852 1600 abierit
1866 1588 1878 1607 ,
1895 1554 1985 1618 quo
2001 1559 2088 1618 jam
2108 1555 2238 1602 uber-

407 1619 488 1665 tim
511 1619 707 1665 confluat
727 1620 940 1683 quicquid
959 1618 1211 1683 salsuginofi
1235 1626 1280 1666 &
1301 1619 1409 1665 acris
1437 1620 1546 1665 inest
1573 1618 1776 1682 stinguini
1796 1632 1811 1665 ἓ

467 1686 533 1743 4⁰.
562 1685 931 1748 Quotiescunque
957 1684 1114 1731 adsunt
1147 1702 1304 1747 graves
1332 1684 1583 1749 cephalaeae,
1613 1683 1923 1736 hemicraniae,
1952 1700 2025 1730 aut
2054 1685 2240 1733 dolores

406 1749 692 1813 particulares
709 1784 721 1802 ‚
740 1750 816 1813 qui
842 1766 1009 1796 certam
1033 1749 1205 1796 tantum
1227 1750 1380 1815 capitis
1398 1767 1544 1795 aream
1572 1766 1726 1795 tenent
1745 1784 1758 1802 ,
1778 1755 1823 1796 δε
1851 1767 1971 1794 ovum
1992 1750 2062 1796 vel
2091 1754 2240 1797 clavus·

408 1814 498 1860 dici
533 1814 674 1860 solent
701 1847 713 1867 ‚
749 1815 990 1878 praesertim
1016 1814 1041 1861 si
1071 1815 1176 1861 siant
1203 1814 1292 1862 sine
1325 1814 1452 1861 causa
1485 1814 1570 1860 ulla
1610 1815 1793 1861 externa
1824 1833 1835 1867 ·‚
1867 1813 2149 1862 observatum
2179 1818 2242 1863 est

407 1879 530 1925 enim
565 1878 712 1943 saepius
740 1879 917 1926 dolores
943 1880 1188 1926 istiusmodi
1226 1882 1319 1944 post
1347 1878 1601 1926 adhibitum
1630 1879 1991 1942 hydrargyrosim
2015 1881 2238 1944 pristinam

407 1942 624 1989 ferociam
651 1943 889 1990 retinuisse.
920 1948 990 1989 An
1027 1945 1130 1991 ideo
1162 1945 1285 2007 quod
1322 1944 1504 1990 dolores
1532 1944 1598 1989 illi
1626 1945 1850 2008 pendeant
1877 1944 1930 1989 ab
1959 1944 2137 1990 exostofi
2163 1947 2238 1993 vel

410 2008 528 2054 carie
552 2008 778 2055 interioris
797 2009 936 2054 cranii
957 2008 1111 2054 tabulae
1130 2044 1141 2061 ‚
1159 2010 1229 2054 vel
1249 2009 1271 2053 a
1292 2009 1423 2054 nodis
1443 2043 1454 2060 ‚
1484 2008 1700 2072 phy-matis
1718 2042 1731 2060 ,
1760 2008 2057 2054 tuberculisve
2076 2010 2121 2054 in
2141 2027 2239 2057 me·-

410 2072 618 2136 ningibus
647 2074 848 2125 cerebri,
869 2092 962 2136 quae
983 2074 1199 2120 Mercurii
1219 2074 1335 2119 illitu
1363 2072 1524 2118 resolvi
1547 2079 1592 2118 δε
1615 2072 1773 2118 discuti
1805 2090 1900 2117 non
1930 2074 2188 2135 potuerint?

483 2139 543 2200 5⁰.
575 2137 943 2202 Quotiescunque
963 2138 1051 2184 oss'a
1077 2155 1250 2185 tument
1270 2137 1452 2184 exostofi
1473 2137 1544 2183 vel
1567 2137 1834 2201 hyperostosl
1861 2137 1968 2183 dura
1988 2171 2000 2190 ,
2026 2139 2204 2202 antiqui
2223 2173 2240 2193 ,

411 2202 672 2248 inveterata.
719 2204 840 2250 Licet
864 2204 983 2249 enim
1014 2204 1246 2266 contingat
1278 2204 1356 2249 usu
1387 2202 1607 2248 Mercurii
1638 2202 1949 2266 hyperostofim
1977 2203 2240 2267 plerumque

412 2267 575 2314 resolvi
595 2301 607 2319 ,
636 2285 731 2329 quae
761 2286 912 2313 recens
940 2270 1026 2320 est,
1052 2269 1143 2313 imo
1170 2268 1304 2315 etiam
1323 2267 1552 2314 exostosim
1576 2266 1712 2331 ipsam
1730 2301 1741 2318 ‚
1767 2267 2006 2331 praesertim
2030 2266 2059 2312 fi
2081 2286 2239 2315 caver-

412 2332 520 2378 nosa
552 2330 599 2376 sit
642 2339 685 2377 ὃ(
721 2333 991 2397 producatur
1013 2333 1068 2378 ab
1098 2333 1262 2378 inflatis
1288 2332 1492 2378 medullae
1520 2330 1641 2378 off'eae
1672 2332 1845 2378 laciniis
1877 2331 2071 2379 lamellas
2103 2334 2242 2380 osleas

412 2397 454 2443 in
489 2396 665 2442 cellulas
695 2398 981 2443 dilatantibus
1004 2432 1015 2449 ,
1039 2398 1195 2444 docuit
1220 2414 1366 2444 tamen
1395 2396 1670 2461 experientia
1698 2396 1817 2461 spem
1847 2396 1992 2443 similis
2024 2396 2244 2445 successus

412 2462 514 2508 raro
545 2478 681 2507 ratam
709 2462 808 2509 sore
831 2497 842 2514 ‚
873 2463 1047 2526 quoties
1082 2462 1368 2528 hyperostosls
1391 2478 1464 2508 aut
1487 2460 1691 2508 exostofis
1717 2462 1928 2525 temporis
1948 2462 2246 2510 diuturnitate

412 2527 699 2573 induruerint
714 2561 725 2578 ‚
757 2528 946 2574 maxime
978 2527 1084 2574 vero
1114 2528 1142 2573 s1
1169 2527 1370 2574 exostofis
1390 2527 1438 2572 sit
1459 2528 1482 2572 ὲ
1511 2544 1676 2589 genere
1698 2526 1957 2572 exostofium
1979 2527 2083 2572 vere
2104 2527 2242 2574 offea-

413 2609 512 2638 rum
532 2624 545 2644 ‚
571 2609 665 2654 quae
693 2610 774 2638 nec
807 2591 936 2638 ebori
964 2593 1124 2639 cedant
1153 2593 1332 2638 duritie.
1372 2591 1485 2637 Inde
1505 2592 1796 2655 repetendum
1819 2594 1877 2638 est
1900 2591 2023 2655 quod
2046 2590 2241 2653 ankylo-

411 2656 464 2703 fis
483 2673 675 2702 venerea
695 2657 932 2720 profligato
949 2657 1111 2703 morbo
1133 2656 1279 2720 saepius
1298 2656 1493 2720 supersit.
1530 2661 1657 2703 Anne
1678 2656 1767 2702 haec
1785 2657 1844 2702 ita
1862 2657 2100 2708 eveniunt,
2119 2656 2249 2720 qubd

414 2721 636 2767 Mercurii
657 2719 850 2767 efficacia
865 2746 877 2774 ‚⁴
894 2727 990 2785 φιτ
1013 2722 1234 2768 solvendae
1254 2721 1457 2767 materiei
1476 2718 1598 2767 osseae
1620 2721 1814 2767 molliori
1835 2726 1880 2766 &
1900 2721 2051 2766 recens
2072 2721 2244 2786 impac-

415 2802 467 2831 tae
487 2782 672 2836 sufficit,
703 2786 844 2849 impar
863 2785 914 2831 fit
936 2785 1207 2832 resolvendae
1225 2786 1397 2832 duriori
1419 2790 1463 2830 δε
1486 2786 1532 2830 in
1551 2803 1707 2831 verum
1728 2804 1775 2830 os
1797 2792 1880 2837 iam
1901 2784 2121 2832 solidatae?

481 2858 546 2895 6⁰.
587 2850 956 2913 Quotiescunque
984 2853 1108 2898 testes
1129 2850 1262 2897 ambo
1283 2851 1353 2896 vel
1376 2850 1547 2897 testium
1565 2850 1777 2896 alteruter
1806 2866 1978 2896 tument
1995 2850 2048 2896 ab
2066 2850 2241 2896 haeren-

417 2930 462 2961 te
482 2949 494 2967 ‚
518 2914 705 2961 collecto
725 2922 771 2961 &
791 2914 1013 2980 inspissato
1035 2916 1215 2964 semine.
1256 2916 1411 2963 Solent
1430 2915 1550 2961 enim
1571 2914 1868 2979 stepenumerb
1891 2931 2086 2961 tumores
2107 2912 2244 2961 istius-

418 2980 571 3031 modi,
598 2979 626 3024 fi
654 2980 894 3027 inveterati
924 2981 1005 3026 sint
1028 2987 1073 3028 ὅ(
1104 2981 1325 3044 lapideam
1353 2980 1565 3026 duritiem
1590 2980 1772 3044 adepti,
1805 2981 1866 3025 ita
1897 2978 2095 3025 difficiles
2122 2979 2206 3025 effe
2226 3010 2243 3028 ‚

417 3061 465 3089 ut
498 3044 706 3090 remediis
735 3045 921 3092 rebelles
945 3047 1054 3091 nulli
1085 3047 1247 3091 cedant
1273 3044 1597 3108 hydrargyrosl.
1636 3051 1705 3090 An
1727 3045 1831 3091 ideo
1852 3045 1970 3107 quod
1993 3043 2243 3090 Mercurius

418 3126 499 3154 nec
525 3108 671 3155 semen
699 3108 968 3172 inspill'atum
988 3116 1033 3156 δε
1055 3111 1166 3156 casei
1186 3112 1315 3155 instar
1335 3109 1592 3173 grumosum
1610 3143 1622 3161 ,
1643 3128 1734 3173 quo
1754 3111 1878 3156 testes
1899 3124 2077 3170 turgent
2095 3141 2106 3159 ‚
2128 3121 2245 3151 arte-

420 3190 557 3220 nuare
585 3179 631 3220 <Sc
658 3173 830 3221 diluere
852 3191 865 3227 3
895 3175 1148 3231 neclaxata
1180 3173 1354 3225 vascula
1380 3174 1641 3239 spermatica
1657 3207 1671 3229 ‚
1697 3190 1890 3238 quorum
1918 3170 2246 3235 glomeratione
