2477 3643
624 118 1614 166 L1BER11.CAMJT1X.
1931 126 2041 185 1²41&

191 201 366 264 giorum
387 199 536 264 potior
553 198 661 245 olim
680 197 807 245 fuiffe
842 200 1074 251 videatur,
1107 199 1337 246 fatendum
1364 215 1511 246 tamen
1538 215 1632 246 toto
1659 200 1814 247 saeculo
1837 203 2014 252 decimo

191 265 312 312 [exto
339 265 619 327 quaestionem
638 264 758 309 illam
780 265 947 326 magnis
969 265 1195 328 utrimque
1216 265 1482 311 Auum-ibus
1505 266 1837 311 controversam
1861 267 1984 315 fuisse
2000 305 2011 322 ‚

192 335 239 376 δε
276 329 452 392 plenam
488 328 762 375 dissensionis
804 329 920 373 inter
951 329 1231 375 dostislimos.
1261 329 1311 374 Id
1343 329 1508 375 scilicet
1541 329 1891 377 condonandum
1926 333 2009 379 illis

190 392 492 457 temporibus,
521 392 679 456 quibus
704 410 759 438 ne
787 392 937 442 latumi
957 394 1138 456 quidem
1172 410 1367 457 unguem
1395 394 1449 439 ab
1478 394 1778 457 Antiquorum
1799 396 2014 459 opinione

190 457 403 504 recedere
423 457 612 510 licebat,
642 463 687 503 ὃ(
709 455 830 503 nefas
852 457 935 504 effe
954 457 1200 504 ducebatur
1229 459 1428 504 remedio
1455 459 1519 504 uti
1536 492 1549 510 ‚
1575 458 1698 522 quod
1732 459 1786 504 ab
1814 460 1866 505 iis
1896 460 2014 507 infa-

193 538 364 568 matum
399 521 557 567 fuisset.
588 522 675 569 Sed
704 522 883 568 tandem
920 522 1110 568 discuffis
1133 523 1393 586 praejudiciis
1424 524 1650 587 praevaluit
1678 524 1904 587 superiore
1938 524 2014 572 sae-

189 586 292 632 culo
318 587 591 650 experientia
621 604 768 632 rerum
801 587 1028 650 magistra,
1056 605 1103 632 ac
1131 588 1329 649 repetitis
1358 588 1569 652 exemplis
1594 588 1855 652 apertissime
1887 607 2015 636 com-

188 666 367 715 pertum
394 652 451 696 est
477 651 701 713 lignorum
725 651 906 714 quidem
926 651 1351 697 administrationem
1381 653 1436 698 ad.
1470 654 1709 699 curandam
1741 654 1855 699 luem
1878 672 2015 701 vene-

189 732 309 761 ream
335 715 642 761 confirmatam
665 750 677 768 ,
702 717 917 779 imparem
939 722 984 761 δέ
1006 714 1278 762 inefficacem
1306 716 1391 762 effe
1410 737 1420 770 3
1442 719 1597 763 contra
1616 719 1723 764 vero
1747 717 1871 764 usum
1893 722 2013 765 Mer-

189 779 303 824 curii
331 795 500 832 tutum,
527 796 698 827 certum
719 814 730 832 ,
758 779 1098 827 efficacissimum
1115 813 1127 831 ‚
1157 781 1295 826 modo
1323 781 1404 827 rite
1433 782 1721 829 adhiberetur
1743 801 1754 834 ς
1776 783 1895 829 unde
1915 783 2013 829 fac-

190 859 285 889 tum
313 860 360 889 ut
393 845 597 897 Medici,
635 861 728 890 tum
763 846 839 907 qui
860 846 906 890 in
938 848 1237 908 Antiquorum
1266 845 1403 891 verba
1426 850 1570 905 jurare
1604 848 1740 910 parati
1766 864 1894 893 erant
1923 850 2012 900 ἑκών

188 911 383 967 &nov-rim
411 916 531 970 θυμῷ
555 910 599 956 vi
628 910 821 955 veritatis
845 927 998 955 omnes
1025 909 1205 955 tandem
1233 910 1374 955 adacti
1401 909 1480 956 {int
1501 912 1728 957 Mercurio
1756 913 1918 976 primas
1935 913 2014 959 de-

187 972 308 1019 ferre
326 1006 338 1025 ,
363 972 542 1036 ejusque
563 973 686 1019 usum
714 974 759 1018 in
785 973 1045 1038 extirpanda
1075 975 1201 1019 omni
1230 975 1303 1020 lue
1333 976 1522 1021 venerea
1544 975 1771 1039 lignorum
1798 976 2012 1023 adminis-

191 1037 375 1083 trationi
400 1038 615 1102 perpetuo
641 1038 967 1102 praeferendum
995 1036 1077 1084 esse
1098 1055 1187 1084 uno
1215 1057 1293 1084 ore
1314 1039 1530 1085 confiteri.

249 1102 369 1147 Huic
397 1102 666 1149 conclusioni
694 1101 952 1164 suffragatur
986 1107 1033 1148 δε
1063 1103 1154 1166 ipsa
1188 1103 1299 1148 ratio
1319 1136 1331 1154 ,
1368 1121 1461 1165 quae
1494 1104 1541 1148 in
1573 1103 1701 1149 rebus
1733 1104 1953 1158 Medicis,
1982 1105 2012 1151 si

187 1164 280 1210 sola
305 1165 384 1217 sit,
417 1167 537 1231 parvi
565 1166 779 1229 quidem3
815 1166 844 1212 si
866 1168 975 1213 vero
1001 1168 1283 1230 experientiae
1313 1167 1594 1231 adstipuletur
1612 1202 1624 1220 ‚
1659 1172 1808 1233 magni
1842 1170 2012 1235 semper

187 1228 396 1276 facienda
415 1233 486 1277 est.
522 1234 641 1277 Nam
679 1239 739 1274 10.
778 1235 926 1276 Partes
951 1231 1249 1293 integrantes,
1275 1230 1350 1277 seu
1369 1231 1515 1295 potius
1543 1233 1723 1294 guttulae
1752 1235 1925 1280 decocti
1957 1236 2012 1281 li-

187 1310 379 1356 gnorum
398 1327 409 1345 ‚
440 1294 541 1339 cum
567 1311 658 1340 non
691 1311 822 1357 agant
849 1296 895 1340 in
924 1294 1182 1358 sanguinem
1209 1296 1425 1359 gravitate
1443 1330 1454 1347 ,
1475 1312 1523 1341 ut
1550 1315 1644 1360 quae
1674 1297 1893 1360 sanguinis
1913 1317 2014 1362 par-

195 1357 312 1404 tibus
332 1359 531 1422 proxime
559 1359 948 1423 :equi-ponderent
967 1394 980 1412 ,
1001 1377 1093 1405 non
1119 1360 1292 1424 possunt
1319 1361 1366 1405 in
1400 1361 1524 1406 illum
1546 1378 1674 1424 agere
1696 1363 1773 1407 nisi
1803 1363 2016 1425 qualitate

188 1422 323 1469 altera
339 1457 351 1474 ‚
372 1422 636 1486 figuratione
653 1441 814 1487 nempe
830 1423 1049 1488 specifica,
1067 1430 1187 1487 cujus
1202 1443 1287 1489 ope
1306 1443 1424 1471 acres
1443 1459 1454 1477 ‚
1476 1427 1724 1471 aromaticae
1742 1461 1753 1479 ‚
1773 1428 1983 1474 lixiviosae
2000 1462 2016 1482 ‚

187 1487 404 1551 quicquid
432 1488 636 1552 spissum,
674 1487 859 1534 densum
879 1523 892 1542 ,
917 1488 1135 1542 viseidum
1173 1491 1323 1536 cruori
1357 1491 1496 1542 inest,
1531 1490 1701 1537 solvere
1734 1510 1781 1537 ac
1817 1493 2015 1555 eliquare

189 1568 296 1616 aptae
325 1569 431 1597 natae
464 1569 606 1616 partes
637 1552 825 1599 seminio
845 1572 1041 1600 venereo
1071 1555 1321 1618 inquinatas
1349 1555 1605 1617 corrigant,
1633 1556 1724 1601 imo
1749 1557 1858 1603 verb
1884 1558 2016 1603 semi-

187 1618 314 1661 nium
345 1617 581 1680 ipsummet
607 1618 818 1681 paulatim
851 1618 1073 1664 destruant
1103 1639 1112 1664 z
1144 1622 1209 1664 Ac
1241 1618 1339 1664 sane
1371 1638 1422 1665 ea
1450 1621 1510 1665 est
1547 1637 1632 1665 una
1666 1621 1827 1682 agendi
1867 1623 1980 1667 ratio
2000 1656 2014 1675 ‚

188 1698 320 1744 quam
345 1681 392 1726 in
414 1681 599 1728 demeto
623 1682 849 1744 lignorum
869 1683 923 1728 ab
947 1683 1152 1729 omnibus
1171 1683 1345 1728 admitti
1375 1699 1545 1729 certum
1568 1686 1643 1729 est.
1673 1688 1732 1730 At
1762 1685 1868 1732 inde
1896 1687 2016 1732 mul-

191 1745 324 1809 tiplex
348 1746 452 1791 mali
474 1746 593 1792 labes
614 1765 624 1799 3
650 1763 792 1810 partes
818 1743 939 1793 enim
958 1748 1041 1793 illae
1061 1748 1234 1794 decoCti
1270 1747 1438 1794 debent
1466 1747 1539 1794 sua
1561 1748 1717 1795 eadem
1748 1750 2016 1813 figuratione

189 1826 285 1856 tum
305 1809 445 1856 solida
466 1811 596 1856 tacite
615 1811 832 1858 deradere
852 1817 895 1857 &
916 1813 1105 1858 erodere
1122 1846 1135 1865 ,
1165 1829 1260 1858 tum
1286 1812 1491 1858 vitiosam
1515 1813 1696 1876 liquidis
1724 1815 2017 1863 acrimoniam

188 1875 409 1938 impertiri
440 1894 449 1920 :
484 1875 621 1921 Unde
649 1874 816 1921 summa
845 1878 1042 1941 corporis
1080 1877 1315 1923 emaciatio
1335 1910 1347 1929 ,
1381 1878 1635 1924 extenuatio
1654 1912 1667 1929 ,
1700 1877 2016 1943 consumpti03

188 1939 308 1985 unde
339 1940 602 2003 pulmonum
631 1942 752 1986 calor
771 1975 782 1993 ,
817 1941 1008 1987 irritatio
1027 1975 1038 1992 ,
1077 1942 1380 1994 exulcerati03
1411 1941 1531 1987 unde
1557 1942 1796 2003 jecinoris,
1832 1961 2017 1990 caetero-

188 2021 374 2067 rumque
412 2004 629 2050 viscerum
659 2007 774 2051 aestus
796 2039 807 2057 ‚
836 2006 1082 2070 phlogosis‚
1108 2006 1432 2059 inflammatio3
1466 2005 1586 2052 unde
1616 2025 1773 2052 renum
1799 2013 1845 2053 δε
1866 2008 2017 2055 veficae

188 2069 381 2114 irritatio
417 2075 461 2114 ὃ(
498 2069 718 2133 phlogosis
748 2088 847 2116 cum
876 2071 1002 2133 gravi
1030 2070 1236 2132 dysuri33
1266 2071 1382 2118 unde
1416 2071 1462 2115 in
1498 2068 1693 2117 foeminis
1723 2073 2017 2120 immoderata

189 2135 516 2179 menstruorum
544 2134 717 2198 eruptio
740 2153 750 2187 3
772 2135 891 2182 unde
920 2136 1101 2182 demum
1119 2170 1130 2187 ,
1153 2152 1199 2181 ut
1220 2136 1367 2200 paucis
1394 2135 1654 2181 contraham
1674 2169 1686 2187 ,
1710 2137 1915 2183 universa
1940 2138 2016 2185 illa

189 2198 478 2244 incommoda
497 2232 508 2249 ,
529 2216 623 2261 quae
656 2199 883 2261 lignorum
904 2200 1274 2246 administrationi
1295 2199 1434 2246 solent
1459 2200 1603 2246 adess'e
1630 2200 1700 2246 vel
1728 2201 1980 2249 succedere.

255 2272 315 2307 20.
347 2262 537 2308 Guttulae
557 2267 723 2309 eaedem
743 2264 916 2310 decocfti
938 2298 949 2316 ,
980 2264 1078 2310 cum
1110 2281 1341 2310 momento
1370 2264 1468 2309 satis
1496 2263 1636 2310 debili
1663 2265 1915 2328 pellantur,
1944 2283 2015 2313 ut-

189 2343 294 2390 pote
323 2325 478 2390 parum
499 2326 757 2391 ponderosae
776 2362 786 2379 ‚
818 2346 1044 2391 nequeunt
1068 2328 1172 2393 saepe
1191 2329 1237 2373 in
1256 2327 1356 2374 vasa
1374 2345 1447 2374 aut
1465 2328 1671 2374 vasorum
1690 2330 2016 2392 glomeramina

189 2391 278 2437 five
303 2391 528 2453 glandulas
549 2407 780 2455 penetrare
800 2425 812 2444 ,
841 2411 934 2455 quae
954 2392 1141 2457 spiffiore
1171 2393 1359 2439 humore
1377 2427 1388 2446 ‚
1416 2392 1696 2455 nimiumque
1725 2393 1907 2441 densato
1934 2414 2017 2460 op·

190 2455 310 2520 plera
338 2455 461 2506 sunt,
484 2473 628 2517 neque
665 2456 778 2502 adeo
809 2456 1048 2503 haerentem
1083 2463 1128 2503 &
1163 2457 1374 2503 vitiosum
1398 2457 1635 2504 humorem
1665 2457 1728 2503 ibi
1760 2461 2015 2521 congestum

191 2518 423 2564 ullomodo
444 2520 685 2581 corrigere.
720 2521 839 2566 Hinc
864 2539 972 2584 ergo
993 2521 1112 2568 labes
1131 2521 1266 2568 altera
1294 2524 1569 2586 praecedente
1604 2526 1727 2585 pejor
1747 2556 1758 2574 ‚
1798 2523 2017 2586 siquidem

191 2583 354 2630 humor
383 2583 458 2629 ille
486 2584 658 2647 pridem
677 2584 862 2631 infeclus
880 2620 893 2638 ,
920 2586 949 2631 sl
979 2585 1078 2631 casu
1109 2586 1177 2633 vel
1212 2587 1421 2651 temporis
1449 2585 1634 2633 decursu
1660 2586 1813 2632 sensim
1846 2588 2015 2651 elique-

194 2647 330 2695 tur&
354 2649 636 2694 circulationi
664 2649 876 2695 reddatur
894 2684 906 2702 ‚
932 2651 1051 2697 luem
1083 2668 1321 2698 veneream
1353 2652 1538 2698 alteram
1571 2667 1664 2696 non
1698 2652 1798 2697 raro
1827 2669 2016 2700 renovat

191 2714 342 2777 priore
373 2712 484 2758 male
504 2713 694 2759 extinffitz'i
714 2714 855 2759 nihilo
878 2715 1120 2761 mitiorem.

202 2807 206 2810 -
264 2781 491 2824 Neutrum
516 2780 626 2824 vero
651 2780 942 2825 metuendum
971 2782 1029 2826 est
1056 2780 1079 2824 d
1101 2778 1360 2832 Mercurio3
1394 2795 1496 2823 nam
1522 2788 1577 2824 10.
1600 2777 1718 2824 Cum
1738 2779 1881 2825 omnis
1903 2781 2016 2826 acri«

193 2842 352 2890 moniae
379 2858 531 2904 expers
555 2842 603 2886 fit
621 2876 632 2893 ‚
661 2858 849 2905 agatque
877 2843 970 2888 solo
1001 2843 1201 2906 pondere
1223 2877 1235 2895 ,
1257 2861 1402 2905 neque
1423 2843 1604 2904 liquidis
1624 2843 1877 2888 acredinem
1896 2877 1908 2896 ‚
1931 2862 2014 2890 ne-

192 2923 279 2969 que
309 2905 557 2951 Croslonem
589 2905 741 2952 solidis
764 2907 896 2953 ullam
925 2925 978 2953 ex
998 2907 1038 2953 se
1059 2906 1222 2954 inferre
1248 2909 1400 2970 potest.
1429 2909 1565 2952 Certe
1597 2906 1626 2950 si
1659 2906 1869 2953 alterutra
1900 2908 2013 2955 laefio

191 2982 246 3016 ex
268 2975 358 3031 ejus
375 2968 453 3015 usu
482 2969 683 3016 videatur
712 2988 907 3032 unquam
931 2988 1160 3032 emergere
1180 3004 1192 3022 ,
1224 2988 1276 3016 ea
1300 2988 1391 3015 non
1416 2971 1647 3017 Mercurio
1681 2985 1887 3033 tanquam
1916 2990 2013 3018 ma·-

193 3035 339 3081 teriali
386 3033 519 3079 causae
559 3050 737 3098 accepta
770 3035 1004 3081 referenda
1039 3037 1129 3087 est,
1165 3034 1240 3081 sed
1274 3035 1418 3080 nimiae
1454 3035 1692 3081 humorum
1722 3035 2013 3100 ipsorummet

190 3099 449 3155 acrimoniae
477 3115 550 3144 aut
578 3099 822 3146 virulentia·
840 3133 852 3152 ,
883 3117 1018 3163 quam
1042 3098 1314 3146 diluentibus
1342 3105 1388 3145 δεῖ
1415 3099 1721 3146 edulcantibus
1750 3100 1868 3164 prius
1897 3117 2013 3146 tem-

193 3158 347 3229 ‘Perare
367 3163 465 3212 satis
484 3164 724 3229 diligenter
743 3181 944 3213 curatum
961 3182 1056 3213 non
1074 3163 1173 3212 fuit.
1201 3169 1254 3212 In
1279 3164 1446 3212 summa
1467 3164 1630 3230 duplex
1649 3179 1818 3234 tantum
1837 3165 1862 3211 a
1882 3169 2012 3226 Mer}

1690 3233 1715 3277 S
1746 3232 1794 3294 ιι)
1911 3233 1913 3235 ’

2055 218 2286 272 busjamdu-

2055 273 2143 310 dum
2163 273 2288 323 ligno-

2059 337 2137 361 rum
2177 325 2256 362 uiui

2061 376 2250 427 praefcrtut
2279 405 2291 420 ‚

2061 428 2150 464 duce
2175 440 2290 480 expe-

2064 491 2202 517 nentia.

2111 1125 2267 1164 Ratione

2054 1177 2131 1228 ipsa
2167 1180 2290 1217 comi⁴¹

2055 1241 2104 1267 te.
