2477 3643
611 128 1742 176 ·LtnER111.CA1³U·rV1L
1973 144 2065 185 247

205 212 286 259 ‘tis
308 213 361 257 δε
384 207 537 276 primis
552 225 766 257 venatum
792 209 1014 257 radicibus
1031 245 1041 264 ,
1062 227 1156 275 qua:
1171 208 1291 273 juxta
1311 207 1491 273 serpunt
1508 208 1662 254 mutuo
1681 208 1874 256 invicem
1895 209 2062 257 coales-

227 292 379 324 centes
396 309 407 328 ‚
427 275 599 339 sanguis
628 275 872 338 intercepta
898 275 969 322 via
999 282 1043 322 <Sc
1070 278 1117 323 in
1138 275 1221 323 suis
1245 275 1450 320 ductibus
1477 273 1641 320 baerere
1664 278 1707 319 ὃ(
1725 274 1770 320 in
1793 275 2063 322 collateralia

227 339 328 388 vasa
353 340 610 412 limphatica
631 338 702 386 via
733 341 778 386 vi
807 339 920 386 fasta
945 341 1193 407 irrumpere
1221 340 1396 404 cogitur
1424 374 1438 393 ,
1468 339 1588 386 unde
1611 337 1750 385 rubor
1768 372 1781 392 ,
1812 339 1932 384 calor
1949 373 1964 392 ,
1990 340 2061 386 in-

228 405 473 454 flammatio
503 405 678 470 papulae.

297 478 360 533 50.
397 475 455 516 At
474 469 598 516 simul
625 487 678 516 ex
701 469 836 517 altera
855 487 978 535 parte
1004 469 1210 518 sebaceus
1231 470 1353 518 idem
1370 470 1532 515 humor
1552 472 1638 531 jam
1667 466 1813 514 acrior
1842 472 1888 514 δέ
1910 467 2060 516 calore

224 535 505 582 inflammata:
525 535 689 600 papulae
711 536 756 580 in
785 552 957 582 motum
979 535 1366 585 vehementiorem
1400 538 1515 581 astus
1533 568 1544 586 ,
1567 532 1729 580 vasculi
1763 549 1852 596 quo
1875 534 2059 579 conclu-

223 601 373 652 ditur,
393 600 610 646 interiora
631 600 766 647 debet
784 601 1002 665 impetere
1024 620 1073 647 ac
1101 600 1251 648 sensim
1271 601 1463 648 erodere
1485 633 1498 652 ‚
1530 598 1650 647 unde
1673 598 1817 663 prima
1835 597 1954 646 labes
1979 617 2058 664 ap-

221 681 349 731 paret
370 665 417 710 in
445 665 615 712 summo
644 666 768 731 apice
784 699 796 718 ‚
831 681 879 712 ut
900 668 977 730 qui
998 667 1175 712 tenuior
1194 665 1255 711 fit.

285 738 351 776 60.
387 733 541 794 Itaque
568 732 732 795 papulae
755 730 973 793 fastigium
993 730 1256 796 semi-putre
1275 748 1356 777 nec
1376 729 1559 794 amplius
1580 728 1790 793 sanguine
1812 727 2054 774 circulante

220 795 462 860 perfundi,
490 795 685 859 ideoque
717 795 917 860 deposito
952 796 1117 843 rubore
1144 796 1494 843 inflammatorio
1533 794 1723 840 albescet
1750 813 1761 847 ;
1791 811 1872 840 nec
1901 793 2055 839 laxatis

219 860 343 907 fibris
379 859 665 908 serni-laceris
699 861 824 907 tendi
854 877 900 907 ut
931 863 1031 908 ante
1061 863 1257 926 poterit,
1289 861 1484 924 ideoque
1518 860 1565 906 in
1598 859 1642 907 se
1670 858 1859 907 subsidet
1886 892 1900 912 ,
1935 859 2054 906 unde

221 926 350 972 color
370 925 492 971 albus
512 931 556 972 &
575 926 876 990 complanatio
903 925 1078 972 summae
1101 927 1279 991 papulae.

283 1000 348 1048 70.
382 990 542 1037 Decisa
565 989 719 1036 sensim
749 991 969 1037 albicante
1000 992 1229 1056 pellicula,
1247 1008 1341 1054 quae
1372 988 1594 1052 fastigium
1622 988 1837 1036 convestit
1858 1021 1869 1040 ,
1897 986 2055 1053 papula

224 1057 406 1120 angusto
423 1055 581 1101 ostiolo
598 1056 808 1102 dehiscet,
826 1056 895 1102 Sic
915 1073 1024 1119 ergo
1038 1057 1196 1121 papula
1211 1057 1259 1101 in
1279 1073 1435 1101 verum
1450 1057 1570 1100 ulcus
1591 1054 1883 1118 degenerabit
1896 1086 1908 1105 ,
1933 1053 2054 1099 unde

220 1120 465 1167 manabunt
481 1121 659 1184 guttula:
679 1121 842 1166 ichoris
858 1121 1015 1167 viscidi
1037 1126 1081 1168 δέ
1106 1121 1333 1186 purulenti
1353 1137 1406 1167 ex
1422 1120 1607 1166 sebaceo
1633 1120 1824 1166 humore
1839 1133 2055 1183 corrupto

228 1184 494 1249 detritisque
517 1184 679 1232 vasculi
697 1185 883 1231 laciniis.

281 1259 346 1299 80.
379 1250 655 1296 Continuata
687 1250 945 1297 earumdem
977 1249 1204 1296 causarum
1241 1248 1422 1312 energia
1453 1249 1748 1296 tenuissimum
1777 1247 2052 1294 ulcuscnlum

216 1316 382 1363 crescet
404 1320 450 1361 <Sc
469 1315 749 1379 ampliabitur
765 1315 812 1360 in
831 1333 1016 1363 omnem
1034 1315 1124 1362 loci
1157 1314 1459 1362 differentiam
1479 1348 1492 1367 ,
1511 1331 1645 1379 atque
1670 1315 1782 1362 adeo
1817 1314 1944 1359 latius
1974 1312 2052 1359 fiet

220 1385 266 1427 δέ
287 1379 568 1446 profundius.

290 1447 351 1503 9⁹.
390 1445 575 1491 Interim
611 1459 756 1508 partes
784 1444 980 1509 contagii
1013 1443 1264 1492 acido-fixae
1299 1444 1457 1491 ulceris
1485 1444 1671 1492 ambitui
1701 1442 1922 1490 infinuatae
1954 1441 2052 1487 lim-

215 1510 351 1575 pham
371 1509 678 1556 circumfluam
706 1508 994 1573 inspissabunt
1015 1517 1059 1557 ὃς
1088 1509 1222 1555 callos
1241 1509 1518 1573 producent,
1540 1512 1618 1574 qui
1648 1508 1802 1556 sensim
1837 1507 2048 1572 suppura-

217 1576 341 1622 tione
364 1574 726 1637 colliquescentes
752 1575 874 1620 ulcus
892 1576 1011 1621 nova
1039 1573 1478 1622 accessioneulterius
1497 1576 1745 1640 proferent.
1772 1574 1841 1619 Sic
1864 1589 1974 1635 ergo
2002 1573 2049 1617 in

214 1640 436 1704 pudendis
466 1639 687 1685 ulcuscula
718 1641 999 1686 contumacia
1028 1673 1041 1693 ‚
1073 1639 1192 1686 callis
1224 1638 1362 1685 obsita
1386 1673 1400 1693 ,
1435 1639 1591 1687 sensim
1613 1638 1834 1704 serpentia
1864 1654 2050 1702 proger-

218 1704 469 1750 minabunt.

278 1779 367 1815 100.
409 1767 508 1814 Pari
539 1766 756 1832 similique
787 1767 1092 1815 mechanismo
1122 1784 1316 1815 venerea
1341 1768 1563 1816 ulcuscula
1584 1767 1780 1827 ejusdem
1801 1765 1976 1830 generis
2002 1771 2050 1812 δε

214 1834 262 1880 in
292 1835 385 1880 aliis
404 1850 585 1897 quoque
607 1833 804 1896 partibus
823 1834 968 1880 enasci
989 1832 1132 1879 solent
1147 1866 1158 1884 ‚
1179 1832 1208 1877 fi
1230 1833 1350 1878 virus
1368 1834 1466 1880 illac
1494 1833 1728 1879 admissum
1746 1832 1882 1878 fuerit
1899 1866 1911 1884 ‚
1929 1831 2047 1877 simi-

214 1897 357 1963 lisque
378 1899 424 1944 in
445 1898 526 1944 illis
546 1900 709 1962 prostet
736 1897 1015 1945 vasculorum
1048 1897 1334 1944 sebaceOtum
1370 1915 1626 1964 apparatus,
1649 1914 1694 1944 ut
1726 1898 1772 1943 in
1803 1897 1875 1943 ani
1903 1895 2047 1941 confi-

213 1964 298 2011 niis
316 1999 328 2018 ,
349 1980 639 2009 mammarum
670 1963 840 2028 papillis
863 1961 1064 2027 areisque
1093 1963 1269 2028 papillas
1295 1963 1594 2011 ambientibus
1619 1998 1633 2017 ,
1664 1962 1791 2010 labiis
1816 1996 1829 2015 ‚
1869 1961 2046 2013 buccis,

212 2029 365 2093 lingua
381 2063 394 2082 ,
415 2027 560 2093 palato
576 2062 588 2080 ‚
613 2028 849 2074 columella
867 2063 879 2081 ,
898 2045 1177 2092 gargareone
1192 2033 1296 2083 ἃς.
1939 2069 1941 2071 ,

287 2112 301 2139 1
320 2103 379 2139 10.
410 2093 670 2139 Creduntur
696 2093 832 2156 vulgo
864 2093 1097 2158 purulenta
1126 2090 1312 2139 materia
1344 2110 1439 2156 quae
1469 2093 1523 2140 ab
1560 2109 1650 2138 uno
1674 2092 1821 2138 ulcere
1847 2089 2011 2137 exudat
2032 2123 2045 2142 ‚

213 2159 371 2206 vicinae
392 2176 534 2223 partes
555 2158 716 2222 quibus
735 2159 926 2206 adhaeret
943 2192 956 2211 ,
982 2158 1082 2205 labe
1102 2157 1258 2205 eadem
1283 2159 1595 2204 contaminari.
1626 2160 1679 2203 Et
1700 2156 1798 2203 sane
1821 2155 1922 2201 cnm
1941 2155 2046 2200 huic

211 2225 406 2272 materiae
426 2225 544 2270 virus
565 2223 690 2276 infit,
709 2225 835 2286 quod
866 2243 920 2271 ex
940 2223 981 2270 se
1003 2223 1058 2269 ad
1086 2222 1312 2286 gignenda
1332 2223 1554 2269 ulcuscula
1585 2239 1735 2287 aptum
1766 2236 1919 2266 natum
1951 2221 2010 2267 est
2032 2253 2045 2272 ‚

210 2290 333 2337 haud
355 2290 517 2335 mirum
539 2287 659 2335 foret
685 2305 805 2335 nova
824 2289 930 2335 inde
951 2287 1170 2335 ulcuscula
1203 2288 1248 2333 in
1281 2288 1444 2334 eodem
1476 2287 1670 2349 subjecto
1691 2285 1878 2352 produci
1900 2320 1912 2338 ,
1945 2285 2046 2331 cum

213 2371 388 2401 certum
409 2353 457 2399 fit
477 2348 750 2418 experientia
780 2354 833 2399 ab
857 2353 1014 2400 eadem
1044 2352 1231 2399 materia
1259 2352 1480 2398 ulcuscula
1503 2353 1550 2398 in
1576 2353 1665 2399 alio
1702 2352 1896 2415 subjesto
1926 2350 2045 2397 exci-

216 2421 300 2465 tari
320 2453 331 2471 ,
351 2418 380 2463 fi
401 2418 519 2464 forte
538 2418 782 2464 concubitu
802 2418 1173 2464 communicetur.
1990 2437 1997 2441 t

282 2501 298 2527 1
314 2491 372 2527 20.
408 2483 516 2530 Inde
544 2483 715 2545 vulgari
734 2482 876 2528 fertur
901 2483 1117 2546 opinione
1138 2482 1192 2527 ab
1210 2481 1344 2528 unico
1371 2481 1598 2528 ulcusculo
1616 2515 1629 2534 ,
1649 2481 1727 2527 nifi
1754 2479 1894 2545 probe
1915 2495 2045 2524 mun-

211 2547 346 2594 detur
361 2580 372 2599 ,
398 2547 522 2611 plura
548 2546 630 2592 alia
650 2545 766 2609 quasi
783 2564 836 2592 ex
857 2548 1040 2594 traduce
1068 2548 1252 2594 areatim
1273 2564 1345 2593 aut
1367 2548 1573 2593 circulari
1603 2547 1773 2593 ambitu
1794 2543 1912 2606 juxta
1941 2542 2043 2589 sub-

212 2613 340 2658 oriri.
376 2611 463 2658 Sed
481 2629 533 2658 ea
550 2629 817 2675 quamquam
844 2612 993 2659 forsan
1026 2629 1132 2658 vera
1155 2610 1237 2657 fint
1256 2646 1269 2665 ‚
1291 2630 1383 2658 non
1404 2612 1568 2658 debent
1589 2630 1669 2675 pro
1697 2608 1958 2657 indubitatis
1984 2624 2046 2655 te-

214 2679 337 2724 mere
359 2677 562 2728 admitti,
584 2676 684 2722 cum
715 2676 836 2722 locus
856 2677 905 2722 sit
931 2695 1013 2724 nec
1044 2677 1185 2724 inanis
1204 2678 1476 2739 conjiciendi
1497 2675 1744 2728 ulcuscula,
1773 2693 1868 2739 quae
1902 2672 2047 2719 solent

213 2741 453 2803 aliquando
482 2742 529 2786 in
558 2741 714 2787 eadem
739 2758 864 2805 parte
886 2741 1118 2788 confestim
1148 2741 1327 2795 enasci,
1347 2742 1401 2788 ab
1439 2742 1602 2789 eodem
1639 2742 1850 2803 contagio
1876 2738 2048 2784 extrin-

218 2805 339 2852 secus
371 2806 580 2858 admisto,
614 2821 825 2869 tanquam
854 2807 877 2853 εὶ
905 2807 1030 2853 causa
1055 2807 1230 2871 singulis
1265 2808 1526 2859 communi,
1559 2807 1706 2871 potius
1732 2802 2012 2852 sobolescere
2031 2835 2047 2854 ‚

219 2870 352 2935 quam
376 2870 458 2915 alia
481 2888 534 2917 ex
550 2870 644 2916 aliis
665 2872 925 2934 generando
956 2870 1109 2918 suffici.

288 2943 380 2995 130.
413 2935 636 2981 Caeterum
652 2968 664 2986 ,
689 2934 716 2979 s1
740 2935 856 2981 virus
876 2936 999 2998 quod
1023 2937 1070 2980 in
1094 2935 1192 2981 vasa
1223 2935 1406 2982 sebacea
1424 2936 1677 2999 penetravit
1699 2969 1712 2988 ,
1733 2931 1889 2980 natura
1916 2931 2046 2978 blan-

217 3000 329 3046 dum
358 2998 407 3045 sit
429 2999 502 3046 vel
524 2998 651 3063 copia
672 3016 858 3062 paucum
884 3034 896 3052 ,
933 3008 992 3045 10.
1014 2999 1193 3046 Ulceris
1222 3000 1439 3046 ambitum
1472 3000 1632 3049 lentius
1653 3001 1811 3051 rodet3
1833 3000 1936 3046 hinc
1961 2997 2044 3042 mi-

220 3082 334 3111 nora
367 3069 412 3112 δε
436 3064 573 3125 magis
592 3063 886 3128 superficiaria
910 3081 1041 3111 erunt
1057 3064 1277 3111 ulcuscula
1293 3098 1304 3117 ‚
1327 3071 1372 3111 δε
1391 3064 1647 3130 primaevam
1673 3065 1949 3112 vasculorum
1980 3061 2047 3108 se-

223 3129 468 3176 baceorum
500 3128 685 3193 figuram
718 3129 1014 3178 orbicularem
1043 3130 1308 3176 constantius
1333 3130 1593 3179 retinebunt
1614 3150 1623 3177 ι
1649 3132 1710 3178 2⁰.
1734 3130 1965 3193 Limpham
1982 3125 2050 3172 ul-

212 3195 318 3243 *cet-‘t
336 3194 640 3243 circumfluam
671 3194 873 3260 ignavius
904 3195 1145 3262 inspissabit
1174 3195 1311 3251 3hinc
1336 3195 1440 3243 calli
1467 3197 1731 3263 pauciores,
1752 3194 1896 3245 minus
1920 3192 2052 3247 duri,

2109 210 2232 250 calore
2248 241 2259 258 ,
2305 215 2342 254 &c

2109 264 2257 305 rubore.

2158 491 2191 524 5.
2235 479 2333 529 Quae

2105 527 2228 586 senfim
2244 532 2277 568 in
2293 545 2333 568 a-

2103 591 2180 637 2¹⁶²
2207 583 2336 622 dehis-

2102 643 2165 671 cit.

2132 738 2165 768 6.
2189 733 2231 770 Et
2250 744 2336 778 tunc

2101 782 2273 824 subsidet.

2123 1002 2162 1034 7.
2178 988 2221 1026 Et
2236 990 2332 1029 exul*

2099 1052 2256 1080 ceratut.

2151 1250 2183 1282 8.
2224 1245 2330 1286 Unde

2096 1296 2198 1333 ulcus
2214 1298 2245 1334 iu
2261 1312 2331 1351 ge-

2094 1349 2279 1388 nitalibus.
2343 1350 2346 1351 ⁷

2159 1447 2196 1475 9·
2235 1437 2333 1479 Cum

2098 1485 2195 1521 callis
2229 1489 2332 1524 mul-

2097 1538 2168 1580 tis,
2198 1539 2331 1589 quibus

2096 1590 2263 1643 cingitur.

2149 1783 2165 1807 1
2177 1783 2214 1807 ο.
2234 1772 2329 1819 Quae

2097 1823 2174 1873 pati
2209 1826 2329 1862 ratio-

2096 1887 2136 1911 ne
2153 1880 2187 1912 &
2203 1875 2236 1911 in
2248 1877 2328 1913 aliis

2095 1926 2184 1963 locis
2222 1930 2327 1966 acci-

2092 1979 2195 2016 dunt.

2145 2093 2205 2118 11-
2227 2070 2325 2126 'Cre-

2091 2133 2190 2170 ditur
2206 2132 2328 2185 apure

2092 2186 2194 2237 quod
2242 2185 2327 2222 inde
2394 2187 2395 2191 ’

2090 2238 2257 2282 exsudat,
2269 2251 2330 2275 no·

2091 2297 2147 2331 vai,
2160 2290 2327 2327 ulcuscu-

2090 2345 2127 2382 la
2146 2344 2312 2382 excitati.

2149 2489 2163 2512 1
2178 2489 2213 2512 2·
2263 2476 2323 2511 De

2090 2541 2166 2579 quo
2181 2530 2258 2578 jure
2272 2537 2324 2562 ta-

2094 2593 2171 2617 men
2211 2576 2320 2616 dubi-

2092 2643 2209 2671 tatut-
2305 2664 2326 2684 Α

2138 2924 2155 2950 1
2172 2917 2205 2952 3'
2242 2905 2323 2947 Ul·

2140 2957 2236 3001 scula
2263 2970 2329 2994 or-

2092 2998 2137 3024 ⁶¹¹
2179 3010 2267 3047 lana
2293 3015 2328 3048 sc

2094 3042 2176 3080 bicu

2094 3080 2204 3132 mueO
2241 3073 2327 3142 albe}

2094 3147 2196 3199 plena
2210 3145 2244 3185 in
2256 3151 2312 3181 me

2097 3201 2172 3242 (1.1οὴ
