2477 3643
202 990 414 1045 Prognofis.

210 2435 384 2476 Curatio.

198 2618 228 2654 1.
251 2613 410 2654 Praesen-

178 2668 224 2707 tis
234 2667 414 2709 ischuriae·

471 149 567 186 zio
852 135 958 184 DE
1017 135 1963 186 MORBISVENEREIS.

463 212 564 280 ipsis
591 227 665 263 aut
685 214 884 264 vesiculis
915 214 1158 264 seminariis
1177 212 1383 263 ulcerosis
1401 247 1414 268 ,
1433 213 1677 281 suppuratis
1695 248 1707 268 ‚
1731 213 1925 262 fistulosis
1945 249 1959 270 ,
1986 228 2036 264 iit
2063 215 2303 270 evidenter:

463 277 638 344 patebit
656 279 687 326 si
714 298 766 328 ea
788 280 966 347 perinaei
996 281 1150 344 regio,
1170 279 1247 327 ubi
1267 280 1463 346 prostatae
1491 285 1536 326 ὃ(
1556 278 1750 328 vesicula:
1781 280 2023 327 seminariae
2051 282 2136 329 fitae
2168 286 2267 331 sunt
2285 318 2302 340 ‚

462 343 597 409 paulo
624 345 840 394 tumidior
861 360 1064 411 appareat
1082 378 1097 399 ,
1123 361 1197 392 aut
1233 342 1388 392 saltem
1419 342 1607 392 obscure
1643 350 1690 393 δε
1720 343 1945 411 profunde
1979 346 2130 395 doleat
2149 382 2163 402 ,
2193 349 2306 399 dum

462 424 703 474 premitur.

525 474 721 524 Demum
741 473 990 538 exploratio
1008 491 1087 539 per
1106 473 1380 522 catheterem
1407 473 1607 540 suspensa
1628 479 1675 521 &
1698 474 1911 540 prudenti
1928 493 2061 523 manu
2079 476 2272 525 instituta
2286 511 2304 533 ,

464 537 651 585 obicum
689 554 892 585 naturam
925 544 970 585 δε
1003 539 1266 603 qualitatem
1304 556 1545 603 utcumque
1583 558 1677 586 non
1707 541 1979 588 demonstret
1997 574 2010 594 ‚
2044 558 2194 589 tamen
2218 544 2301 588 :ili-

464 603 647 668 quando
675 604 845 649 indicat
873 621 926 651 ex
962 603 1188 667 qualitate
1211 603 1437 657 humoris,
1457 606 1535 668 qui
1565 604 1780 652 catheteri
1811 621 2014 653 extremo
2040 606 2300 654 adhaerescit

464 668 569 715 cum
587 670 801 715 extractus
826 670 898 715 est.
927 670 987 713 At
1018 669 1171 715 saltem
1200 674 1322 716 cetto
1344 669 1479 717 docet
1505 686 1618 734 quot
1645 687 1833 716 numero
1860 669 1942 716 sint
1960 704 1973 723 ‚
2005 671 2167 735 quibus
2195 690 2301 720 ure-

464 733 573 779 tlirae
598 733 707 779 locis
727 730 851 778 adsiti
868 766 880 785 ‚
911 733 998 797 qua
1023 734 1069 781 vi
1088 735 1300 797 stringant
1320 735 1548 782 urethram
1565 769 1577 788 ,
1598 750 1672 780 aut
1685 734 1771 796 quss.
1787 735 1907 782 mole
1927 737 2137 800 oppleant
2154 770 2166 790 ‚
2200 738 2300 801 quis

463 801 605 858 major
630 798 838 844 minorve
864 797 915 843 sit
932 831 945 850 ‚
965 816 1098 862 quam
1114 799 1399 846 latitudinem
1417 800 1610 864 quilibet
1633 798 1795 846 habeat
1812 832 1824 851 ,
1856 816 1945 862 quo
1968 801 2208 848 intervallo
2229 806 2300 849 in·-

462 863 612 908 vicem
632 861 792 909 distent
816 867 903 909 &c.
928 880 1022 926 quae
1040 863 1208 928 singula
1226 882 1319 910 non
1345 866 1486 912 modo
1505 865 1558 912 ad
1588 862 1845 929 prognosim
1859 897 1873 918 ,
1894 862 1971 912 sed
1987 865 2122 913 etiam
2143 867 2198 914 ad
2216 885 2299 914 cu-

465 926 595 975 randi
622 927 889 974 methodum
909 928 1008 973 sunt
1036 928 1281 976 admodum
1307 929 1447 976 utilia.

524 994 748 1053 Prognofis.
774 993 1058 1056 stranguria?
1090 1011 1186 1058 qua:
1204 995 1228 1040 a
1254 995 1538 1057 gonorrhoeis
1569 1010 1720 1041 ortum
1754 992 1917 1046 habet,
1938 1011 2177 1041 contumax
2209 996 2297 1048 est,

462 1055 565 1102 cum
593 1054 776 1104 difficile
806 1056 856 1103 sit
885 1058 1035 1105 obices
1055 1059 1216 1122 quibus
1240 1059 1493 1114 inducitur,
1517 1059 1590 1107 vel
1618 1059 1843 1122 extirpare
1859 1058 1932 1105 vel
1959 1059 2226 1113 retundere3
2247 1065 2296 1106 δε

460 1121 707 1186 periculosa
719 1156 733 1176 ,
751 1121 852 1168 cum
867 1121 1108 1171 iscliuriam
1127 1130 1175 1171 &
1198 1124 1383 1189 periculi
1400 1125 1531 1189 plena
1547 1123 1748 1171 ischuriae
1770 1122 2064 1189 symptomata
2080 1142 2172 1171 non
2195 1125 2296 1172 ται-ὸ

462 1185 643 1233 inferat.
1770 1213 1773 1216 ·

529 1252 635 1311 Quo
655 1249 878 1298 difficilius
897 1252 1026 1299 urina
1054 1252 1271 1316 mingitur
1290 1287 1304 1308 ‚
1327 1258 1374 1301 δε
1393 1254 1483 1318 qub
1499 1249 1777 1318 frequentius
1795 1253 2052 1320 supervenit
2071 1251 2264 1302 iscliuria
2280 1268 2298 1309 ,v

461 1316 518 1365 eb
534 1316 833 1381 'periculosior
859 1319 919 1364 est
936 1319 1194 1382 stranguria.

527 1380 743 1429 Similiter
773 1373 1190 1436 effcontumacior,
1209 1382 1300 1447 quo
1323 1382 1513 1430 urethrae
1533 1381 1684 1429 obices
1714 1399 1900 1429 numero
1929 1382 2077 1446 plures
2095 1381 2299 1431 latiores·

460 1463 553 1511 que
574 1446 674 1492 sunt
689 1479 702 1499 ,
722 1462 797 1492 aut
814 1447 1041 1494 urethram
1062 1448 1202 1511 magis
1227 1449 1454 1510 angustant
1469 1480 1483 1500 ‚
1499 1463 1765 1511 premiintve
1779 1445 1958 1493 fortius.

516 1512 700 1557 Caeteris
717 1511 896 1576 paribus
925 1528 1077 1558 curatii
1103 1511 1330 1560 difficilior
1349 1514 1408 1559 est
1436 1517 1482 1559 &
1501 1510 1786 1576 periculosior
1801 1545 1816 1564 ,
1839 1529 1933 1574 quae
1950 1510 1999 1555 fit
2022 1510 2077 1557 ab
2092 1511 2298 1560 obicibus

456 1574 706 1640 suppuratis
738 1576 810 1623 vel
839 1577 1127 1630 exulceratiS,
1157 1577 1293 1641 quam
1318 1593 1412 1640 quae
1440 1577 1495 1623 ab
1522 1576 1729 1623 obicibus
1753 1575 1936 1623 callosis.
1964 1579 2071 1622 Haec
2092 1577 2214 1624 enim
2235 1577 2292 1625 ab

457 1640 596 1687 unico
615 1640 787 1687 tantum
807 1641 970 1688 morbo
992 1676 1004 1694 ,
1021 1642 1097 1688 illa
1117 1642 1226 1690 verb
1241 1643 1264 1687 a
1279 1642 1461 1705 gemino
1480 1640 1723 1705 dependet.

521 1705 737 1752 Similiter
756 1706 922 1753 caetcris
942 1706 1121 1772 paribus
1145 1706 1431 1771 periculosior
1451 1708 1512 1753 est
1540 1712 1585 1753 δε
1605 1722 1759 1753 curatu
1776 1704 2005 1752 difficilior
2024 1705 2264 1769 stranguria
2279 1740 2293 1760 ‚

455 1768 507 1814 in
525 1769 611 1833 qua
630 1771 828 1834 prostatae
851 1787 923 1817 aut
945 1771 1141 1818 veficulae
1175 1771 1417 1819 seminariae
1451 1770 1693 1836 suppuratae
1713 1805 1726 1824 ,
1757 1772 1958 1818 ulceratae
1973 1804 1987 1824 ,
2005 1769 2199 1824 callosae,
2219 1771 2297 1818 fis-

456 1833 608 1880 tulosae
622 1868 635 1887 ‚
656 1833 957 1883 skirrlioidaeae
983 1836 1104 1888 sunt,
1124 1838 1260 1900 quam
1280 1855 1330 1883 ea
1349 1838 1396 1882 in
1410 1836 1495 1899 qua
1514 1836 1686 1883 leviora
1705 1836 1854 1883 ulcera
1869 1836 2098 1882 urethram
2116 1835 2290 1884 tantum

457 1897 665 1945 infestant
679 1933 691 1952 ,
716 1915 811 1945 tum
831 1901 936 1964 quia
964 1901 1011 1946 in
1030 1902 1180 1965 priore
1215 1900 1464 1947 afficiuntur
1487 1917 1630 1965 partes
1650 1919 1720 1946 am
1754 1902 1888 1949 liores
1903 1934 1916 1953 ,
1950 1916 2045 1946 tum
2064 1900 2170 1963 quia
2188 1919 2290 1965 pai·-

458 1977 524 2008 tes
539 1996 551 2014 ‚
568 1981 663 2026 quae
683 1962 935 2012 afficiuntur
951 1999 965 2018 ,
990 1970 1083 2028 ejus
1101 1965 1375 2013 conditionis
1402 1965 1500 2012 sunt
1518 1999 1530 2019 ,
1553 1981 1601 2012 ut
1618 1965 1692 2014 vix
1733 1967 1856 2013 anari
1873 1980 2039 2029 queant
2055 1965 2144 2011 sine
2164 1966 2297 2029 gravi

462 2044 745 2091 operatione.

519 2092 727 2139 Tandem
758 2091 952 2141 ischuria
967 2129 980 2148 ,
999 2112 1094 2159 quae
1126 2094 1378 2159 stranguriae
1417 2093 1613 2140 succedit
1630 2127 1642 2144 ,
1661 2092 1692 2138 fi
1722 2092 1868 2157 gravis
1888 2126 1900 2145 ‚
1921 2092 1950 2138 fi
1979 2092 2191 2140 diuturna
2217 2094 2267 2141 fit
2278 2104 2298 2149 ‚'

454 2153 625 2203 summe
643 2157 889 2221 periculosa
903 2158 1053 2206 futura
1071 2160 1129 2206 est
1144 2194 1156 2212 ,
1181 2158 1281 2205 cum
1301 2159 1436 2205 urinae
1454 2157 1749 2223 suppressione
1763 2191 1776 2210 ,
1808 2155 2035 2222 suppreffae
2049 2158 2100 2204 'in
2118 2159 2296 2207 diversa.

454 2220 556 2267 loca
570 2222 899 2278 exundatione,
922 2224 1070 2271 veficae
1088 2224 1299 2288 plenioris
1332 2223 1688 2270 inflammatione
1710 2256 1722 2274 ,
1746 2220 2026 2269 inflammatae
2057 2224 2295 2287 gangr-zena

458 2290 549 2332 &c-
577 2287 759 2352 praesens
784 2288 1016 2337 immineat
1036 2290 1135 2338 vitae
1157 2289 1400 2337 discrimen
1416 2321 1431 2343 ‚
1461 2288 1542 2334 nisi
1564 2286 1720 2334 natura
1742 2286 1816 2335 vel
1834 2303 1928 2334 arte
1948 2287 2020 2335 via
2048 2288 2138 2334 cito
2169 2290 2295 2336 resti·

457 2365 605 2398 tuatur
626 2369 775 2398 urinae.

523 2421 709 2463 Curatio.
738 2415 856 2464 Cum
874 2418 1075 2482 geminus
1096 2417 1146 2464 fit
1166 2417 1315 2464 morbi
1333 2419 1484 2469 statiiS,
1505 2415 1683 2480 gemina
1700 2433 1881 2481 qiioque
1899 2417 2193 2482 proponenda
2210 2435 2292 2464 cu-

455 2481 586 2527 randi
606 2482 869 2536 inethodus3
889 2483 1027 2531 altera
1045 2500 1138 2548 quae
1158 2482 1359 2548 praesenti
1379 2481 1580 2530 ischuriae
1595 2515 1608 2534 ‚
1628 2480 1763 2529 altera
1780 2500 1875 2546 quae
1892 2482 2142 2547 stranguriae
2157 2482 2291 2529 habi-

459 2546 569 2592 tuali
592 2548 829 2593 conducat.

520 2615 552 2656 Ι.
580 2616 633 2656 In
654 2612 804 2676 priore
825 2610 922 2658 casu
937 2645 949 2664 ,
972 2611 1050 2675 qui
1069 2611 1301 2675 urgentior
1333 2613 1417 2664 est,
1437 2628 1488 2657 ea
1506 2609 1660 2657 omnia
1674 2610 1722 2656 in
1744 2610 1873 2657 usum
1889 2610 2179 2663 advocanda,
2194 2627 2291 2675 quae

458 2673 679 2738 sanguinis
698 2692 871 2722 motum
893 2681 940 2721 δε
968 2676 1140 2740 copiam
1172 2676 1420 2723 minuendo
1438 2709 1449 2727 ‚
1472 2677 1615 2721 aestum
1633 2675 1927 2740 temperando
1946 2709 1958 2728 ,
1980 2691 2151 2739 partem
2173 2677 2288 2722 rela-

456 2740 632 2792 xando,
658 2739 789 2787 fibras
826 2739 1015 2786 nimium
1049 2739 1189 2788 tensas
1222 2739 1498 2787 emolliendo
1517 2773 1530 2792 ‚
1551 2739 1910 2803 suppurationem
1944 2741 2257 2804 promovendo
2274 2773 2290 2793 ,

453 2802 809 2852 inflammatoriae
851 2805 1039 2852 urethrae
1067 2806 1367 2854 <coar-<stationi
1396 2803 1568 2853 mederi
1608 2809 1654 2850 δεῖ
1696 2804 1832 2851 urinae
1860 2804 2029 2851 fluxum
2060 2806 2287 2852 restituere

453 2869 646 2916 valeant.

515 2934 691 2980 Idcirco
722 2943 776 2980 1⁰.
800 2941 926 2982 Vena
944 2934 1184 2982 incidenda
1203 2937 1263 2982 est
1281 2935 1328 2981 in
1348 2933 1531 2980 brachio
1560 2933 1776 2981 alterutro
1796 2966 1809 2987 ‚
1831 2939 1878 2997 ¹&
1898 2933 2069 2998 sanguis
2099 2931 2282 2996 largiter

450 2997 709 3045 educendus
739 2999 851 3045 hora
871 2999 1245 3063 quai-tquuzilibet
1262 3033 1274 3052 ‚
1294 2998 1493 3064 quandiu
1513 2997 1665 3045 morbi
1696 2999 1979 3046 vehementia
1998 2997 2279 3063 postulaverit

450 3066 500 3108 &
516 3065 767 3125 aegrotantis
786 3066 902 3112 vires
921 3065 1158 3128 patientur.
1186 3065 1288 3123 Qu&
1316 3066 1364 3111 in
1388 3081 1436 3110 re
1462 3063 1659 3110 monitos
1689 3064 1824 3111 velim
1854 3063 2061 3110 Medicos
2078 3096 2093 3115 ,
2122 3076 2170 3107 ut
2196 3078 2278 3124 pro

449 3128 677 3174 celeritate
704 3127 938 3174 invasionis
973 3129 1050 3192 ipsi
1070 3130 1117 3174 in
1138 3128 1380 3193 aperienda
1401 3127 1514 3176 vena
1534 3127 1698 3175 celeres
1725 3144 1903 3192 quoque
1921 3127 2028 3178 sint,
2055 3144 2103 3172 ac
2131 3125 2278 3190 pi·aeci··

448 3190 531 3251 piri
543 3192 710 3242 inorbo
738 3193 873 3241 citam
891 3209 1023 3258 opem
1041 3193 1223 3257 providi
1243 3192 1390 3241 ferant
1408 3210 1420 3247 3
1441 3191 1520 3240 nisi
1544 3192 1666 3241 enim
1682 3191 1915 3258 principiis
1931 3190 2134 3238 obsistant
2147 3223 2161 3245 ,
2178 3189 2274 3237 sero
