2477 3643
137 206 323 240 veneream

133 265 219 291 curn
248 249 324 285 ele-

132 301 317 358 fliantiafi

133 361 350 396 tiraecorum

132 409 196 449 seu
218 405 316 459 lepra

133 462 302 501 Arabum

134 514 299 552 eamdem

128 581 145 605 ε
152 566 212 606 ffe-

147 653 360 695 Refellitur.

129 999 187 1043 (al
211 998 359 1034 Lucret.

127 1056 184 1089 De
242 1061 356 1085 rerum

125 1102 263 1141 naturai
281 1127 293 1143 ‚

171 1207 327 1243 Galenus
344 1230 356 1248 ‚

128 1259 204 1296 Lib.
238 1260 287 1295 cod

126 1311 344 1348 Glauconem

127 1376 162 1401 2.
180 1371 254 1411 cap.
278 1374 330 1399 12.

126 1442 181 1488 (b)
201 1439 332 1476 Plinius
347 1466 358 1484 ‚

124 1492 258 1541 Hister.
271 1498 353 1528 Na-

124 1556 191 1582 tur.
212 1544 354 1582 Lib.26.

124 1605 198 1646 cap.
219 1609 246 1644 ι,

415 106 480 152 m·
608 89 616 91 “
764 102 1900 159 Di-:xMoRntserERnrs

415 201 587 233 novum
610 185 694 235 effe
709 219 722 241 ,
740 187 841 237 cum
861 192 948 251 jam
970 187 1142 236 dudum
1170 185 1487 251 vulgatissimus
1512 188 1674 243 fuerit,
1698 188 1890 238 sedsolo
1921 190 2132 248 nomine,
2149 192 2265 246 cuna,

412 267 532 317 nunc
555 251 626 299 lue
655 253 848 301 venerea
876 252 1030 301 infesti
1051 253 1257 300 dicantur
1279 285 1292 306 ,
1313 253 1390 315 qui
1420 255 1648 317 quondam
1674 254 1834 319 leprosi
1855 273 1928 303 aut
1956 257 2251 322 elephantiaci

412 317 799 383 nuncupabantur.
846 319 1107 365 Existimant
1141 333 1289 364 autem
1320 317 1423 363 huic
1460 319 1666 382 opinioni
1699 318 1929 385 fiiffragari
1961 322 2247 373 celsacionem

410 381 569 447 leprae,
597 402 692 448 quae
721 386 768 432 in
802 383 977 448 Europa
1007 382 1085 430 sub
1118 379 1360 446 ingressum
1396 383 1479 429 luis
1512 401 1711 431 venereae
1747 386 1836 431 visa
1865 389 1924 433 est
1948 389 2240 445 evanescere3

409 448 531 494 unde
562 465 718 513 putant
741 449 859 515 poffe
882 448 1095 512 colligere
1116 447 1283 511 lepram
1303 452 1391 508 jam
1424 448 1651 512 ignorari,
1678 450 1782 513 quia
1813 469 1913 497 cum
1943 452 2013 498 lue
2048 456 2241 502 venere-3

407 513 730 568 confunditur,
759 516 866 561 sicut
899 515 999 561 ante
1029 515 1122 561 lues
1158 530 1351 559 venerea
1375 513 1671 577 ignorabatur
1693 548 1705 567 ‚
1731 514 1833 578 quia
1875 516 2237 567 confundebatur

410 595 512 625 cum
541 579 678 643 lepra.

466 644 554 690 Sed
589 645 680 692 haec
699 678 712 699 ,
749 661 1019 708 quamquam
1042 642 1247 692 Achillea
1278 642 1547 697 videantur,
1588 640 1693 690 mox
1723 643 1995 699 concidunt,
2031 646 2061 692 fi
2091 662 2240 696 atten-

407 708 553 756 datur.

462 780 494 820 Ι.
526 779 665 821 Luem
697 790 937 821 veneream
954 806 965 826 ‚
993 773 1068 820 etsi
1101 773 1353 820 diceremus
1374 790 1476 818 cum
1501 771 1624 837 lepra
1653 771 1856 820 Arabum
1884 779 1929 820 &
1956 775 2239 840 elephantiasi

407 842 663 886 Graecorum
690 838 896 885 eamdem
925 838 1012 885 elle
1030 872 1043 892 ,
1075 855 1124 884 ut
1155 839 1220 885 illi
1245 838 1525 885 contendunt
1544 871 1556 889 ‚
1576 837 1684 884 inde
1719 839 1843 884 tanto
1875 842 2014 903 magis
2050 842 2120 888 vel
2151 843 2241 889 hoc

405 904 501 969 ipso
527 906 712 951 nomine
736 905 784 950 in
803 904 978 969 Europa
995 922 1161 951 novam
1184 903 1456 951 censendam
1477 901 1562 949 effe
1579 937 1591 954 ‚
1610 901 1711 948 cum
1731 919 1901 950 certum
1921 904 1971 950 fit
2002 923 2054 953 ex
2085 909 2242 954 Histo-

407 971 605 1016 ricorum
624 976 669 1016 &
691 970 979 1017 Medicorum
1008 969 1097 1015 fide
1123 969 1291 1033 lepram
1308 969 1543 1034 ipsammet
1565 967 1773 1014 morbum
1796 968 1880 1015 effe
1918 972 2005 1031 (a)
2027 970 2160 1031 Syriae
2190 978 2238 1019 ἃς

406 1039 599 1100 AEgypto
621 1035 882 1082 endemium
898 1069 910 1088 ,
937 1040 981 1081 &
1003 1035 1052 1080 in
1078 1034 1255 1099 Europa
1283 1033 1428 1080 nostra
1460 1050 1630 1079 novum
1658 1038 1704 1079 ὃς
1737 1033 2033 1096 alienigenam
2053 1069 2064 1087 ‚
2085 1037 2133 1081 in
2152 1037 2238 1100 qua

406 1099 473 1146 bis
484 1103 530 1146 in
540 1102 749 1155 valuerit3
768 1100 902 1148 semel
917 1100 1104 1164 quidem
1124 1116 1226 1147 ante
1241 1100 1462 1146 Chr-‘istum
1483 1115 1635 1144 natum
1652 1131 1664 1150 ,
1689 1098 1749 1153 (b)
1765 1098 1972 1145 advestus
1995 1100 2163 1148 scilicet
2180 1102 2237 1149 ab

407 1167 607 1213 exercitu
625 1167 827 1231 Pompeii
845 1166 1029 1229 Magni,
1051 1165 1152 1211 cum
1172 1167 1266 1230 post
1285 1165 1477 1211 subaCtas
1497 1164 1666 1225 Syriam
1684 1168 1730 1208 δε
1747 1167 1987 1228 AEgyptum
2002 1166 2049 1210 in
2063 1167 2237 1215 Italiam

408 1232 748 1295 regrederetur,
769 1231 844 1278 sed
874 1233 951 1294 qui
983 1245 1089 1276 tunc
1111 1230 1239 1276 brevi
1260 1228 1437 1277 ceffavit
1456 1247 1467 1281 ·‚
1487 1228 1649 1275 iterum
1676 1229 1786 1275 vero
1813 1228 1968 1275 speculo
1998 1231 2022 1275 a
2056 1231 2237 1279 Christo

407 1314 511 1343 nato
535 1298 809 1344 duodecimo
827 1330 838 1349 ‚
861 1311 1064 1360 tempore
1087 1296 1435 1359 Expeditionum
1465 1312 1559 1356 quae
1590 1293 1837 1356 Religionis
1871 1294 1997 1339 causti
2032 1294 2238 1361 suscipie-

407 1362 567 1408 bantur
584 1396 595 1415 ‚
615 1363 751 1426 vulgo
773 1369 807 1408 C
812 1362 986 1421 roisades
1002 1399 1015 1414 ,
1033 1376 1081 1406 ut
1112 1364 1254 1406 Terra
1282 1359 1426 1406 sanrsta
1446 1359 1469 1404 εὶ
1492 1358 1974 1404 Mahummedanorum
1998 1362 2236 1420 tyrannide

404 1426 671 1474 liberaretur
695 1445 706 1480 ·,
726 1426 813 1490 qua
832 1426 889 1473 de
909 1444 956 1472 re
975 1425 1094 1489 pleni
1113 1425 1212 1471 sunt
1231 1425 1561 1471 Historicorum
1582 1423 1884 1469 recentiorum
1904 1422 2045 1469 Libri.

467 1498 534 1539 11.
564 1493 739 1540 Revera
761 1509 909 1538 tamen
925 1493 1094 1538 temere
1116 1508 1235 1536 nunc
1257 1490 1396 1552 objici
1418 1489 1472 1536 ab
1489 1487 1716 1534 hodiernis
1734 1488 1927 1534 Medicis
1948 1522 1961 1540 ‚
1980 1488 2141 1552 quibus
2167 1490 2236 1538 le·-

401 1574 526 1623 pram
551 1559 706 1605 videre
736 1575 978 1621 numquam
998 1555 1191 1618 contigit
1208 1589 1221 1608 ‚
1236 1555 1355 1602 luem
1379 1571 1618 1603 veneream
1639 1571 1740 1599 cum
1760 1553 1880 1617 lepra
1895 1554 2098 1600 eamdem
2118 1557 2203 1603 esse
2217 1590 2233 1610 ‚

401 1624 770 1687 quandoquidem
798 1621 998 1669 unanimi
1033 1621 1323 1668 Medicorum
1351 1619 1630 1671 testimonio,
1666 1619 1745 1682 qui
1770 1617 1847 1664 sub
1884 1617 2125 1681 ingressum
2151 1621 2236 1668 luis

403 1706 601 1736 venereae
626 1688 779 1736 vixbre
799 1722 811 1741 ‚
834 1693 879 1734 &
913 1686 1073 1751 quibus
1096 1686 1218 1750 lepra
1244 1686 1462 1732 notiffima
1484 1701 1590 1730 tunc
1619 1682 1705 1728 fuit
1725 1716 1737 1736 ,
1758 1684 1924 1729 constat
1950 1684 1972 1729 ὲ
2004 1687 2235 1732 contrario

400 1753 571 1818 lepram
586 1754 610 1800 εὶ
629 1754 701 1801 lue
721 1752 910 1801 venerea
929 1752 1102 1817 penitus
1117 1750 1378 1816 discrepasse
1397 1786 1408 1803 ,
1437 1766 1486 1796 ut
1505 1749 1675 1795 collatis
1692 1747 1919 1812 utriusque
1937 1748 2086 1795 morbi
2104 1750 2236 1814 fignis

401 1824 449 1865 &
483 1819 786 1885 symptomatis
807 1818 1043 1866 evidenter
1075 1817 1183 1863 olim
1213 1816 1462 1881 probavere
1482 1848 1494 1868 ‚
1521 1813 1777 1860 Coradinus
1796 1814 1970 1859 Gilinus
1987 1847 2000 1866 ,
2037 1819 2078 1860 in
2099 1819 2235 1880 Opus-

399 1885 486 1930 culo
519 1886 567 1930 de
595 1884 754 1932 Morbo
792 1887 954 1931 Gallico
973 1923 987 1939 ,
1024 1900 1144 1929 anno
1188 1900 1322 1939 1497·
1355 1881 1568 1929 Nicolaus
1601 1879 1880 1926 Leonicenus
1894 1913 1907 1931 ‚
1937 1879 2203 1927 Vicentinus
2218 1913 2236 1935 ,

396 1949 501 1996 Lib.
523 1949 571 1995 de
591 1949 813 2013 Epidemid
835 1988 848 2003 ‚
871 1966 990 2011 quam
1011 1951 1112 1994 Itali
1130 1946 1304 1993 morbum
1325 1950 1530 1992 Gallicum
1547 1958 1697 1991 vocant
1713 1982 1727 1998 ,
1746 1961 1863 1989 anno
1888 1961 2022 2000 1497.
2066 1945 2232 2010 Gaspar

398 2014 586 2061 Tor-ella
601 2049 613 2067 ‚
638 2014 842 2062 Medicus
864 2012 1107 2059 Alexandri
1132 2016 1219 2058 VI.
1241 2016 1288 2057 ὃ(
1313 2010 1418 2057 dein
1437 2010 1674 2075 Episcopus
1694 2011 1857 2055 Saneffiae
1874 2009 1997 2060 Justae
2018 2009 2067 2054 in
2085 2010 2236 2056 Sardi.

401 2077 476 2124 nia
493 2113 504 2129 ‚
523 2081 696 2140 Consilio
711 2098 742 2143 5.
763 2096 880 2125 anno
902 2095 917 2122 1
935 2096 1037 2140 500.
1068 2076 1258 2131 Jacobus
1270 2077 1493 2122 Cataneus
1509 2075 1565 2121 de
1579 2079 1696 2120 Lacu
1712 2074 1918 2119 Marcino
1934 2107 1946 2125 ‚
1961 2074 2235 2131 Genuensisj

398 2144 594 2189 Τνειὲἷατ.
632 2146 680 2191 de
699 2144 857 2191 Morbo
878 2146 1040 2189 Gallico
1056 2182 1070 2198 ,
1090 2159 1209 2189 anno
1251 2159 1265 2186 1
1283 2161 1297 2203 5
1316 2159 1329 2185 1
1343 2148 1384 2186 6.
1415 2145 1568 2187 Petrus
1599 2138 1871 2198 Maynardus
1888 2172 1900 2190 ,
1933 2140 2198 2187 Veronensis
2215 2173 2232 2195 ,

399 2210 594 2254 Τνιιὲῗαι.
616 2226 645 2255 1.
669 2210 717 2255 de
738 2208 896 2256 Morbo
914 2210 1078 2255 Gallico
1093 2247 1108 2262 ,
1131 2224 1249 2253 anno
1278 2224 1292 2251 1
1310 2228 1325 2269 5
1343 2224 1357 2250 1
1373 2212 1412 2252 8.
1432 2208 1625 2258 Ioannes
1644 2203 1903 2254 Mamrdus,
1916 2204 2202 2251 Ferrariensis
2215 2239 2230 2259 ,

398 2270 558 2336 ‚Epistol
595 2291 633 2319 2.
657 2276 706 2320 de
722 2274 877 2320 Morbo
897 2275 1061 2320 Gallico
1082 2312 1095 2327 ,
1113 2290 1231 2319 anno
1259 2289 1339 2335 153
1357 2293 1397 2332 3.
1420 2268 1618 2331 Aloysius
1634 2269 1836 2319 Lobera‚
1852 2267 2080 2314 Abulanus
2095 2303 2107 2322 ,
2125 2273 2232 2317 Me-

398 2337 526 2384 dicus
548 2338 768 2386 Caesareus
784 2372 796 2390 ‚
812 2343 854 2385 in
880 2338 974 2385 Lib.
999 2339 1048 2383 a'e
1067 2354 1241 2402 quatuor
1261 2341 1406 2383 aulicis
1421 2334 1771 2398 oAEgritndinibns
1791 2332 2030 2397 Hispanice
2046 2333 2230 2399 scripto,

398 2419 518 2449 anno
556 2422 572 2449 1
590 2421 609 2469 5
627 2423 697 2464 34.
729 2407 883 2450 Petrus
901 2403 1108 2450 Andraeas
1127 2401 1392 2449 Matthiolus
1411 2435 1424 2453 ,
1449 2398 1648 2448 Senensis
1669 2433 1682 2454 ,
1714 2403 1756 2445 in
1777 2398 1973 2462 Opuscul.
2002 2397 2050 2443 cle
2069 2400 2230 2446 Morbo

394 2470 562 2514 Gallico
579 2508 593 2523 ,
619 2486 736 2514 anno
764 2487 778 2513 1
798 2485 817 2532 5
834 2477 901 2530 36,
938 2467 1342 2532 Ioannes-Baptista
1368 2470 1611 2512 Montanus
1629 2499 1641 2517 ,
1680 2461 1947 2510 Veronensis
1966 2495 1977 2514 ‚
1996 2465 2143 2509 Τνιτὲἳ.
2180 2466 2230 2511 de

397 2532 558 2580 Morbo
585 2537 746 2580 Gallico
764 2572 777 2588 ,
801 2551 917 2580 anno
952 2553 967 2579 1
987 2551 1005 2598 5
1023 2550 1098 2599 50.
1127 2533 1350 2579 Antonius
1372 2531 1501 2577 Musa
1520 2529 1787 2576 Brass'avolus
1804 2562 1816 2579 ‚
1847 2526 2126 2574 Feri-ariensis
2141 2562 2153 2580 ‚
2186 2533 2229 2574 in

397 2596 497 2642 Lib.
519 2598 566 2643 de
593 2599 750 2645 Morbo
773 2602 966 2653 Gallico,
982 2617 1100 2645 anno
1129 2618 1143 2644 1
1163 2617 1181 2663 5
1200 2616 1273 2662 52.
1304 2596 1486 2644 Gabriel
1505 2594 1721 2660 Fallopius
1737 2627 1750 2647 ,
1767 2591 2031 2639 Mutinensis
2045 2626 2059 2645 ‚
2077 2595 2225 2639 Trail.

400 2663 451 2709 de
473 2663 631 2708 Morbo
650 2666 812 2709 Gallico
827 2703 841 2717 ‚
863 2680 953 2728 cap,
982 2686 1021 2726 3.
1043 2682 1162 2710 anno
1190 2681 1205 2708 1
1226 2672 1330 2729 560.
1354 2667 1441 2709 δίε.

462 2731 562 2773 ΙΙΙ.
596 2728 731 2789 Quod
754 2727 784 2772 fi
805 2730 1087 2776 oculatorum
1105 2745 1173 2775 tot
1193 2727 1367 2776 testium
1394 2725 1654 2772 a11&oritate
1674 2723 1894 2770 dubitatio
1927 2739 2022 2768 non
2049 2720 2228 2768 tollatur

400 2791 548 2839 omnis
564 2826 575 2844 ,
596 2810 862 2857 quamquam
885 2795 1043 2858 leprosl
1062 2812 1180 2840 nunc
1207 2793 1308 2839 raro
1338 2791 1463 2838 obvii
1482 2789 1564 2835 sint
1580 2823 1592 2841 ,
1613 2807 1724 2853 quos
1742 2807 1843 2835 cum
1871 2787 2046 2834 infestis
2062 2787 2135 2834 lue
2152 2804 2231 2834 ve-

400 2857 534 2903 nerea
557 2857 689 2904 liceat
721 2857 927 2905 conferre
947 2893 959 2911 ,
981 2857 1099 2924 poffe
1121 2875 1270 2904 tamen
1290 2856 1314 2902 a
1333 2856 1493 2920 quovis
1523 2853 1652 2900 facile
1675 2854 1829 2916 colligi
1850 2853 1969 2899 luem
1989 2869 2229 2899 veneream

401 2921 426 2967 ὲ
445 2922 567 2984 lepizi
599 2922 838 2986 plurimum
867 2923 1050 2972 differre
1065 2959 1077 2977 ,
1097 2924 1126 2970 fi
1147 2923 1265 2986 signa
1285 2921 1415 2987 leprae
1432 2920 1583 2966 omnia
1603 2954 1615 2972 ,
1634 2937 1728 2983 quae
1756 2919 1811 2965 ab
1833 2917 2066 2965 Avicenna
2085 2951 2097 2968 ‚
2126 2916 2223 2963 Lib.

398 3006 445 3043 4.
466 2991 566 3032 Fen.
592 3008 626 3047 ς.
651 2990 796 3035 Τνιιιῖἷ.
827 3010 858 3051 3.
883 3004 980 3055 cap.
1006 3008 1043 3035 2.
1066 2991 1090 3036 a
1113 2987 1352 3035 Gordonio
1373 3021 1385 3040 ‚
1412 2987 1572 3033 Philon.
1600 2988 1790 3048 particul.
1812 3001 1840 3030 1.
1870 2999 1960 3047 cap.
1984 3000 2049 3028 22.
2071 2981 2095 3025 εὶ
2114 2980 2229 3025 Gui-

398 3052 520 3099 done
538 3052 592 3098 de
610 3054 823 3100 Cauliaco
839 3087 852 3107 ,
872 3062 1048 3119 Magnae
1069 3055 1269 3113 Chirurg.
1291 3053 1436 3098 Traae.
1457 3058 1496 3097 6.
1518 3052 1710 3097 Dostrin.
1731 3067 1761 3095 1.
1782 3064 1874 3113 cap.
1898 3066 1935 3093 2.
1961 3052 2006 3092 δε
2023 3045 2047 3090 a
2068 3044 2228 3110 pleris-

397 3132 487 3178 que
505 3117 832 3182 antiquioribus
852 3119 1119 3166 Aridior-ibus
1139 3114 1290 3185 paffiin
1312 3115 1596 3164 recensentur
1628 3120 1674 3162 &
1701 3131 1795 3178 quae
1810 3111 1959 3159 omnia
1975 3110 1998 3155 εὶ
2012 3109 2230 3156 Conrado

395 3180 600 3233 Gesnero
631 3187 673 3231 in
699 3188 906 3232 Examine
923 3186 1161 3249 leprosorum
1181 3181 1495 3234 accuratissime
1518 3179 1703 3228 colle<sta
1722 3179 1821 3227 sunt
1839 3210 1853 3230 ,
1875 3193 1976 3222 cum
2003 3175 2121 3223 notis
2145 3174 2234 3229 luis
