2477 3643
227 462 366 515 ¹498.

446 155 548 214 2432'
809 149 920 197 DE
985 143 1952 195 MORBISVENEREIS.

449 228 610 280 occulti
623 230 719 294 fieri
739 235 986 296 proprietate
1007 229 1055 275 de
1076 225 1285 284 caelestibus
1304 221 1532 288 corporibus
1563 241 1771 274 emanante
1794 249 1805 274 ‚-
1839 245 1934 292 quae
1950 222 2119 293 singula
2135 230 2284 289 Joan3
2343 234 2346 239 “

453 315 532 345 nes
550 295 800 344 Manardus
819 295 947 344 ἀοᾶὲ
966 292 1182 341 confutat.

519 429 546 473 S
565 443 589 472 E
608 444 633 472 B
649 443 681 474 A
700 444 717 472 s
735 444 762 471 T
780 444 794 470 1
815 441 846 471 A
862 440 891 467 N
911 439 939 468 u
958 439 976 466 s
1024 424 1064 468 A
1080 438 1155 477 Qu
1172 439 1187 466 1
1208 439 1231 467 L
1250 437 1280 466 A
1296 437 1324 466 N
1344 439 1372 470 U
1391 438 1427 467 s,
1466 425 1702 483 Ignoratur
1734 421 1861 483 hujus
1901 422 2074 470 Medici
2109 434 2281 475 nomen?

455 490 488 538 fi
515 509 605 538 vox
624 525 637 543 ,
657 493 896 553 Aquilanus
909 526 924 541 ,
944 487 1132 551 patriam
1152 503 1198 532 ut
1215 486 1393 533 videtur
1415 485 1610 548 designet
1630 519 1642 537 ‚
1675 504 1722 531 ac
1742 487 1817 533 ille
1837 488 2050 535 oriundus
2069 487 2206 536 fuerit
2223 507 2277 536 ex

458 556 571 602 urbe
591 553 839 628 Episcopali
858 551 1055 615 Aquilai,
1083 568 1178 614 quae
1211 552 1464 616 Metropoli
1493 554 1704 596 Romanae
1732 551 1884 596 subest.
1917 558 1969 599 In
1997 553 2188 618 Epistola
2220 554 2279 601 ad

460 622 744 669 Lud0v1cum
766 618 822 664 de
843 621 1057 679 Gonzaga
1073 649 1086 669 ,
1107 614 1372 680 Episcopum
1393 619 1698 662 Mantuanum
1715 613 1901 679 scripta,
1931 618 1974 664 se
1998 617 2166 665 referre
2187 620 2250 664 ait
2264 651 2279 672 ‚

461 704 544 750 qua
563 685 698 731 diebus
715 683 856 747 elapfis
877 682 924 727 de
946 683 1176 744 aegritndine
1194 719 1209 735 ,
1236 699 1357 744 quam
1374 680 1577 728 Morbum
1602 681 1808 726 Gallicum
1826 697 1977 727 vocant
1995 720 2008 735 ‚
2028 684 2140 747 apud
2157 687 2282 729 Prin-

461 755 564 814 cipes
573 750 665 809 suos
685 748 890 812 disputata
914 761 1029 792 erant
1048 765 1059 790 ς
1081 745 1242 808 quibus
1262 747 1442 792 videtur
1462 744 1744 790 subindicare
1762 743 2107 808 disputationem
2127 752 2282 794 Ferra-

462 815 534 860 riae
564 813 792 865 habitam,
829 812 886 857 de
918 810 1005 874 qua
1040 811 1166 876 plura
1195 810 1302 857 vide
1333 812 1380 857 in
1412 810 1598 856 articulo
1623 811 1692 854 De
1710 813 1946 855 Leoniceno.
1977 812 2088 857 Sane
2117 814 2284 859 constat

460 878 743 925 Ludovicum
763 881 1023 939 Gonzagam
1041 909 1054 928 ,
1083 876 1160 938 qui
1186 875 1409 921 Ludovici
1430 877 1626 920 Mantuae
1644 873 1923 919 Mai-chionis
1946 878 2286 940 quartogenitus

458 959 555 990 erat
572 977 584 995 ‚
612 943 770 990 Sedem
793 946 1085 987 Mantuanam
1107 939 1291 987 tenuiffe
1310 940 1366 987 ab
1385 957 1503 985 anno
1532 943 1666 1000 1483.
1699 938 1756 984 ad
1790 956 1955 985 annum
1983 939 2120 1004 usque
2145 958 2225 1005 151
2243 960 2284 989 1.

457 1026 549 1072 quo
575 1006 669 1053 fato
689 1008 862 1053 fundtus
891 1006 963 1053 est.
998 1006 1145 1050 Potuit
1165 1023 1274 1069 ergo
1304 1023 1354 1052 ea
1375 1003 1565 1070 Epistola
1593 1003 1649 1048 ad
1679 1003 1806 1050 illum
1839 1003 1968 1050 facile
1994 1005 2127 1052 scribi
2160 1024 2281 1053 anno

464 1078 597 1131 1498.
627 1089 674 1118 ut
694 1073 763 1118 vel
793 1073 898 1117 inde
917 1070 1069 1133 colligi
1091 1068 1209 1134 posse
1233 1070 1411 1117 videtur
1428 1104 1441 1123 ,
1476 1067 1599 1132 quod
1635 1068 1909 1114 Sebastianus
1930 1072 2155 1117 neminem
2183 1071 2284 1117 lau-

458 1139 534 1184 det
552 1172 563 1189 ,
585 1138 786 1184 laudetur
816 1137 925 1183 vero
944 1134 1034 1197 ipse
1051 1137 1073 1180 ai
1094 1135 1263 1186 Iacobo
1283 1137 1484 1181 Cataneo
1502 1134 1559 1180 de
1579 1137 1695 1179 Lacu
1714 1134 1923 1179 Mai-cino
1941 1135 2026 1180 una
2048 1154 2149 1182 cum
2167 1140 2284 1183 Leo-

457 1202 620 1249 niceno
648 1207 693 1248 δέ
715 1201 928 1253 ΤοῖεΙΙὲι,
959 1200 1045 1245 hoc
1077 1202 1135 1247 est
1167 1217 1268 1246 cum
1297 1200 1449 1265 primis
1489 1204 1533 1245 ὃς
1569 1197 1873 1261 antiquissimis
1901 1201 2201 1265 Scriptoribus
2225 1201 2286 1249 de

457 1267 531 1314 lue
554 1267 761 1314 venerei.

532 1334 714 1378 Constat
743 1349 839 1378 eam
869 1328 1077 1393 Aquiloni
1098 1328 1332 1390 Epistolam
1363 1345 1455 1375 non
1482 1325 1620 1374 modo
1649 1326 1815 1373 editam
1846 1326 1971 1374 fuiffe
1999 1346 2118 1375 anno
2142 1348 2278 1394 1517.

457 1397 667 1444 Bononiae
690 1397 735 1442 in
771 1402 812 1442 8.
844 1395 959 1460 apud
990 1395 1277 1440 Beneditftum
1300 1396 1544 1440 Hectorem
1580 1410 1680 1437 cum
1716 1395 1876 1437 Marco
1917 1395 2164 1440 Gattinaria
2209 1402 2283 1443 De

455 1465 581 1507 Curis
603 1461 877 1526 agritudinum
897 1462 1244 1524 particularinms
1273 1459 1444 1504 Gentili
1471 1457 1527 1503 de
1558 1457 1769 1519 Fulgineo
1786 1490 1798 1506 2
1830 1456 1964 1502 Blasio
1992 1460 2164 1505 Astario
2185 1494 2197 1513 ‚
2230 1466 2279 1508 δεῖ

456 1525 630 1572 Caesare
644 1518 922 1589 Landulpho3
939 1522 1011 1569 sed
1029 1523 1236 1586 Lugduni
1253 1524 1368 1587 typis
1384 1522 1501 1587 prius
1518 1523 1721 1568 excuiam
1735 1520 1859 1568 fuisse
1877 1539 1994 1568 anno
2018 1541 2031 1567 1
2051 1534 2150 1585 506.
2166 1527 2284 1590 apud

462 1590 738 1654 Bevelaque‚
756 1590 802 1636 in
822 1609 866 1647 4.
884 1588 971 1635 unzi
992 1606 1089 1633 cum
1112 1591 1268 1633 Marco
1292 1588 1539 1633 Gattinaria
1553 1619 1566 1638 ,
1587 1584 1721 1632 Blafio
1739 1586 1908 1631 Astario
1929 1591 1974 1631 δε
1994 1588 2126 1634 Blasio
2144 1591 2284 1638 Caesa-

455 1672 505 1704 re
522 1655 788 1719 Landulpho
804 1689 816 1706 ‚
835 1670 881 1699 ut
901 1652 1056 1698 videte
1073 1654 1132 1698 est
1146 1652 1258 1715 apud
1281 1650 1584 1698 Mercklinum
1598 1651 1644 1695 in
1662 1651 1802 1697 verbo
1819 1656 2006 1697 Marcus
2020 1657 2278 1701 Gottinaria.

518 1725 571 1766 In
599 1720 649 1766 efi
669 1717 854 1784 Epistol&
880 1719 1115 1764 declarator
1137 1716 1266 1781 primo
1287 1756 1301 1771 ,
1328 1735 1402 1780 qno
1424 1721 1576 1762 nomine
1606 1715 1745 1761 debeat
1774 1717 1979 1778 appellari
2013 1716 2091 1763 haec
2123 1724 2283 1782 aegritu-

450 1784 507 1830 'do
524 1823 538 1838 ,
560 1786 609 1834 (ξ’
629 1783 737 1847 quod
757 1789 797 1830 in
818 1785 968 1831 Galeni
989 1782 1189 1846 Operibus
1209 1787 1398 1827 memoria
1420 1780 1616 1827 habeatnr
1637 1800 1646 1825 ;
1672 1781 1716 1824 in
1740 1784 1859 1839 cujus
1875 1779 2099 1842 opinionis
2117 1784 2283 1830 confir-

454 1849 700 1895 mationem
726 1849 824 1895 loca
844 1865 932 1893 non
950 1864 1087 1909 pauca
1107 1847 1129 1892 ὲ
1148 1846 1320 1892 Galeno
1340 1846 1520 1892 adducit
1541 1850 1612 1890 De
1631 1845 1921 1909 Elephantiafi
1935 1883 1950 1899 ,
1976 1860 2024 1891 ut
2043 1845 2158 1892 hanc
2180 1867 2282 1896 cum

455 1913 626 1960 Morbo
646 1913 821 1960 Gallico
849 1911 1053 1960 eamdem
1075 1909 1160 1957 effe
1188 1926 1375 1957 conetur
1399 1913 1604 1956 astruere.

523 1977 710 2024 Secundo
734 1976 832 2023 verb
854 2016 867 2031 ,
889 1995 940 2021 an
971 1979 1065 2020 talis
1089 1975 1244 2020 morbus
1259 1978 1316 2034 fit
1340 1994 1438 2020 unns
1456 1978 1525 2020 vel
1550 1977 1685 2038 plures
1703 1980 1723 2019 ?
1751 1975 1805 2018 Et
1831 1989 1969 2019 unum
1989 1974 2074 2021 effe
2092 2009 2105 2027 ,
2121 1978 2282 2042 nempe

457 2040 786 2105 elephantiasim
811 2042 944 2085 solam
971 2042 1137 2084 Auster
1160 2041 1434 2102 pronuntiat.

517 2105 661 2151 Tertio
680 2111 795 2151 venit
820 2110 859 2150 in
879 2106 1115 2149 rationalem
1136 2121 1275 2149 curam
1289 2142 1305 2158 ‚
1327 2120 1420 2166 quae
1438 2107 1557 2163 juxta
1576 2118 1677 2147 eum
1695 2100 1922 2164 perficitur
1942 2103 2086 2148 Dim}
2103 2143 2117 2157 ,
2136 2105 2280 2151 Phar..

456 2168 592 2216 maa-id
614 2169 665 2216 ὠ
684 2168 911 2231 Chirurgid
929 2187 938 2212 ;
966 2166 1106 2213 Diem}
1127 2205 1138 2220 ‚
1156 2168 1241 2229 qu&
1259 2167 1554 2230 praescribitur
1574 2168 1714 2211 rectus
1735 2163 1832 2210 usus
1859 2181 2006 2211 rerum
2028 2185 2120 2213 non
2141 2184 2276 2215 natu-

459 2233 617 2279 talium
636 2251 647 2286 3
673 2230 926 2280 pharmacia}
944 2271 957 2286 ,
981 2248 1074 2294 quae
1097 2230 1490 2296 variasuppeditat
1512 2230 1707 2277 remedia
1725 2263 1738 2281 ‚
1770 2230 2003 2293 purgantia
2022 2265 2035 2283 ‚
2068 2232 2282 2295 digeren-

459 2297 521 2343 tia
542 2332 554 2350 ,
577 2299 807 2344 alterantia
827 2332 839 2350 ,
871 2298 988 2343 inter
1017 2312 1110 2359 quae
1137 2296 1377 2359 plurimum
1399 2296 1549 2342 laudat
1578 2295 1733 2340 vinum
1770 2294 2050 2357 viperarum3
2083 2298 2279 2346 Demurn

461 2362 691 2426 Chirurgid
707 2402 721 2417 ,
749 2381 834 2428 ope
854 2362 1021 2408 scilicet
1041 2360 1354 2425 phlebotomiae
1371 2395 1384 2414 ,
1410 2366 1454 2407 δε
1477 2360 1693 2425 unguenti
1728 2376 1818 2422 quo
1858 2358 2007 2406 ulcera
2031 2364 2279 2426 &.pustulae

458 2426 708 2473 illinuntur.

517 2492 569 2537 Id
588 2509 724 2537 unum
747 2507 901 2537 notatu
923 2492 1107 2555 dignum
1128 2489 1305 2536 videtur
1322 2524 1335 2543 ,
1353 2490 1474 2553 quod
1494 2489 1540 2535 in
1559 2487 1883 2553 compositione
1910 2490 2126 2552 unguenti
2150 2494 2281 2539 Mera

461 2556 633 2601 curium
662 2556 866 2602 admittat
888 2557 943 2601 ad
972 2571 1142 2620 partem
1161 2554 1381 2600 decimam
1408 2554 1625 2617 quintam.
1659 2557 1720 2600 At
1745 2554 1853 2599 vero
1874 2552 2103 2617 sequentia
2120 2555 2280 2604 imme·-

207 2634 261 2682 (ιι)
281 2636 368 2682 Cap.
384 2643 415 2679 3.
459 2622 578 2667 diate
601 2621 764 2666 subdit.
782 2645 802 2658 ‹·
823 2621 895 2666 Ab
924 2621 1003 2666 hac
1023 2624 1086 2679 (a)
1106 2635 1253 2664 tamen
1279 2619 1490 2667 undtione
1516 2634 1699 2664 caveant
1715 2651 1728 2670 ‚
1748 2619 1826 2681 qui
1855 2617 1955 2664 sunt
1971 2618 2131 2665 debilis
2151 2639 2279 2666 com-

244 2897 374 2938 1499·

245 2980 377 3026 1500.

456 2709 486 2729 ›-
507 2685 724 2748 plexionis
752 2704 762 2738 3
796 2686 962 2732 etenim
994 2683 1137 2748 potius
1164 2683 1393 2746 sophistica
1419 2683 1648 2729 invenitur
1679 2683 1813 2747 quam
1842 2700 1947 2729 vera
1983 2703 1993 2728 :
2028 2687 2149 2730 Nam
2180 2685 2276 2733 vidi

459 2774 486 2794 υ
506 2749 599 2796 fere
620 2767 773 2796 omnes
793 2749 1042 2797 recidiviffe
1065 2764 1114 2793 ut
1139 2747 1274 2812 ptius.
1301 2747 1390 2795 Sed
1417 2747 1446 2792 fi
1472 2747 1568 2811 quis
1594 2747 1681 2794 hoc
1706 2747 1796 2812 pati
1816 2748 1956 2810 potest
1971 2781 1986 2801 ,
2006 2763 2200 2796 curatur.

521 2881 560 2923 G
579 2892 611 2923 A
630 2893 647 2922 s
665 2894 688 2922 P
705 2892 736 2922 A
755 2894 787 2923 R
855 2881 895 2922 T
913 2894 941 2922 o
961 2895 993 2923 R
1007 2894 1028 2922 E
1045 2894 1068 2922 L
1086 2894 1110 2922 L
1127 2892 1159 2922 A
1183 2910 1195 2929 ‚
1229 2876 1452 2941 Hispanus
1473 2908 1486 2929 ,
1523 2890 1649 2920 natus
1687 2877 1745 2922 est
1778 2875 1989 2922 Valentia:
2028 2881 2075 2923 in
2112 2879 2278 2944 Hispa-2

459 2942 533 2988 nia
559 2961 612 2988 ex
640 2959 762 3006 patre
784 2943 969 2987 Medico
998 2941 1194 2994 celebri3
1225 2967 1249 2983 υ
1271 2941 1462 2987 Genitor
1487 2957 1609 2986 meus
1629 2973 1641 2991 ,
1662 2944 1790 3003 inquit
1824 2943 1901 3005 ipfi’
1920 2980 1935 2994 ,
1964 2946 2006 2987 in
2035 2945 2274 3003 Praefatione

460 3030 488 3049 ,ι
516 3007 714 3070 praemzssoi
747 3007 1009 3053 Trafflasibus
1034 3010 1104 3052 De
1130 3006 1290 3052 dolore
1312 3012 1356 3052 ὃ(
1379 3006 1435 3052 de
1461 3004 1684 3051 ulceribus
1710 3007 1756 3051 in
1789 3006 2075 3069 pudendagra
2092 3041 2105 3059 ‚
2126 3008 2276 3054 Media

462 3096 488 3114 η
510 3088 583 3116 cus
618 3071 733 3121 fuit,
767 3075 885 3131 cujus
922 3072 1136 3117 memoria
1160 3070 1221 3116 ob
1246 3071 1375 3130 hujus
1404 3070 1507 3116 artis
1535 3069 1743 3116 eximiam
1773 3070 1979 3133 peritiam
2010 3071 2275 3135 sempiterna.

462 3161 488 3181 v
512 3136 610 3181 erit.
648 3134 827 3198 Insuper
855 3134 998 3181 sumus
1024 3135 1106 3181 hac
1127 3138 1380 3200 tempestate
1400 3151 1486 3180 tres
1505 3134 1705 3196 germani
1727 3134 1781 3179 ab
1815 3135 1976 3181 eodem
2006 3152 2131 3198 patre
2150 3136 2277 3200 nati}

465 3224 492 3258 2·
509 3200 557 3245 in
581 3200 735 3248 eadem
754 3199 973 3247 Facultate
993 3203 1211 3252 DoCtores
1229 3233 1243 3256 ,
1269 3200 1386 3248 inter
1404 3216 1514 3262 quos
1531 3197 1622 3263 ipse
1642 3198 1850 3246 minimus
1869 3199 1980 3246 sum.

2071 3260 2277 3317 Innotuit
